2356 3854
129 171 192 236 350
354 166 429 231 nno
445 172 476 230 r.
494 136 611 231 Auum
625 170 769 230 Mlbolll:
786 136 940 266 onnrro.
971 124 988 145 '¹

127 331 207 384 ctum
231 329 293 394 est,
312 319 416 382 Miloni
443 320 570 381 insidias
591 322 764 381 collocaret.
814 316 921 396 Atque
941 314 994 383 ita'
1008 324 1134 398 proiectu
1157 321 1174 363 n

126 413 182 478 est,
200 412 233 463 ut
251 403 424 464 contionem
438 404 648 474 turbulentam,
663 402 694 462 in
710 420 772 478 qua
787 403 854 463 eius
870 405 958 464 luror
971 406 1136 469 desideratus

126 495 181 559 est,
197 501 276 561 quae
287 486 338 546 illo
351 486 420 561 ipso
433 486 482 546 die
494 485 595 547 habita
606 496 663 558 est,
678 486 882 561 relinqueret,
899 505 994 562 quam
1009 488 1067 549 nisi
1078 490 1137 550 obire
1160 487 1170 543 l

126 568 270 630 facinoris
292 571 392 629 locum
414 578 595 651 tempusque
610 569 775 641 voluisset,
797 585 968 644 numquam
982 572 1138 646 reliquisset
1161 570 1174 612 l·

124 651 175 714 28.
190 653 260 711 Milo
273 661 373 713 autern
386 669 479 727 quum
491 651 522 712 in
537 661 645 712 senatu
662 653 772 713 luisset
788 667 826 712 eo
842 651 904 727 die,
920 656 1029 729 quoad
1044 663 1139 716 senatu
1163 654 1174 731 ἓ

128 743 177 795 est
198 735 359 806 dimissus,
374 736 497 795 domum
522 735 611 807 venit,
629 736 757 794 calceos
774 742 804 795 ει
827 736 1018 797 vestimenta
1037 738 1144 827 mutarit,

125 820 307 893 paullisper,
333 819 403 878 dum
419 835 453 879 se
466 835 559 892 uxor,
581 825 614 877 ut
629 817 676 888 fit,-
698 825 869 892 comparat‚
888 830 1093 881 commoratus
1103 829 1140 891 cst
1163 819 1174 874 l

116 998 162 1057 ‘eo
178 984 227 1044 die
240 986 366 1044 Romam
387 992 532 1044 venturus
554 991 625 1055 erat,
646 981 746 1042 redire
762 983 929 1058 potuisset.
979 986 1026 1046 Ob
1043 989 1109 1046 viam
1119 988 1141 1046 it
1163 986 1168 1025 ἓ

124 1065 154 1126 ei
169 1068 305 1139 Clodius,
329 1067 504 1141 expeditus,
527 1068 556 1125 in
579 1082 673 1140 equo,
696 1067 778 1125 nulla
792 1065 906 1138 rheda,
930 1069 1028 1128 nullis
1043 1069 1139 1144 impedi·
1161 1073 1174 1151 ᾗ

124 1149 242 1222 mentis,
257 1150 346 1209 nullis
359 1148 483 1218 Graecis
496 1149 665 1219 comitibus,
681 1157 714 1208 ut
728 1149 854 1220 solebat,
865 1149 945 1208 'sine
961 1166 1068 1225 uxore,
1081 1152 1138 1226 qnod
1162 1154 1174 1197 'l

124 1313 295 1373 faciendam
312 1324 505 1387 apportasset,
528 1331 596 1374 cum
617 1307 715 1373 uxore
736 1312 896 1373 veheretur
911 1315 941 1373 in
959 1317 1071 1388 rheda,
1088 1331 1136 1390 pac
1158 1315 1161 1321 ’

125 1396 261 1470 nuletus‚
285 1412 394 1470 magno
414 1405 444 1456 et
466 1397 613 1469 impedito
635 1406 665 1456 et
683 1395 821 1473 muliebri
835 1412 872 1456 ac
888 1397 1135 1460 delicatoaneilla·
1166 1406 1174 1446 l

123 1494 190 1537 rum
206 1493 428 1552 puerorumque
443 1479 593 1539 comitatu.
610 1477 659 1538 29.
674 1477 720 1538 Fit
735 1479 774 1538 ob
788 1479 867 1538 viam
887 1479 999 1541 Clodio
1015 1490 1082 1557 ante
1093 1482 1133 1539 lm·
1157 1482 1168 1526 l

126 1549 198 1620 dum
213 1560 278 1621 eius
293 1561 368 1621 hora
384 1562 447 1620 lere
461 1562 620 1623 undecima
641 1570 769 1621 autnon
790 1563 883 1622 multo
905 1553 1014 1623 secu's.
1054 1562 1132 1623 Satin
1156 1558 1173 1611 nl

126 1645 297 1719 complures
318 1661 385 1703 cnm
411 1644 479 1704 telis
504 1645 535 1703 in
556 1641 645 1706 hunc'
662 1645 775 1703 faciunt
788 1645 828 1704 de
843 1646 913 1705 loco
932 1645 1131 1721 superiorein
1157 1648 1174 1689 2⁴

124 1735 242 1802 petum=
271 1728 393 1788 adversi
414 1727 587 1787 rhedarium
609 1728 761 1788 occidunt.
812 1726 909 1800 Quum
932 1737 1038 1809 autepr
1054 1727 1131 1787 bic'lc

124 1810 219 1870 rheda
233 1810 346 1871 reiecta
362 1813 492 1885 paenula
508 1811 682 1870 desiluisset
705 1825 802 1883 seque
818 1811 881 1869 acri
896 1810 1002 1872 animo
1017 1810 1130 1871 deiende
1157 1814 1174 1863 -b

124 1902 184 1966 ret,
199 1893 255 1964 illi,
274 1895 326 1967 qui
342 1904 427 1954 crant
440 1911 508 1952 cum
525 1893 638 1967 Clodio,
653 1891 762 1967 gladiis
777 1893 911 1966 eductis,
927 1894 1040 1974 parlim
1054 1906 1131 1952 recur-
1160 1889 1174 1943 ‘l

125 1991 192 2034 rere
217 1977 255 2034 ad
275 1977 415 2048 rhedam,
443 1984 475 2035 ut
503 1993 519 2034 a
547 1985 632 2049 tergo
646 1975 788 2040 llllilonem
811 1975 1022 2048 adorirentur,
1043 1975 1132 2050 partin,
1159 1965 1174 2028 lt

128 2058 209 2130 quod
225 2059 305 2117 hunc
321 2059 379 2117 iam
395 2061 581 2118 interiectum
599 2066 752 2132 putarent,
778 2060 907 2117 caedere
928 2059 1077 2134 incipiunt
1089 2058 1132 2116 eiu
1167 2071 1174 2111 l

125 2155 246 2210 servos,
273 2143 324 2214 qui
342 2152 413 2214 post
427 2151 525 2201 crant:
549 2158 587 2200 ex
606 2142 715 2214 quibus
732 2140 784 2213 qui
799 2142 899 2200 animo
915 2142 1003 2200 fideli
1018 2142 1048 2202 in
1063 2139 1132 2200 doni·
1161 2153 1174 2191 n

125 2239 196 2281 num
211 2232 241 2283 et
257 2224 410 2298 praesenti
428 2226 562 2295 luerunt',
589 2224 694 2297 parlim
711 2223 806 2282 occisi
823 2231 907 2294 sunt,
925 2225 1053 2297 partim,
1068 2236 1133 2297 quun
1162 2229 1174 2274 ἵε

125 2307 295 2366 adrhedam
302 2307 430 2382 pugnari
439 2308 582 2377 viderent,
592 2306 902 2365 dominosuccurrcre
911 2307 1133 2380 prohiberentur.
1169 2322 1174 2355 ³

124 2389 265 2448 Milonem
282 2392 414 2450 occisum
432 2398 512 2450 etex
526 2389 596 2463 ipso
612 2388 716 2455 Clodio
731 2388 870 2451 audirent
890 2396 921 2447 et
935 2406 971 2450 re
988 2407 1062 2450 vera
1074 2396 1134 2464 putr-
1166 2403 1174 2440 ι

107 2480 200 2551 rent,
218 2474 354 2531 lecerunt
367 2474 398 2532 id
414 2474 494 2533 servi
509 2471 629 2532 Milonis
646 2505 680 2514 -
699 2471 796 2529 dicam
812 2470 892 2530 enim
910 2482 1022 2546 aparte
1037 2471 1136 2532 nonde
1168 2486 1174 2523 .:

124 2552 243 2612 rivandi
265 2555 397 2615 criminis
420 2572 526 2626 causo,
555 2555 610 2614 scd
631 2562 664 2612 ut
675 2554 785 2613 lactum
801 2562 848 2614 est
858 2561 904 2626 ,-’-
918 2571 981 2615 nec
997 2558 1137 2631 imperante
1169 2564 1174 2604 t

124 2651 180 2694 nec
193 2637 307 2696 sciente
319 2652 375 2695 nec
387 2646 548 2711 praesente
564 2635 698 2707 domino,
716 2638 797 2710 quod
814 2653 889 2696 suos
903 2638 1042 2713 quisque
1057 2649 1138 2699 senos
1171 2678 1174 2683 ,

123 2717 153 2777 in
170 2719 221 2779 tali
235 2735 267 2777 re
282 2721 383 2778 lacere
397 2719 553 2780 voluisset.
597 2720 647 2783 XL
663 2717 716 2778 30.
731 2720 829 2793 Haec,
853 2718 933 2779 sicut
951 2721 1098 2797 exposui,
1111 2719 1140 2776 iu

70 2798 73 2815 '
123 2809 209 2876 gesta
226 2811 303 2872 sunt,
322 2803 454 2862 iudices:
470 2801 628 2862 insidiator
643 2810 802 2875 superatus
818 2810 880 2870 est,
906 2804 935 2860 vi
955 2805 1038 2864 victe
1054 2806 1096 2864 vis
1107 2799 1140 2858 vel
1173 2810 1174 2817 ¹

124 2887 227 2959 polius
243 2902 394 2959 oppressa
409 2885 520 2946 virtute·
534 2885 662 2944 audacia
676 2893 731 2943 est.
765 2884 842 2973 ilihil
859 2884 929 2943 dico
949 2887 1026 2960 quid
1041 2899 1140 2959 respo

123 2969 203 3028 blica
226 2977 392 3029 consecuta
410 2970 462 3041 sit,
484 2967 558 3027 nihil
574 2967 647 3041 qnid
662 2983 736 3039 vos,
759 2967 831 3025 nihil
848 2967 921 3039 quid
945 2986 1058 3031 omnes
1074 2965 1140 3028 boni:

124 3052 196 3108 nihil
212 3070 286 3112 sane
301 3053 332 3111 id
346 3051 443 3126 prosit
456 3049 576 3122 Miloni,
601 3050 652 3124 qui
671 3049 807 3120 hocpfalo
829 3058 917 3108 natus
941 3059 1006 3126 est,
1030 3059 1140 3112 utnest

125 3133 245 3203 quidem
265 3149 387 3194 servare
400 3134 532 3209 potuerit
549 3133 620 3207 quin
636 3150 695 3192 una
708 3148 769 3190 rem
787 3132 938 3206 publicam
959 3151 1082 3210 vosque
1096 3144 1140 3190 scr·

124 3223 218 3274 veret.
263 3219 294 3276 Si
309 3220 340 3277 id
353 3218 417 3276 iure
433 3217 499 3276 lieri
516 3233 576 3276 non
595 3215 707 3290 potuit,
730 3215 803 3273 nihil
824 3215 925 3275 habeo
948 3220 1035 3292 quod
1057 3217 1139 3276 delen·

125 3291 203 3351 dem.
248 3299 300 3359 Sin
314 3301 373 3359 hoc
389 3310 418 3360 ει
432 3300 508 3359 ratio
526 3299 624 3359 doctis
636 3307 665 3357 et
681 3298 851 3357 necessitas
877 3300 1020 3360 barbaris
1042 3310 1071 3360 et
1091 3307 1140 3355 mos

123 3377 262 3447 gentibus
279 3389 308 3439 ct
322 3383 394 3439 ieris
411 3383 499 3441 etiem
514 3382 612 3441 beluis
625 3389 729 3439 natura
743 3380 812 3455 ipsa
826 3384 1039 3457 praescripsit,
1055 3389 1139 3442 utun
