2356 3854
351 165 447 226 cab.
464 172 596 228 el—ts.
618 172 645 233 S·
663 175 827 231 loa-114.
1045 172 1116 236 m·

81 323 134 376 est
150 320 269 388 aetum,
285 323 375 390 capla
388 316 463 376 urbe
478 323 570 389 atoue
586 332 752 391 oppressa,
768 317 911 391 Gellium,
926 316 1108 390 Firmidium,
1163 312 1167 318 ’

80 396 210 470 Glitium,
228 398 363 458 eiusdem
379 397 461 458 modi
476 399 570 458 lurias
583 398 642 459 illis
656 400 849 461 mercenariis
860 401 1003 476 gregibus
1015 402 1110 462 duces

82 489 115 542 ct
127 489 274 541 auctores
290 479 400 551 luisse,
423 498 516 555 quum
536 482 604 555 ipse
618 482 696 542 lator
714 483 788 543 nihil
807 484 845 543 ab
864 484 970 544 horum
985 483 1109 558 turpitu-

84 562 175 638 dine,
200 563 344 635 audacia,
366 562 508 624 sordibus
525 564 710 624 abhorreret.
744 568 786 627 At
804 584 896 641 quum
912 567 951 626 de
966 566 1110 640 dignitate

83 663 156 707 mea
170 645 336 718 lerebatur,
357 661 446 706 nemo
468 645 526 706 sibi
542 661 599 705 nec
613 647 1039 710 valetudiniscxcusatiouem
1053 665 1110 709 nec

84 729 254 791 senectutis
271 727 346 788 satis
368 728 478 789 iustam
499 728 629 804 putavit=
654 746 745 791 nemo
765 731 820 790 luit
842 731 893 805 qui
915 748 949 790 se
964 748 1025 791 non
1046 749 1110 792 reru

83 811 241 888 publicam
255 827 372 871 mecum
387 811 476 872 simul
490 827 636 873 revocare
652 813 682 872 in
697 829 769 873 suas
786 813 877 874 sedes
894 814 1095 876 arbitraretur.

170 894 245 955 LllI.
268 891 338 957 113.
365 894 531 956 Videamus
545 912 624 956 nuuc
638 896 758 956 comitia
775 896 1012 969 magistratuum.
1043 894 1111 957 Fuit

85 976 251 1052 collegium
264 993 362 1052 nuper
374 976 578 1052 tribunicium,
592 979 623 1037 in
640 996 701 1053 quo
714 987 775 1039 tres
788 977 924 1051 minime,
950 977 1109 1037 vehemen-

84 1069 133 1122 ter
143 1061 207 1121 duo
220 1061 388 1134 populares
402 1059 659 1122 existimabantur.
679 1061 727 1120 Ex
737 1060 784 1133 iis,
800 1062 853 1136 qui
870 1060 1034 1136 populares
1048 1076 1110 1120 non

84 1143 290 1215 habebantur,
314 1142 425 1217 quibus
444 1142 476 1201 in
493 1143 544 1202 illo
565 1160 677 1218 genere
699 1146 914 1204 conductarum
937 1141 1110 1202 contionum

86 1225 278 1287 consistendi
294 1233 433 1300 potestas
447 1241 508 1285 uon
523 1235 602 1300 erat,
628 1228 688 1286 duo
706 1227 855 1302 apopulo
867 1227 1005 1286 Romano
1021 1242 1109 1300 prae·

88 1318 171 1371 tores
191 1308 283 1371 video
303 1325 376 1369 esse
398 1310 511 1368 iactos=
537 1319 582 1382 et,
608 1318 752 1385 quantum
773 1308 963 1370 sermonibus
985 1307 1067 1382 vulgi
1081 1317 1111 1368 et

90 1391 244 1466 suffragiis
259 1391 426 1466 intelligere
447 1391 547 1467 potui,
566 1409 639 1467 prae
657 1409 691 1453 se
713 1394 847 1469 populus
860 1393 1016 1452 Romanus
1031 1392 1108 1461 lere·

87 1476 142 1536 bat
160 1472 220 1535 sibi
240 1472 322 1534 illum
343 1475 373 1534 in
393 1473 545 1536 tribunatu
563 1474 615 1540 Cn.
629 1474 898 1536 Domitii-animum
919 1482 1107 1534 constantem

88 1566 120 1619 et
134 1556 290 1632 egregium
305 1565 336 1617 et
352 1557 386 1630 Q.
400 1557 549 1618 Ancharii-
565 1559 656 1618 iidem
678 1574 714 1617 ac
732 1557 950 1629 fortitudinem,
971 1556 1061 1616 etiam
1081 1554 1108 1614 si

88 1640 164 1702 nihil
178 1654 270 1714 agere
286 1639 473 1714 potuissent,
495 1649 594 1700 tamen
611 1642 763 1700 voluntate
781 1639 850 1715 ipsa
868 1648 984 1713 gratam
1003 1637 1107 1697 luisse.

87 1725 151 1783 lam
168 1722 253 1782 dec.
267 1721 382 1781 Fannio
398 1739 478 1796 quae
494 1723 534 1782 sit
549 1721 729 1782 existimatio
751 1722 905 1781 videmus=
929 1721 1012 1793 quod
1031 1716 1107 1778 iudi·

88 1806 170 1866 cium
186 1803 291 1880 populi
310 1803 440 1865 Romani
461 1803 491 1862 in
513 1803 680 1866 honoribus
704 1802 770 1863 eius
792 1803 924 1863 loturum
945 1801 983 1860 sil
998 1798 1108 1860 nemini

87 1884 216 1949 dubium
232 1903 304 1948 esse
318 1886 417 1946 debet.
440 1884 510 1947 114.
529 1887 628 1960 Quid?
641 1886 804 1960 populares
822 1884 864 1944 illi
879 1885 940 1944 duo
954 1880 1026 1958 quid
1037 1898 1106 1957 ege·

86 1977 180 2032 runtt
204 1971 304 2040 Alter,
323 1968 375 2043 qui
390 1976 488 2029 lamen
504 1985 538 2029 se
553 1968 754 2041 continuerat,
776 1969 885 2029 tulerat
899 1964 986 2039 nibil,
1001 1981 1106 2025 sense-

87 2062 135 2114 rat
151 2060 265 2114 tantum
282 2053 321 2111 de
337 2068 371 2111 re
387 2051 508 2126 publica
522 2051 604 2113 aliud
618 2059 709 2127 atque
724 2050 863 2111 homines
878 2049 1107 2124 exspectabant,

89 2135 136 2196 vir
159 2143 190 2197 ct
210 2136 309 2195 bonus
330 2143 360 2194 et
379 2132 526 2194 innocens
548 2144 578 2195 et
604 2134 694 2195 bonis
716 2133 789 2195 viris
810 2148 931 2208 semper
950 2131 1106 2207 probatus,

89 2219 176 2294 quod
198 2233 306 2293 parum
331 2216 473 2277 videlicet
493 2216 639 2278 intellexit
654 2217 686 2276 iu
702 2216 854 2278 tribunatu
876 2216 949 2291 quid
964 2216 1036 2274 vcro
1052 2231 1106 2288 po-

87 2304 164 2378 pulo
183 2300 378 2376 probaretur,
409 2309 440 2361 et
462 2300 545 2375 quod
562 2301 645 2360 illum
666 2316 737 2361 esse
760 2301 906 2375 populum
929 2298 1108 2372 Romanum,

89 2384 142 2461 qui
158 2384 190 2444 in
206 2382 348 2444 contione
375 2378 453 2456 era't,
474 2383 686 2455 arbitrabatur,
709 2398 770 2442 non
791 2381 886 2443 tenuit
908 2395 977 2441 eum
996 2378 1107 2450 locum,

88 2468 119 2527 in
131 2483 238 2542 quern,
251 2464 311 2526 nisi
325 2464 483 2539 popularis
495 2457 566 2526 esse
577 2463 741 2538 voluisset,
756 2464 895 2523 facillime
906 2461 1107 2539 pervenisset.

87 2551 190 2622 Alter,
206 2547 258 2623 qui
271 2547 313 2607 ita
324 2564 359 2607 se
373 2548 403 2606 in
417 2547 557 2622 populari
567 2547 684 2608 ratione
698 2547 838 2619 iactarat,
852 2555 886 2607 ut
896 2543 1049 2620 auspicia,
1065 2544 1107 2601 le-

88 2648 160 2708 gem
174 2629 307 2703 Aeliam,
322 2637 445 2691 senalus
462 2629 681 2704 auctoritatem,
699 2631 872 2704 consulem,
890 2630 1039 2703 collegas,
1056 2624 1108 2687 bo-

89 2730 199 2776 norum
216 2711 361 2774 iudicium
377 2711 449 2773 nihil
467 2720 597 2786 putaret,
617 2713 797 2775 aedilitatem
817 2711 923 2788 petivit
937 2726 1005 2771 cunr
1018 2707 1107 2768 bonis

90 2797 165 2858 viris
183 2804 214 2857 et
227 2794 402 2857 hominibus
416 2794 537 2869 primis,
560 2796 691 2856 sednon
709 2792 980 2875 praestantissimis
997 2789 1107 2864 opibus

89 2888 121 2940 ct
134 2879 248 2954 gratim
272 2879 381 2939 tribum
403 2893 490 2938 suam
511 2893 572 2943 non
591 2877 672 2950 tulit,
695 2877 859 2937 Palatinam
880 2875 1027 2948 denique,
1053 2885 1109 2943 per

90 2978 184 3037 quam
199 2977 307 3021 omnes
328 2960 398 3021 illae
419 2968 526 3035 pestes
547 2975 659 3019 vexare
679 2976 742 3018 rem
757 2959 908 3034 publicam
923 2954 1108 3022 dicebantur,

88 3044 239 3121 perdidit:
265 3059 322 3104 nec
343 3041 508 3117 quidquam
522 3037 582 3101 illis
597 3040 725 3103 comitiis
742 3041 826 3117 quod
838 3038 912 3101 boni
928 3034 985 3096 viri
1000 3034 1110 3093 vellent

88 3126 151 3188 nisi
164 3128 320 3202 repulsam
333 3126 408 3186 tulit
436 3123 555 3184 Videtis
570 3124 660 3198 igitur
673 3124 819 3199 populum
835 3123 950 3198 ipsum,
964 3123 998 3178 ut
1011 3118 1053 3178 ita
1064 3116 1108 3176 di·

89 3226 174 3283 cam,
190 3209 250 3270 iam
264 3226 326 3270 non
339 3224 409 3268 esse
423 3207 617 3285 popularem,
636 3205 687 3280 qui
707 3207 748 3266 ita
761 3205 955 3266 vehementer
971 3216 1041 3289 eos,
1057 3196 1110 3275 qui

88 3293 259 3369 populares
275 3292 437 3364 habentur,
458 3295 598 3365 respuat,
622 3304 678 3349 eos
692 3296 807 3361 autem,
829 3285 883 3365 qui
896 3286 925 3347 ci
936 3284 1042 3367 generi
1055 3282 1108 3343 ad-

89 3383 265 3449 versantur,
277 3374 394 3437 bonore
407 3371 603 3450 dignissimos
618 3369 738 3433 iudicet.
759 3410 761 3419 ·
