2356 3854
75 151 134 230 [ιι
169 146 170 150 ‘
253 153 327 213 pao
351 152 433 212 sax.
449 151 587 213 Roscio
607 150 783 212 nnaarno
807 150 958 213 ortano.
1049 116 1052 129 '

95 305 177 365 etde
195 303 323 364 caeteris
342 304 450 363 talibus
467 301 538 363 viris
555 301 777 363 existimabant
814 304 920 378 ltaque
945 321 985 365 ex
1000 305 1137 371 minirnt:

94 387 334 460 tenuissimaque
348 402 382 444 re
398 385 522 461 publica
538 385 700 444 maximam
720 394 750 445 et
738 385 1018 449 tllorenIIssimam
1031 386 1112 450 nobit

94 470 288 543 reliquerunt.
326 468 406 528 Suos
425 468 505 528 enim
520 485 612 542 agros
631 468 768 530 studiose
791 454 946 544 colebant,
968 488 1029 531 non
1047 471 1126 533 alie'

94 569 153 613 nos
170 553 280 628 cupide
297 561 391 627 appet
379 553 496 613 t=ebant
521 551 631 625 quibus
645 551 739 613 rebus
757 559 787 612 et
800 551 882 626 agris
904 561 934 614 et
948 554 1070 616 urbibus
1086 560 1107 614 ct

94 645 146 697 nat
134 636 266 697 tionibus
287 652 352 696 rem
372 636 523 710 publicam
541 643 633 710 atque
647 634 729 694 hoc
721 635 880 710 imperium
894 645 924 697 et
937 637 1045 712 populi
1057 639 1123 707 Ro,

43 740 45 745 ¹
94 719 173 779 mani
188 736 297 779 nomen
314 726 472 779 auxerunt.
501 716 550 779 51.
571 719 677 793 Neque
692 734 749 792 ego
765 719 842 778 haec
856 734 892 778 eo
907 720 1040 793 protero,
1057 734 1106 797 quc
1133 776 1137 783 .

94 804 280 863 conserenda
295 802 355 862 sint
369 819 437 862 cum
453 801 555 873 hisce,
572 803 610 861 de
627 800 739 876 quibus
755 818 835 863 nunc
851 801 1042 876 quaerimus,
1061 800 1107 863 sed
1131 810 1137 877 ιζ

93 895 126 946 ut
145 885 219 945 illud
234 885 399 959 intelligas,
427 902 519 960 quum
542 886 625 960 apud
641 884 775 945 maiores
794 894 916 945 nostros
939 885 1048 946 summi
1063 883 1109 945 viri
1135 900 1137 945 :

94 967 313 1042 clarissimique
340 967 494 1040 homines,
518 968 570 1043 qui
591 967 673 1028 omni
695 975 830 1043 tempore
851 969 891 1027 ad
914 969 1110 1042 gubernacula

92 1050 137 1111 rei
151 1052 292 1126 publicae
307 1052 415 1110 sedere
431 1050 597 1124 debebant,
612 1059 712 1112 tamen
726 1051 758 1110 in
772 1051 855 1126 agris
871 1068 997 1126 qnoque
1013 1055 1108 1112 colen·

93 1135 140 1194 dis
155 1134 341 1207 aliquantum
359 1149 477 1208 operae.
489 1134 697 1208 temporisque
713 1133 975 1209 consumpserint,
1000 1133 1110 1210 ignosci

94 1225 234 1291 oportere
256 1217 284 1275 ei
305 1216 434 1289 homini,
465 1216 517 1290 qui
541 1233 575 1275 se
594 1219 722 1277 fateatur
744 1233 815 1277 esse
834 1216 1112 1291 rusdoum,·quum
1135 1216 1137 1225 ’

92 1299 155 1358 ruri
174 1298 320 1358 adsiduus
343 1315 464 1379 semper
483 1299 607 1358 vixerit:
630 1317 722 1374 quum
745 1299 923 1374 praesertim
945 1299 1016 1360 nihil
1036 1305 1113 1361 esset

94 1382 176 1463 quod
198 1391 249 1440 aut
268 1382 346 1457 patri
366 1382 480 1456 gratius
504 1392 555 1442 aut
572 1382 631 1441 sibi
645 1382 807 1443 iucundius
821 1391 920 1443 autre
934 1398 1008 1442 vera
1023 1382 1112 1444 hone

93 1465 169 1524 stius
193 1465 293 1524 facere
314 1474 431 1539 posset.
474 1464 523 1527 52.
547 1464 654 1524 Odium
675 1465 764 1540 igitur
783 1465 960 1526 acerrimum
976 1465 1113 1540 palrisdn
1131 1476 1135 1495 ¹

92 1547 186 1607 filium
210 1563 249 1606 ex
272 1548 348 1622 hoc,
371 1550 495 1623 opinor,
518 1548 701 1620 ostenditur,
722 1549 828 1621 Eruci,
850 1550 932 1624 quod
955 1549 1037 1609 hunc
1055 1547 1112 1608 ruri

92 1646 163 1690 esse
185 1631 362 1704 patIebatur.
404 1631 556 1706 Numquid
576 1640 623 1691 est
642 1632 745 1690 aliud?
776 1633 981 1705 Immovero,
1010 1631 1113 1706 inquit,

92 1720 153 1782 est;
170 1729 239 1772 nam
256 1714 347 1774 istum
362 1715 548 1774 exheredare
563 1714 594 1773 in
612 1714 712 1774 animo
728 1715 867 1775 habebat.
896 1713 1013 1774 Audio:
1035 1729 1112 1777 nuuc

92 1796 169 1855 dieis
191 1797 307 1872 aliquid
329 1800 412 1872 quod
433 1798 473 1857 ad
487 1814 550 1857 rem
565 1797 722 1873 pertineat.
756 1798 831 1857 Nam
848 1797 913 1869 illa,
934 1797 1060 1871 opinor,
1082 1806 1112 1859 tu

93 1889 218 1953 quoque
227 1882 371 1940 concedis
380 1880 461 1941 levia
473 1897 544 1941 esse
555 1889 647 1956 atque
658 1879 971 1955 inepta—Convivia
983 1896 1053 1942 cum
1063 1897 1112 1957 pa·

91 1969 136 2020 tre
148 1978 208 2021 non
220 1962 322 2029 inibat.
329 1995 370 2008 —
380 1964 513 2037 Quippe3
527 1964 578 2037 qui
591 1981 629 2023 ne
640 1965 669 2024 in
684 1965 830 2038 oppidum
843 1963 964 2037 quidem
979 1963 1037 2023 nisi
1049 1979 1112 2038 per·

90 2059 159 2102 raro
173 2045 352 2104 veniret-
376 2047 504 2105 Domum
528 2063 614 2105 suam
629 2047 719 2106 istum
731 2064 791 2106 non
802 2048 871 2106 lere
885 2045 1049 2119 quisquam
1062 2063 1112 2107 vo·

16 2197 19 2209 μ
91 2126 252 2185 cubat-
272 2127 335 2186 Nec
349 2143 471 2201 nurum
494 2128 546 2202 qui
563 2145 662 2203 neque
681 2129 712 2188 in
733 2131 808 2189 urbe
824 2129 938 2188 viveret
952 2145 1055 2205 neque
1067 2145 1113 2190 re

90 2217 254 2270 vocaturus
282 2217 373 2270 esset
421 2211 498 2271 XIX.
525 2213 638 2272 Verum
664 2212 739 2271 haec
769 2221 801 2273 tu
825 2204 947 2288 quoque
971 2211 1110 2288 intelligIs

91 2307 162 2352 esse
176 2293 342 2368 nugatoria.
370 2293 463 2367 Illud,
485 2295 568 2368 quod
583 2293 757 2374 coepimus,
775 2295 948 2368 rideamuS,
970 2312 1032 2370 quo
1049 2312 1110 2356 cer-

90 2377 149 2433 tius
170 2385 376 2450 argumentum
398 2368 471 2437 odii
476 2377 603 2450 reperiri
623 2379 811 2439 nullomodo
826 2387 881 2452 pot
869 2386 936 2439 test.
980 2377 1032 2440 53.
1054 2379 1137 2438 Ex·-

89 2456 236 2519 heredare
264 2467 362 2532 pater
374 2460 467 2520 filium
496 2461 655 2539 cogitabat
702 2463 786 2523 Mitto
814 2477 960 2536 quaerere
989 2463 1111 2536 quade

92 2555 198 2599 causa:
221 2558 335 2615 quaero
353 2543 404 2617 qui
419 2544 515 2603 scias:
536 2545 655 2605 tametsi
670 2552 699 2604 te
715 2546 815 2605 dicere
830 2554 921 2620 atque
936 2559 1111 2605 enumerare

91 2637 201 2683 causas
213 2641 319 2686 omnes
336 2626 509 2700 oportebat,
525 2635 554 2687 et
565 2628 595 2687 id
609 2638 672 2688 erat
684 2629 756 2688 certi
768 2629 955 2691 accusatorIs
968 2627 1112 2702 osticium,

91 2704 143 2779 qui
160 2707 232 2766 tanti
251 2708 376 2768 sceleris
391 2718 543 2783 argueret,
560 2711 714 2784 explicare
732 2713 832 2772 omnia
847 2712 920 2773 vitia
933 2719 1025 2786 atque
1039 2726 1110 2786 pee-

90 2795 157 2848 cata
172 2789 240 2862 filIi,
256 2791 366 2865 quibus
381 2791 525 2853 incensus
538 2810 650 2868 parens
665 2796 795 2868 potuerit
812 2795 942 2855 anImum
955 2793 1110 2866 inducere,

79 2880 122 2932 ·ut
136 2881 271 2934 naturam
285 2873 384 2948 ipsam
397 2876 545 2949 vinceret,
563 2884 595 2937 ut
608 2894 740 2937 amorem
753 2879 835 2938 illum
850 2878 970 2952 penitus
986 2876 1111 2939 insitum

90 2955 212 3025 eliceret
229 2956 398 3031 exanimo,
419 2966 451 3018 ut
465 2959 596 3034 denique
611 2970 726 3033 patrem
745 2977 814 3021 esse
831 2978 902 3022 sese
915 2959 1110 3023 obliviscere

88 3042 150 3095 tur:
178 3058 257 3114 quae
279 3041 343 3101 sine
364 3042 481 3116 magnIs
501 3042 628 3103 hulusce
648 3043 783 3116 peccatis
808 3044 947 3104 accidere
969 3043 1111 3119 potuisse

88 3133 151 3176 non
175 3124 311 3186 arbitror
353 3121 403 3186 54
424 3128 538 3185 Verum
564 3128 700 3189 concedo
725 3127 778 3187 tibi
804 3134 900 3187 ntea
925 3135 1110 3200 praetereare,

90 3217 169 3274 quae
191 3224 282 3281 quum
303 3216 401 3279 taces,
423 3211 504 3269 nulla
524 3225 596 3269 csse
616 3209 769 3270 concedis.
804 3211 890 3269 illum
912 3209 1034 3284 quidem
1057 3225 1109 3268 vo·
1130 3234 1133 3241 ·

88 3282 185 3345 luisse
199 3288 384 3351 exheredare
400 3299 480 3352 certe
501 3299 533 3351 tu
547 3294 670 3366 planum
691 3294 792 3353 lacere
807 3293 912 3352 debes
942 3291 1020 3365 pum
1034 3307 1109 3367 ergo

89 3368 192 3429 adlers
215 3380 310 3444 quare
328 3372 360 3431 id
383 3375 493 3436 lactum
512 3381 675 3448 putemusc
707 3377 789 3437 Vere
804 3375 877 3436 nihil
892 3383 980 3451 potes
996 3376 1110 3437 dicere.
