2356 3854
85 224 128 289 00
308 223 346 282 IN
362 222 393 280 C.
407 219 570 304 OERREM
583 220 665 279 acl.
679 219 715 277 11.
737 218 809 278 LIB.¹
822 220 874 314 lif.

86 386 132 443 tur
146 373 256 437 dicere.
290 371 386 445 Quum
400 370 448 429 hic
463 387 528 430 mos
541 376 631 442 esset,
645 370 773 428 refertur
786 370 825 427 ad
840 375 977 428 senatum
990 356 1027 426 de
1040 367 1089 432 lau·

86 456 206 523 datione
221 453 334 513 Verris.
353 454 385 511 lu
403 468 462 527 quo
477 453 618 526 primum,
631 461 665 512 ut
679 451 792 524 aliquid
804 460 887 533 esset
897 466 1008 522 morae,
1024 446 1088 509 muli

87 538 288 614 interpellant:
304 536 342 595 de
360 535 430 595 Sex.
448 536 620 608 Peducaeo,
643 533 748 608 quide
770 534 820 593 illa
841 532 961 611 civitate
983 540 1089 606 touque

88 616 242 700 provincia
257 619 368 694 optime
382 619 505 678 meritus
518 626 614 688 esset,
632 633 702 676 sese
716 624 817 688 antea,
834 632 926 690 quum
941 615 1087 683 audissent

87 704 115 765 ei
130 702 289 780 negocium
303 701 491 774 facessitum,
508 716 661 775 quumque
679 716 747 758 eum
762 698 882 772 publice
896 714 953 772 pro
971 696 1088 772 plurimis

87 785 151 847 eius
167 793 197 844 et
212 784 349 853 maximis
364 783 477 844 meritis
492 783 614 843 laudare
632 790 793 856 cuperent,
814 796 833 839 a
848 781 879 840 c.
897 782 993 840 Verre
1008 779 1089 854 proli

88 868 166 928 bitus
181 883 266 927 esse:
288 867 424 941 iniquum
444 882 529 936 esse,
551 864 670 925 tametsi
684 865 859 923 Peducaeus
880 879 986 922 eorum
1005 861 1089 936 lauda

85 951 167 1010 tione
182 949 241 1008 iarn
254 957 477 1019 annularetur,
493 958 666 1021 tamennon
681 946 712 1005 id
729 946 814 1021 prius
832 946 1006 1014 decernere,
1025 940 1090 1019 quod

84 1032 249 1109 aliquando
263 1032 445 1103 voluissent,
461 1047 550 1105 quam
568 1030 651 1105 quod
665 1037 727 1089 tum
743 1036 931 1102 cogerentur.
948 1025 1017 1088 14³.
1031 1029 1089 1086 Con·

87 1118 216 1175 clamant
230 1129 336 1174 omnes
352 1123 382 1187 et
396 1114 578 1187 approbant,
594 1113 635 1173 ita
652 1111 718 1171 fleri
733 1120 882 1185 oportere.
911 1111 1047 1170 Refertur
1063 1107 1090 1167 de

86 1198 254 1256 Peducaeo.
282 1198 322 1256 Ut
339 1196 468 1270 quisque
478 1203 574 1265 aetate
589 1203 620 1255 el
631 1195 746 1255 honore
761 1193 967 1265 antecedebat,
985 1193 1026 1253 ita
1038 1206 1090 1251 sen-

35 1304 39 1308 ·
85 1278 211 1340 tentiam
228 1278 303 1338 dixit
318 1294 356 1337 ex
374 1278 488 1338 ordine.
510 1275 550 1337 ld
571 1279 649 1338 adeo
671 1294 707 1354 ex
730 1276 800 1352 ipso
824 1283 949 1336 senatus
970 1274 1090 1336 consulto

86 1360 279 1436 cognoscite:
293 1376 362 1419 nam
378 1360 547 1435 principum
568 1361 733 1419 sententiae
748 1358 896 1434 perscribi
912 1360 1021 1419 solent.
1048 1357 1091 1416 lle

87 1443 155 1504 cita.
184 1443 267 1517 Quoi>
284 1459 383 1501 vunan
399 1460 494 1501 ruera
516 1459 586 1503 soar
606 1458 642 1500 aa
667 1441 737 1503 Sex.
760 1441 928 1507 hunuano.
960 1439 1037 1501 Dicit
1054 1434 1092 1513 qrri

87 1526 175 1602 primi
190 1524 349 1586 suaserint.
370 1525 556 1586 Decernitnr.
576 1525 715 1584 Refertur
729 1523 839 1583 deiude
859 1525 898 1583 de
914 1525 1020 1584 Verre.
1044 1519 1093 1592 Dic,

88 1624 298 1684 quaeso,‚quo
314 1609 428 1669 modo?
449 1609 530 1682 Quor>
546 1623 643 1666 vunan
662 1624 758 1666 sacra
786 1623 857 1666 saur
881 1623 918 1665 oa
939 1607 970 1666 C.
995 1608 1092 1667 Vnam.

84 1691 165 1768 Quid
180 1699 288 1767 postea
300 1691 449 1767 ¹scriptum
464 1698 530 1753 est?
560 1691 645 1764 Quum
660 1706 808 1763 suasurum
826 1703 907 1748 ummo
927 1704 1024 1758 mona
1043 1700 1095 1748 snt·

86 1790 216 1836 arariam
242 1790 373 1833 orosam.
405 1774 480 1848 Quid
510 1782 557 1835 est
575 1774 654 1833 hoo?
688 1772 767 1832 Soas
786 1788 920 1830 auerrua.
951 1771 1046 1844 Quam
1067 1767 1096 1829 ob

86 1854 171 1919 rem?
202 1858 295 1917 Nemo
314 1856 378 1917 erat
393 1858 578 1918 voluntarius
590 1856 729 1916 laudator
744 1864 901 1930 praeturae
916 1864 997 1930 tuae,
1008 1855 1097 1913 defen

77 1957 140 2017 sor
160 1941 376 2014 periculorum,
397 1940 575 2014 praesertim
597 1956 689 2014 quum
708 1937 785 1997 inire
799 1952 818 1996 a
831 1947 973 2012 praetore
986 1935 1097 2013 gratiam

85 2028 216 2097 posset?
247 2022 351 2081 Nemo.
383 2022 427 2080 Illi
450 2021 509 2096 ipsi
532 2021 574 2082 tui
596 2022 758 2093 convivae,
783 2021 962 2093 consiliarii,
987 2016 1099 2088 conscii,

89 2103 166 2165 socii
190 2103 316 2162 verbum
343 2105 444 2162 facere
464 2110 524 2163 mou
546 2105 666 2163 audent.
704 2103 738 2162 ln
763 2119 822 2177 qua
843 2103 926 2164 curia
946 2109 1100 2164 statuatuo

87 2186 186 2247 stabat
211 2192 240 2244 et
265 2186 347 2246 nuda
363 2185 426 2260 filii,
441 2185 471 2244 in
490 2203 526 2246 ea
541 2203 629 2246 nemo
645 2185 751 2248 fuitne
766 2203 854 2259 quem
869 2187 971 2246 nudus
991 2185 1101 2262 quidem

85 2269 166 2344 filius
182 2269 295 2334 nudata
307 2267 464 2342 provincia
479 2276 703 2329 commoveret?
729 2264 799 2330 144.
829 2270 932 2349 Atque
949 2271 1039 2330 etiam
1052 2268 1101 2327 hoc

19 2406 23 2415 .
85 2368 134 2412 me
151 2352 271 2424 docent,
287 2351 449 2411 eiusmodi
464 2360 587 2413 senatus
604 2352 775 2412 consultum
790 2351 903 2412 fecisse
919 2348 1102 2420 laudationis,

85 2442 119 2494 ut
133 2449 239 2495 omnes
251 2433 420 2509 intelligere
431 2444 559 2509 possent
572 2451 633 2495 non
648 2433 865 2507 laudationem,
882 2435 938 2494 sed
956 2434 1059 2510 potius
1071 2431 1101 2491 ir·

86 2516 231 2576 risionem
247 2532 317 2576 esse
330 2516 421 2589 illam,
446 2535 524 2592 quae
540 2519 813 2578 commonefaceret
826 2517 913 2576 istius
930 2526 1049 2592 turpem
1062 2528 1102 2574 ca·

85 2598 317 2673 lamitosamque
346 2607 524 2672 praeturam.
551 2599 669 2662 Etenim
695 2599 840 2673 scriptum
860 2616 931 2659 esse
948 2599 1007 2660 ita:
1036 2605 1101 2667 poor

86 2697 226 2740 1sv1ee1s
242 2696 375 2739 mammam
390 2690 570 2743 cacrorssarz
596 2701 614 2742 a
639 2699 699 2756 quo
722 2681 877 2755 cognostis
903 2682 1101 2743 nobilissimos

86 2765 225 2840 homines
240 2771 331 2841 atque
345 2763 611 2826 innocentissimos
627 2764 727 2825 securi
749 2780 819 2824 esse
833 2780 1021 2839 percussos=
1036 2775 1101 2832 prou

86 2861 263 2906 vremnuraa
277 2861 460 2909 raovmcmm
477 2842 747 2907 anmrmrsraassar=
771 2849 857 2907 cuius
873 2864 980 2909 omnes
995 2844 1101 2922 vigilias

72 2930 116 2989 in
134 2931 247 3006 stupris
265 2937 384 2992 constat
410 2946 480 2991 esse
504 2939 715 3006 consumptas:
741 2930 943 3004 [cuiusmodi
965 2929 1101 3006 constatis

85 3013 143 3072 hoc
168 3029 242 3073 vcro
269 3014 413 3088 scriptum
437 3030 523 3086 esse,
546 3015 629 3089 quod
643 3016 780 3089 proferre
801 3031 862 3073 non
884 3015 1012 3075 auderet
1026 3025 1101 3083 reus,

84 3105 245 3157 accusator
256 3097 383 3156 recitare
398 3114 457 3156 non
479 3094 644 3157 desinerem
667 3113 743 3165 ouon
757 3113 929 3178 remanemus
944 3112 1053 3158 raocm.
1067 3106 1101 3153 au

84 3179 189 3235 rasura
207 3178 322 3238 Srcmm
341 3195 552 3240 raoarnmssar
565 3182 704 3240 tiramus:
730 3198 809 3255 quos
825 3179 914 3241 etiam
929 3180 1007 3241 intra
1020 3179 1100 3256 Sym·

77 3272 227 3319 cusanam
241 3261 370 3322 insulam
386 3263 562 3338 recepisset.

167 3339 236 3402 145.
266 3344 349 3404 Haec
365 3354 472 3420 postea
488 3363 576 3421 quan]
592 3363 630 3406 ex
647 3346 708 3407 illis
724 3346 871 3421 cognovi,
894 3346 1026 3407 discessi
1042 3355 1097 3404 cum

81 3423 173 3484 fratre
187 3441 203 3484 e
216 3423 313 3499 curia,
335 3437 367 3488 ut
380 3429 468 3489 nobis
487 3429 665 3489 absentibus
690 3429 717 3488 si
738 3428 811 3505 quid
835 3430 945 3490 uellent
966 3430 1096 3490 decerne·
