2356 3854
95 158 159 223 dall
360 155 435 216 PRO
452 156 508 215 CN.
521 153 683 215 PLANCIO
706 152 860 235 otiante,

97 304 184 375 Cret'a
201 311 258 370 hoc
274 309 457 382 imperatore
467 314 498 366 et
513 304 651 365 tribuous
666 303 697 365 in
708 305 894 365 Macedonia
904 300 1048 365 militumi
1171 340 1178 368 ;,

96 405 127 457 et
142 401 285 469 quaestor
300 399 413 452 tantum
430 405 514 450 exre
524 387 644 448 militari
663 387 830 449 detraxerit
847 386 1010 462 temporis,
1030 405 1175 480 (μέν

97 489 159 540 tum
181 476 279 536 inme
302 471 534 534 custodiendum
554 472 718 531 transferre
737 470 885 531 maluerit
928 469 981 532 62.
1003 469 1176 549 dung,

96 577 166 620 num
183 557 314 618 disertus
330 557 390 617 sitt
409 557 518 626 lmmo,
534 553 566 614 id
581 555 664 628 quod
680 555 849 615 secundum
865 560 923 624 est,
938 551 1047 614 nasibi
1090 565 1174 630 §.q

97 644 168 704 dem
187 641 314 702 videtur.
356 641 433 699 Num
453 636 527 699 iuris
542 638 722 698 consultust
743 635 833 711 quasi
849 637 1014 712 quisquam
1026 635 1174 716 alfa,

97 727 155 787 sibi
166 724 364 785 hunclalsum
377 721 492 783 deiure
502 720 702 794 respondisse
713 718 939 781 dicat-'Omnes
949 718 1081 781 enimi?
1134 758 1166 796 Δ

98 808 181 869 modi
199 814 280 867 artes
301 807 330 865 in
354 804 391 865 iis
407 803 689 879 reprehenduntur,
709 804 872 879 quiquam
896 802 1034 877 protessi-
1100 819 1172 879 -f,

90 893 172 953 'satis
187 892 289 950 faeere
301 905 362 949 non
377 894 523 963 possunt,
542 902 604 945 non
618 887 649 945 in
664 885 717 958 iis,
740 885 793 960 qui
808 902 845 947 se
857 884 1000 945 abluisse
1011 884 1178 962 attin.

98 973 207 1035 studiis
223 974 413 1034 confitentur.
450 969 565 1044 Virtus,
581 969 727 1044 probitas,
741 967 898 1043 integritas
913 969 945 1027 in
959 966 1133 1037 aaut,
1142 1011 1169 1045 .

97 1074 159 1119 uon
174 1058 295 1131 linguae
309 1053 497 1125 volubilitas,
520 1069 581 1112 non
598 1068 664 1125 ars,
684 1068 747 1117 non
764 1050 894 1112 seientia
914 1050 1030 1126 requiri
1065 1060 1167 1128 1'71'

97 1142 204 1201 Utuos
218 1139 249 1198 in
264 1136 423 1211 mancipiis
440 1135 584 1211 parandis
600 1134 740 1210 quamvis
755 1134 835 1208 lrugi
847 1134 1040 1209 hominesne
1115 1193 1153 1223 ³,
1173 1176 1178 1202 ς,

99 1222 185 1282 labro
200 1229 252 1281 aut
269 1237 324 1295 pro
341 1226 456 1280 tectore
471 1220 617 1293 emimus,
630 1219 711 1277 lerre
725 1219 854 1278 moleste
873 1219 1023 1291 solemus,
1068 1268 1102 1299 ,
1112 1248 1156 1306 2,
1173 1261 1178 1288 2

99 1312 189 1377 artes,
204 1302 326 1378 quasin
343 1305 472 1363 emendo
487 1303 584 1363 secuti
600 1318 715 1373 sumus,
732 1301 812 1362 torte
824 1298 1001 1375 nesciverit,
1015 1316 1083 1364 Β
1147 1317 1178 1376 ς·

99 1396 159 1447 tem
176 1385 302 1446 emimus
320 1402 409 1461 quem
425 1385 545 1446 vilicum
560 1385 797 1460 imponeremus,
813 1400 906 1459 quent
924 1382 1154 1459 pecori-117·
1170 1428 1174 1453 .

100 1469 271 1541 liceremus,
287 1468 360 1527 nihil
375 1467 405 1527 in
419 1485 457 1528 co
474 1468 532 1529 nisi
548 1468 762 1544 frugalitatem,
783 1465 1178 1545 laborem,‚vigillilffl

101 1568 171 1611 esse
201 1566 363 1624 curamus,
385 1550 430 1611 sic
460 1553 594 1626 populus
620 1554 778 1612 Romanus
806 1551 913 1625 deligit
939 1548 1078 1625 magii
1091 1561 1176 1628 :isa

72 1635 76 1643 '
103 1634 191 1710 quasi
207 1633 252 1694 rei
268 1633 407 1710 publicae
424 1633 547 1696 vilicos=
562 1634 593 1695 io
608 1635 719 1709 quibus
731 1636 758 1694 si
770 1649 832 1708 qua
843 1640 1004 1708 praeterea
1014 1652 1034 1687 ο
1110 1660 1161 1712 ,εει

100 1717 188 1777 laeile
203 1717 328 1792 patitur:
343 1719 390 1779 sin
404 1717 512 1792 minus,
528 1717 637 1778 virtute
653 1734 758 1778 eorum
775 1725 806 1777 ct
819 1714 1049 1778 innocentia·
1114 1742 1175 1793 00„

99 1809 148 1861 tus
163 1807 220 1861 est.
245 1802 362 1875 Quotus
378 1800 458 1861 enim
476 1802 606 1877 quisque
621 1801 762 1875 disertus,
780 1810 894 1876 quotus
905 1799 1080 1876 ,quisqu-r
1097 1823 1137 1877 a„
1148 1816 1161 1868 ·,

100 1883 214 1958 peritus
229 1892 291 1958 est,
308 1892 342 1946 ut
356 1901 410 1945 eos
425 1901 575 1956 numeres,
598 1883 651 1959 qui
665 1886 771 1945 volunt
785 1888 883 1944 esset
900 1882 990 1958 Quod
1003 1892 1119 1950 zu·
1158 1942 1178 1951 ,„

99 1973 182 2025 terea
196 1982 284 2028 nemo
300 1975 347 2028 est
361 1967 478 2027 honore
493 1969 618 2042 dignus,
641 1966 784 2042 quidnam
799 1974 844 2028 tot
858 1965 984 2041 optimis
999 1979 1166 2040 eatam

100 2049 224 2107 tissimis
239 2049 358 2110 civibus
374 2056 421 2109 est
435 2050 589 2110 futurum?
696 2068 699 2073 ·

162 2132 267 2190 XXVI.
288 2132 338 2192 63.
359 2132 450 2192 Iubes
471 2133 624 2193 Plancium
652 2132 692 2191 de
716 2128 797 2192 viliis
816 2132 993 2193 Laterensis
1092 2135 1168 2201 dicae

100 2212 179 2272 Nihil
195 2221 309 2289 potest,
329 2213 387 2274 nisi
403 2231 472 2275 eum
486 2215 575 2275 nimis
595 2217 625 2275 in
641 2231 676 2275 se
691 2215 870 2276 iracundum
889 2216 1082 2290 putabiz
1093 2216 1164 2279 tria

99 2297 184 2356 ldem
198 2296 290 2358 effers
304 2297 499 2358 Laterensem
521 2298 675 2359 laudibus.
718 2297 819 2359 Facile
839 2298 939 2374 patior
947 2298 981 2359 id
996 2300 1163 2371 -csgaa

101 2379 201 2439 multis
218 2380 329 2453 verbis,
346 2382 429 2456 quod
440 2383 480 2441 ad
491 2380 635 2443 iudicium
650 2397 711 2440 non
726 2383 890 2457 pertineat,
903 2389 933 2442 et
953 2380 984 2442 id
1010 2384 1159 2441 {saca

102 2469 218 2520 santam
236 2471 295 2522 tam
311 2464 364 2524 diu
380 2465 490 2537 dicere,
504 2465 587 2540 quod
601 2480 659 2539 ego
672 2465 817 2526 defensor
830 2464 899 2526 sine
907 2459 1158 2541 pene-loll*

101 2543 157 2602 sim
172 2545 318 2605 confiteri.
338 2546 432 2622 Atqui
447 2565 508 2609 non
522 2548 614 2607 modo
629 2547 777 2608 confiteor
790 2564 910 2609 summa
922 2548 954 2609 in
968 2547 1158 2607 [ιεΞῑΜ

100 2636 277 2688 ornamento
291 2645 378 2703 esse,
393 2631 449 2689 sed
466 2640 496 2692 te
510 2631 600 2692 eliam
614 2630 814 2705 reprehendo,
832 2632 918 2707 quod
930 2648 969 2692 ea
980 2648 1051 2691 r·-
1067 2636 1100 2679 0¹¹
1110 2632 1157 2677 Μ

101 2722 218 2782 meres,
230 2710 290 2769 alla
311 2713 461 2786 quaedam
483 2712 584 2775 inania
603 2723 633 2775 et
653 2712 732 2773 levia
752 2714 928 2790 conquiras.
969 2706 1158 2774 ΜΕΝ

99 2792 214 2855 iecisse
236 2794 336 2854 ludos.
380 2796 478 2869 Quid?
498 2797 548 2857 alii
568 2804 748 2873 quaestores
772 2812 874 2859 nonne
896 2799 1051 2859 leceroe..
1064 2780 1157 2873 ¹¹⁰0?

99 2877 181 2937 renis
195 2875 351 2938 liberalem
365 2879 395 2939 in
414 2880 604 2954 publicanos,
621 2881 733 2941 iustum
748 2880 778 2940 in
794 2881 901 2941 socios
914 2881 1081 2942 luisoae·
1109 2863 1154 2937 ΩΒ

99 2967 211 3035 negat?
230 2962 286 3020 sed
308 2961 350 3023 ita
368 2965 461 3024 multa
473 2965 589 3024 Romae
605 2972 764 3038 geruntur,
780 2971 812 3024 ut
826 2962 880 3024 vix
893 2980 947 3037 ea,
963 2946 1152 3044 qais&

100 3040 131 3101 in
152 3042 339 3118 provinciis,
361 3048 530 3107 audiantur.
573 3044 624 3106 ul.
646 3047 713 3106 Non
733 3052 844 3107 vereor
862 3045 991 3109 nemini
1062 3022 1147 3105 W·

101 3123 230 3201 iudices,
246 3128 354 3189 videar
363 3131 523 3204 adrogare,
540 3129 567 3189 si
579 3130 617 3190 da
629 3137 795 3204 quaestura
809 3146 878 3191 mea
892 3130 1029 3191 diruo
1049 3114 1145 3188 Μ

101 3205 148 3265 vis
164 3209 242 3270 enim
258 3213 308 3271 illa
324 3211 475 3288 floruerit,
493 3220 594 3273 tomen
611 3229 680 3273 aum
695 3230 745 3275 me
757 3221 869 3289 posteo
881 3212 978 3275 inisse
992 3188 1138 3293 5¹¹2&
1175 3263 1178 3292 ,

101 3286 157 3345 mis
171 3291 306 3367 imperiis
321 3296 464 3371 arbitror,
483 3305 517 3357 ut
541 3295 658 3356 nonita
674 3295 748 3356 mihi
770 3298 897 3364 multum
911 3294 1056 3371 glori&
1063 3286 1131 3379 ⁸1¹3¹
1172 3302 1175 3310 '

102 3380 283 3443 quaesturae
294 3377 384 3437 lauda
395 3380 610 3453 repetendum:
627 3380 683 3439 sed
700 3388 800 3441 amen
815 3396 877 3442 non
892 3388 1017 3465 vercor
1029 3378 1121 3443 ΜΠ
1154 3354 1176 3411 '³5
