2356 3854
121 152 185 236 ala
414 121 494 230 nno
506 169 537 228 r.
554 167 685 229 susrro
702 167 854 229 oacrio.
895 214 900 229 ,

121 322 152 384 in
166 337 200 382 ro
213 319 337 397 publica
350 318 454 393 virtns,
469 335 531 381 non
546 335 668 393 summa,
678 315 843 380 auctoritas
857 312 943 392 apud
956 315 1073 392 milites,
1086 333 1134 378 uon

121 405 267 467 mirificus
282 420 359 464 usus
376 400 407 461 in
423 418 457 462 re
473 398 592 462 militari
609 400 792 474 exstitisset,
814 416 916 475 neque
936 399 1057 461 adiutor
1074 399 1133 461 eil.
1175 443 1176 460 ι

122 487 240 549 Sestius
252 488 292 547 ad
304 486 495 546 excitandum
505 485 680 558 Antonium,
692 485 922 555 cohortandum,
934 484 1133 555 accusandum,
1175 527 1176 533 ι

122 571 337 647 impellendum
353 568 470 641 luisset,
489 570 579 629 datus
593 568 644 632 illo
659 569 690 628 in
703 570 784 628 bello
797 574 880 627 esset
893 565 988 627 hiemi
1001 568 1133 627 locusne·
1154 582 1157 589 ·
1174 641 1176 647 Ι

123 670 184 729 que
197 669 340 726 umquam
355 651 489 724 Catilina,
505 668 598 726 quum
613 668 631 710 e
645 652 754 727 pruina
767 649 921 726 Apennini
940 658 1032 725 atque
1045 664 1064 709 e
1076 647 1133 709 niti·
1174 692 1176 730 3

121 738 181 797 bus
201 735 261 795 illis
282 734 459 795 emersisset
478 744 571 810 atque
592 743 739 795 aestatem
758 735 904 807 integram
924 742 1036 794 nactus
1052 733 1134 795 tutin
1174 775 1176 811 3

123 821 215 881 calles
240 826 270 879 et
292 826 449 894 pastorum
472 818 591 893 stabula
612 818 768 892 praeclara
791 815 940 891 cepisset,
968 815 1037 877 sine
1061 816 1134 876 multo
1175 869 1176 893 ἶ

123 901 323 977 sanguineae
344 901 409 961 sine
429 900 521 961 totius
536 899 639 960 Italiae
656 899 796 960 vastitate
817 897 989 960 miserrima
1004 897 1133 959 concidis

123 995 178 1048 set.
204 983 253 1047 ta.
269 985 357 1048 Hunc
371 983 461 1056 igitur
476 982 608 1044 animum
624 982 721 1044 attulit
731 983 773 1042 ad
785 981 970 1042 tribunatum
982 982 1015 1044 P.
1027 981 1134 1052 Sestius,

87 1056 95 1081 ⁸
123 1078 156 1131 ut
177 1075 371 1144 quaesturam
386 1065 586 1128 Macedoniae
605 1066 775 1141 relinquam
790 1072 820 1125 et
840 1064 1008 1140 aliquando
1024 1065 1134 1126 adhaec

121 1151 267 1228 propiora
285 1149 420 1209 veniamz
450 1167 633 1224 quamquam
654 1166 715 1210 non
738 1157 786 1210 est
807 1147 972 1209 omittenda
992 1145 1133 1224 singtnm‘s

100 1237 173 1294 illa
193 1232 349 1307 integritas
369 1232 582 1307 provincialis,
610 1232 697 1293 cuius
719 1248 776 1306 ego
802 1248 901 1307 nuper
920 1232 952 1290 in
975 1228 1134 1293 Macedonia

122 1316 187 1377 vidi
211 1314 340 1389 vestigia
363 1332 423 1375 non
448 1332 559 1391 pressa
578 1315 686 1377 leviter
707 1317 747 1376 ud
772 1314 875 1390 exigui
896 1314 1135 1391 praedicationem

121 1398 284 1474 temporis,
305 1399 361 1458 scd
382 1397 444 1457 fixa
459 1400 499 1459 ad
515 1398 691 1460 memoriam
705 1398 786 1458 iliius
806 1396 984 1473 provinciae
999 1397 1136 1474 sempilcr·

110 1499 207 1543 nam:
230 1498 337 1541 verum
356 1481 432 1541 haec
451 1481 494 1541 ita
513 1490 756 1557 praetereamus,-
778 1490 812 1543 ut
830 1488 930 1542 tantm
953 1480 1101 1542 intuentes
1116 1485 1158 1551 et¹

34 1627 38 1633 ,
122 1572 330 1641 respectantes
348 1564 572 1641 relinquamus:
594 1566 645 1625 Vl.
668 1568 709 1627 ad
728 1564 925 1637 tribunatum,
955 1565 1010 1640 qui
1030 1561 1139 1640 ipsead

123 1665 193 1710 sese
210 1650 268 1708 iam
284 1650 399 1708 dudum
412 1657 503 1710 vocat
524 1658 554 1710 et
569 1650 703 1724 quodam
716 1650 808 1710 modo
824 1648 971 1708 absorbet
988 1647 1138 1710 umbonem

122 1748 237 1805 meam,
255 1739 397 1794 contento
409 1733 510 1794 studio
524 1749 679 1806 cursuque
690 1731 857 1792 veniamus.
889 1729 939 1792 14.
954 1731 1002 1791 Dc
1018 1749 1079 1807 quo
1090 1728 1140 1804 qni·

52 1817 56 1825 “
123 1819 192 1879 deur
206 1815 358 1877 tribunatu
371 1815 413 1877 ita
427 1816 540 1877 dictum
557 1833 576 1876 a
590 1815 623 1889 Q.
639 1815 803 1876 Hortensio
824 1822 886 1888 est,
912 1822 947 1874 ut
968 1815 1040 1875 eius
1061 1812 1141 1878 oratio

122 1917 183 1960 non
204 1899 415 1960 defensionem
436 1901 527 1960 modo
548 1899 702 1959 videretur
724 1897 882 1959 criminum
902 1897 1077 1973 continere,
1098 1894 1142 1956 scd

121 1983 211 2044 etiarn
231 1981 377 2042 memoria
396 1981 519 2057 dignam
541 1981 687 2043 iuventuti
710 1980 756 2041 roi
780 1979 921 2056 publicae
944 1980 1142 2056 capessendae

121 2063 328 2125 auctoritatem
341 2064 595 2140 disciplinamque
607 2065 827 2140 praescribere.
853 2063 915 2125 Sed
928 2072 1047 2138 tamen,
1062 2079 1141 2140 quou-

120 2149 181 2207 iam
206 2146 374 2207 tribunatus
401 2156 482 2208 totus
508 2148 540 2206 P.
562 2146 654 2208 Sestii
680 2146 754 2208 nihii
779 2149 860 2208 aliud
889 2146 949 2207 nisi
974 2164 1077 2209 meum
1100 2162 1142 2205 uo

122 2247 190 2292 men
208 2247 394 2306 causamque
412 2229 570 2303 sustinuit,
591 2229 767 2291 necessario
789 2229 861 2291 mihi
879 2231 917 2290 de
934 2230 1049 2292 iisdem
1064 2230 1142 2290 rebus

121 2331 192 2375 esse
203 2312 341 2388 arbitror,
357 2312 385 2374 si
396 2330 457 2375 non
471 2312 610 2375 subtilius
623 2313 849 2389 disputandum,
863 2321 990 2374 atcerte
1003 2313 1141 2375 dolentius

122 2398 353 2472 deplorandum.
384 2397 450 2472 Qua
470 2399 501 2458 in
522 2396 660 2458 oratione
677 2397 704 2457 si
724 2398 865 2471 asperius
880 2395 910 2455 in
932 2398 1085 2472 quosdam
1100 2395 1142 2454 ho

78 2547 82 2553 .
121 2478 219 2539 mines
233 2478 336 2540 invehi
352 2482 475 2555 vellem,
499 2479 568 2558 quis
584 2497 645 2540 non
661 2480 857 2551 concederet,
882 2486 915 2539 ut
929 2495 1004 2552 ece,
1028 2492 1142 2556 quorun

121 2561 248 2623 sceleris
260 2563 363 2624 furore
373 2563 505 2625 violatus
517 2578 635 2639 essem,
650 2565 737 2623 vocis
750 2562 886 2623 libertate
899 2563 1128 2639 perstringerem

122 2645 184 2705 Sed
200 2660 288 2720 agam
308 2647 468 2706 moderate.
484 2656 515 2708 et
534 2646 624 2707 huius
639 2645 743 2722 potius
764 2647 894 2720 tempori
915 2645 1051 2707 serviam
1067 2656 1141 2720 quam
1174 2668 1176 2717 3

122 2727 222 2789 dolori
242 2744 327 2788 meo:
353 2726 380 2788 si
403 2728 456 2804 qui
476 2732 595 2791 occulte
614 2747 633 2790 a
654 2731 752 2791 salute
766 2737 871 2790 nostro
886 2728 1086 2801 dissentiunt,
1109 2727 1140 2784 la·
1174 2728 1176 2733 '

123 2819 218 2872 teant=
245 2810 272 2871 si
293 2813 345 2885 qui
366 2811 503 2874 iecerunt
522 2811 638 2888 aliquid
657 2812 822 2888 aliquando
845 2820 937 2885 atque
959 2810 1054 2872 iidem
1075 2822 1138 2870 nunt

122 2903 223 2957 tacent
237 2903 266 2956 et
281 2893 456 2970 quiescunt,
473 2913 531 2957 nos
547 2912 671 2970 quoque
685 2895 782 2956 sitnus
797 2892 896 2956 obliti:
919 2895 947 2953 si
963 2894 1018 2968 qui
1033 2910 1067 2957 se
1080 2889 1135 2954 olie-

121 2988 206 3054 runt,
225 2977 429 3052 insectantur,
450 2980 553 3054 quoad
567 2979 638 3038 ierri
653 2986 811 3053 poterunt,
830 2977 1039 3054 perieramus,
1057 2984 1134 3049 neque

124 3078 306 3137 quemquam
321 3060 457 3123 offendet
471 3059 567 3122 oratio
584 3077 667 3135 mea,
687 3061 747 3122 nisi
770 3060 822 3135 qui
839 3077 873 3121 se
890 3059 931 3119 ita
947 3059 1100 3131 obtulerit,
1112 3060 1136 3114 ut
1175 3128 1176 3136 ἵ

123 3143 153 3202 in
169 3161 238 3205 cum
253 3163 313 3206 non
330 3144 499 3218 invasisse,
515 3145 572 3204 sed
586 3143 792 3206 incucurrisse
808 3145 974 3204 videamur.
1174 3181 1176 3219 ,

208 3225 255 3289 15.
279 3228 341 3289 Sed
361 3243 490 3288 necesse
511 3235 573 3299 est,
596 3236 665 3289 ante
686 3245 778 3302 quam
794 3226 834 3287 de
849 3225 1006 3286 tribunatu
1019 3225 1051 3287 P.
1066 3217 1136 3285 Selii
1175 3272 1176 3301 ,

124 3307 226 3368 dicere
240 3309 397 3384 incipiam,
420 3327 469 3371 mc
483 3318 579 3371 totum
596 3310 765 3384 superioris
781 3308 853 3370 anni
866 3308 912 3369 rei
925 3308 1068 3385 publicae
1080 3316 1135 3363 nau·
1175 3310 1176 3383 j

123 3389 251 3466 fragium
271 3407 443 3468 exponere,
468 3392 500 3452 in
525 3407 587 3467 quo
613 3392 785 3467 colligendo
810 3408 847 3452 ac
869 3392 1038 3452 reficienda
1056 3386 1135 3450 salute
