2356 3854
352 128 436 207 cap?
449 154 546 209 a-t.
569 155 743 252 §.ro-15.
1008 152 1070 225 rat

62 298 152 358 imur:
170 298 217 358 sin
234 297 428 358 remissiores
450 315 520 358 esse
534 300 727 372 voluerimus,
746 317 881 363 summae
897 302 985 371 nobis
999 320 1067 364 oru-

62 379 173 441 elitatis
193 381 224 440 in
240 381 356 456 patriae
378 380 551 455 civiumque
579 383 714 456 pernicie
734 385 813 445 lama
835 386 995 446 subeunda
1011 393 1067 447 est.
1136 403 1143 413 ι

62 463 84 524 ι.
120 463 185 523 Nisi
203 480 275 525 vero
291 462 422 537 cuipiam
436 465 468 523 L.
485 463 611 537 Caesar,
629 461 688 525 'vir
708 468 892 528 fortissimus
912 477 943 528 et
963 486 1067 528 aman-

62 548 176 606 ssimus
184 547 229 607 rei
238 547 387 622 publicae,
403 547 555 627 crudelior
565 547 676 608 nudius
687 550 793 611 tertius
806 550 890 612 visus
903 559 959 625 est,
975 569 1067 626 quum

62 631 155 690 >roris
164 644 249 703 suae,
256 631 385 690 feminae
391 629 584 703 lectissimae,
599 631 696 690 virum
707 642 899 706 praesentem
906 642 936 694 el
943 633 1067 695 audien-

62 730 96 771 >m
111 711 174 772 vita
187 712 369 787 privandum
386 729 458 773 esse
473 713 558 787 dixit,
573 732 667 788 quum
684 730 774 775 avum
792 733 880 776 suum
891 717 979 778 iussu
996 733 1068 778 eon-

62 795 113 856 rlis
128 793 322 857 interiectum
336 795 493 871 filiumque
508 796 575 857 eius
590 797 786 872 impuberem,
803 801 932 872 legatum
948 816 966 857 a
982 809 1068 873 patre

62 881 173 951 issum,
189 879 219 938 in
237 896 361 940 oaroere
376 888 516 939 necatum
532 896 603 940 esse
618 880 703 941 dixit.
725 881 856 954 Quorum
871 883 955 956 quod
972 882 1068 953 simile

62 969 173 1022 totum?
188 964 271 1038 quod
286 963 392 1023 initum
408 964 556 1023 delendae
573 965 617 1023 rei
633 963 772 1038 publicae
790 963 985 1025 consilium?
997 965 1068 1023 Lar—

62 1045 161 1105 ltionis
183 1048 323 1107 voluntas
340 1056 402 1107 tum
420 1046 450 1106 in
475 1063 509 1104 re
533 1045 655 1121 publiea
673 1055 794 1108 versata
817 1055 921 1107 estt
891 1056 921 1107 et
941 1047 1069 1122 partium

62 1129 190 1188 uaedam
211 1129 376 1190 eontentio
406 1131 509 1204 Atque
524 1130 576 1190 illo
592 1138 730 1218 tempore
743 1130 833 1190 huius
848 1148 925 1190 avus
940 1130 1068 1203 Lentuli,

62 1212 301 1287 irelarissimus,
318 1220 453 1273 armatus
465 1213 635 1273 Gracchum
647 1222 695 1274 est
705 1223 896 1296 persecutus
914 1214 968 1273 llle
978 1213 1067 1273 etrum

62 1303 207 1356 raretum
224 1297 334 1356 vulnus
354 1296 482 1371 aceepit,
501 1314 539 1357 ne
554 1295 629 1370 quid
644 1298 682 1357 de
699 1315 816 1359 sunnna
831 1297 1000 1372 republica
1016 1296 1068 1356 de-

62 1378 238 1442 rinueretur=
245 1376 303 1438 hie
318 1381 358 1439 ad
372 1381 537 1440 evertenda
548 1381 743 1443 fundamenta
756 1381 953 1457 reipublicae
965 1380 1067 1439 Gallos

62 1461 176 1534 messit,
193 1462 316 1523 servitia
334 1463 421 1523 oonoi
423 1472 480 1536 tat,
496 1464 651 1524 Catilinam
665 1474 773 1538 vocat,
784 1464 918 1525 attribuit
934 1480 992 1522 nos
1007 1472 1068 1523 tru-

61 1544 189 1604 idandos
206 1545 338 1620 Cethego
356 1555 386 1606 et
404 1557 542 1607 caeteros
567 1548 651 1608 cives
675 1547 903 1608 interficiendos
928 1545 1068 1619 Gabinio,
1135 1594 1138 1603 .

62 1628 145 1687 rbem
159 1627 404 1688 inflammandam
419 1630 543 1705 Cassio,
557 1639 650 1690 totam
665 1630 781 1690 ltaliam
798 1630 978 1690 vastandam
995 1627 1067 1687 diri-

62 1712 244 1784 ·iendamque
259 1712 413 1772 Catilinae.
435 1713 605 1784 veremini,
621 1729 752 1785 censeo,
775 1728 814 1771 ne
829 1714 863 1770 in
875 1712 935 1770 hoo
951 1711 1068 1770 scelere

62 1811 100 1853 ιιι
123 1794 246 1854 immani
265 1812 303 1856 aa
326 1796 458 1857 nefando
483 1792 572 1853 nimis
592 1793 709 1868 aliquid
730 1810 840 1855 severe
862 1793 1007 1855 statuisse
1024 1790 1068 1851 vi-

65 1877 185 1937 eamini=
207 1880 300 1939 multo
324 1878 421 1953 magis
439 1886 486 1937 est
506 1877 675 1937 verendum
690 1893 729 1936 ne
749 1876 931 1936 remissione
948 1888 1069 1950 poenae

63 1962 181 2022 rudeles
201 1961 232 2020 in
246 1963 372 2037 patriam
390 1977 483 2036 quam
505 1977 543 2019 ne
559 1959 721 2035 severitate
735 1956 1009 2020 animadversionis
1024 1955 1068 2017 ni-

62 2044 97 2103 uis
111 2044 308 2105 vehementes
322 2046 353 2104 in
368 2043 586 2104 acerbissimos
603 2042 709 2104 hostes
724 2043 821 2104 luisse
837 2039 1009 2102 videamini.

121 2123 187 2188 v11.
222 2127 271 2189 14.
295 2127 357 2188 Sed
373 2144 425 2200 ea,
443 2143 522 2202 quae
538 2126 680 2198 exaudio,
697 2134 797 2201 patres
816 2123 991 2200 conscripti,
1006 2123 1069 2185 dis-

63 2208 259 2272 imularen‘on
276 2229 414 2285 possum.
450 2210 603 2271 laciuntur
625 2209 706 2271 enim
722 2227 833 2284 voees,
859 2225 937 2285 quae
959 2222 1068 2282 perve-

62 2292 126 2356 niunt
138 2297 179 2354 ad
200 2310 291 2354 aures
307 2312 402 2369 meas,
417 2311 531 2366 eorum,
552 2293 603 2369 qui
618 2292 718 2354 vereri
735 2292 879 2354 videntur
893 2300 926 2351 ut
938 2291 1069 2350 habeam

62 2378 116 2438 atis
131 2377 277 2453 praesidii
290 2379 330 2438 ad
340 2395 387 2450 ea,
403 2395 483 2455 quae
491 2395 548 2438 vos
557 2376 876 2438 statueritislrodierno
886 2376 944 2445 die,
959 2370 1069 2434 transi-

62 2462 150 2527 unda.
188 2460 295 2522 Omnia
317 2470 346 2521 et
367 2461 493 2537 provisa
514 2469 545 2520 et
560 2470 664 2536 parata
685 2468 716 2520 et
733 2458 996 2529 constituamur,
1014 2462 1068 2531 pa-

62 2557 102 2604 res
117 2543 293 2619 conscripti,
313 2562 405 2620 quum
420 2561 488 2604 mea
501 2558 622 2604 ¹summa
637 2560 711 2605 eura
724 2552 816 2617 atque
837 2540 992 2617 diligentia
1006 2548 1069 2600 tum

62 2628 133 2690 nulto
156 2628 247 2689 etiam
264 2627 379 2688 maiore
398 2628 502 2703 populi
524 2625 653 2688 Romani
673 2627 713 2686 ad
734 2642 884 2686 summum
911 2621 1069 2699 imperium
1094 2635 1101 2646 ’

62 2708 229 2771 etinendum
247 2719 278 2771 et
297 2710 336 2769 ad
355 2727 532 2772 communes
551 2712 613 2770 lort
602 2718 692 2771 lunas
715 2701 944 2771 conservandas
961 2708 1069 2767 volun·
1098 2748 1101 2755 .

62 2800 110 2853 ate.
140 2794 254 2854 Omnes
267 2794 380 2854 adsunt
394 2794 527 2855 omnium
543 2795 683 2854 ordinum
700 2793 849 2864 homines,
866 2789 1000 2875 omnium
1017 2789 1069 2847 de

62 2873 133 2950 tque
148 2884 298 2938 aetatum:
317 2879 441 2950 plenum
465 2885 513 2938 est
526 2878 639 2949 lorum,
656 2877 748 2952 plena
761 2875 874 2949 templa
894 2850 1007 2932 circum
1024 2871 1070 2928 to

62 2973 121 3033 um,
145 2958 229 3036 pleni
252 2976 359 3020 omnes
381 2961 483 3020 aditus
504 2959 594 3020 huius
617 2959 723 3034 templi
743 2975 779 3019 ao
800 2956 870 3017 looi.
908 2954 1008 3013 Causa
1022 2958 1070 3012 est
1118 3031 1121 3038 Ι

62 3042 120 3103 nim
135 3052 210 3119 post
225 3043 331 3103 urbem
346 3044 499 3103 eonditum
516 3042 593 3102 haee
613 3042 738 3102 iuventa
758 3038 871 3101 solam
887 3052 949 3111 que
962 3050 1069 3094 omnes

62 3125 187 3186 entirent
212 3143 305 3187 unum
326 3134 418 3200 atque
438 3123 518 3184 idem
533 3133 740 3198 praeterens,
768 3121 821 3197 qui
842 3136 935 3195 quum
951 3116 1011 3180 sibi
1024 3117 1069 3176 vi-

62 3212 148 3270 erent
162 3225 235 3271 esse
249 3210 448 3285 pereundum,
463 3223 532 3268 eum
548 3205 689 3267 omnibus
703 3204 910 3280 potiusquam
926 3201 984 3263 soli
1000 3218 1069 3278 per-

62 3307 85 3351 re
98 3293 270 3354 voluerunt.
304 3291 354 3355 15.
383 3293 486 3352 Hosoe
508 3305 566 3365 ego
587 3287 726 3350 homines
749 3286 872 3385 excipio
894 3295 925 3349 et
939 3302 1069 3348 secerno

62 3374 176 3449 beuter,
190 3391 293 3452 neque
307 3375 339 3436 in
353 3375 560 3452 improborum
577 3370 704 3448 civium,
725 3370 832 3432 sedin
855 3369 1069 3516 ιίιιιιιιειιιιο-

85 3472 137 3517 ιιι.
155 3473 246 3551 oum.
