2356 3854
108 189 174 254 aaa
315 246 318 259 ,
360 185 433 246 rao
447 186 488 245 ιι.
504 180 711 244 ιιιιιιιιιιο
729 178 882 304 orario.

24 354 28 357 ·
106 359 176 402 mus
192 349 273 399 tuam
287 336 445 399 victoriam
465 332 649 409 proeliorum
674 328 756 389 exitu
774 294 984 390 terminatam.
1006 330 1123 428 gladium

107 423 218 498 vagina
235 437 361 480 vacuum
377 420 408 479 in
420 419 494 479 urbe
510 433 571 476 non
588 415 728 474 vidimus.
765 412 848 486 Quos
865 412 1028 474 amisimus
1041 413 1124 490 cives,

108 522 163 567 eos
178 503 282 562 Martis
299 502 347 562 vis
363 500 506 576 perculit,
521 516 581 559 non
596 497 641 556 ira
655 495 808 567 victoriae,
824 501 859 554 ιιι
875 495 1017 556 dubitare
1029 498 1128 559 debeat

107 603 196 648 nemo
210 584 283 661 quin
297 587 423 657 multos,
445 601 471 643 sr
462 583 550 642 fieri
565 589 686 656 posset,
705 578 736 637 C.
754 578 865 637 Caesar
878 579 918 638 ab
936 579 1044 640 inieris
1059 581 1128 643 ιιιιέ

108 678 199 744 taret,
217 668 363 742 quoniam
387 684 426 727 ex
449 665 556 724 eadem
576 664 642 723 acie
657 667 821 722 conservat
834 679 916 736 qnos
931 671 1046 737 potest.
1085 665 1129 726 Al

107 754 202 818 terius
217 767 291 811 vero
309 749 403 826 partis
417 749 491 808 nihil
505 748 634 821 amplius
649 745 863 818 dicam-quam,
882 745 915 807 id
930 748 1020 820 quod
1033 764 1130 809 omues

108 834 302 904 verebamur,
326 831 415 892 nimis
429 831 605 890 iracundam
622 831 749 888 laturam
765 827 862 889 luisse
875 828 1048 890 victoriam.
1088 829 1129 893 lt

109 917 236 992 Quidam
253 916 333 977 enim
347 931 409 976 uon
425 914 515 974 modo
529 912 661 984 armatis,
677 911 733 970 sed
749 909 899 970 interdum
915 912 1010 973 etiam
1027 912 1129 975 ociosis

107 1000 298 1060 minabantur
313 1015 370 1058 nec
385 994 458 1073 quid
474 998 605 1070 quisque
619 994 776 1066 sensisset,
792 995 849 1054 sed
863 994 918 1054 ubi
933 997 1049 1058 fuisset
1059 998 1129 1073 cogi·

107 1084 231 1144 tandum
247 1099 318 1142 esse
333 1080 488 1142 dicebant
511 1088 543 1139 ut
563 1078 635 1138 mihi
657 1072 780 1154 quidem
795 1076 961 1141 videantur
975 1079 1031 1140 di
1022 1098 1128 1141 immor·

108 1166 298 1237 tolosatium
317 1164 344 1224 si
359 1179 476 1259 poenas
491 1164 636 1237 apopulo
646 1162 784 1222 Romano
800 1161 840 1221 ob
840 1162 989 1254 aliquod
1001 1164 1128 1225 delidun

109 1247 329 1321 expetiv‚arunt
345 1247 397 1322 qui
418 1245 506 1313 civile
520 1246 631 1305 bellum
648 1252 764 1305 tantum
776 1252 807 1305 et
822 1231 883 1305 tam
897 1247 1077 1308 luctuosum
1088 1263 1127 1307 ex
1168 1310 1170 1333 ÷

109 1330 274 1400 citaverint,
288 1331 337 1388 ιιι
352 1326 484 1403 placati
475 1345 534 1388 ram
549 1330 597 1388 vel
614 1327 712 1388 satiati
728 1328 893 1403 aliquando
910 1345 1039 1391 omnem
1057 1347 1127 1406 spen

108 1411 215 1470 salutis
230 1412 269 1470 ad
283 1411 471 1470 clementiam
488 1411 611 1472 victoris
626 1420 656 1471 et
672 1411 852 1486 sapientiam
867 1413 1053 1491 contulisse.

18 1566 21 1571 .
56 1502 59 1507 '
168 1491 218 1554 19.
239 1493 305 1566 Qua
318 1510 353 1552 re
368 1494 468 1568 gaude
483 1502 534 1554 tuo
550 1495 608 1554 isto
624 1503 684 1554 tarn
700 1495 860 1554 excellenti
874 1495 976 1568 bono,
996 1508 1029 1559 et
1044 1499 1127 1558 liuere

109 1592 202 1652 quum
215 1577 334 1637 fortuna
349 1585 379 1636 et
393 1577 489 1650 gloria
503 1579 670 1638 tumeliam
684 1586 791 1638 natura
804 1587 835 1637 et
848 1578 1082 1647 moribustuis:
1100 1596 1128 1640 ex

34 1691 40 1701 x
110 1654 171 1735 quo
198 1660 321 1735 quidem
348 1659 498 1721 maximus
524 1669 572 1721 est
592 1662 707 1721 fructus
732 1659 972 1737 iucunditasque
999 1662 1128 1739 sapienti.

109 1741 234 1803 Caetera
250 1761 344 1820 quum
357 1753 409 1804 tua
422 1744 638 1814 recondebam,
660 1743 718 1804 etsi
736 1759 887 1818 persaepe
904 1745 1028 1818 virtuti,
1044 1756 1128 1808 tamen

107 1827 288 1903 plerumque
303 1827 433 1887 felicitati
450 1835 520 1888 tuae
542 1827 746 1902 gratulaberis:
767 1828 806 1886 de
831 1827 938 1900 nobis,
961 1846 1045 1905 quos
1064 1827 1092 1889 in
1104 1843 1129 1887 rc

107 1910 230 2006 publica
241 1920 341 1971 tecum
357 1911 446 1970 simul
462 1913 565 1971 salvos
577 1925 647 1970 esse
661 1909 800 1983 voluisti,
817 1909 962 1984 quotiens
981 1912 1128 1988 cogitabis,

109 1990 218 2052 totiens
231 1994 269 2052 de
283 1993 421 2053 maximis
436 1997 496 2053 tuis
511 1991 684 2065 beneficiis,
700 1993 811 2053 totiens
827 1994 867 2054 de
883 1993 1060 2058 incredibili
1071 1997 1130 2056 libe·

106 2074 238 2149 ralitate,
259 2076 369 2157 totiens
392 2077 430 2136 de
452 2076 597 2150 singulari
614 2074 766 2171 sapientia
786 2086 838 2138 tua
866 2076 1037 2152 cogitabis·
1065 2092 1130 2155 quaa

108 2174 167 2216 non
181 2159 272 2218 modo
284 2152 400 2218 summa
414 2161 504 2228 bona,
522 2159 577 2218 sad
592 2158 732 2218 nimirum
746 2161 867 2221 audebo
882 2163 932 2220 vel
946 2164 1018 2222 sola
1031 2163 1131 2224 dicere

106 2241 224 2301 Tantus
233 2250 281 2303 est
293 2242 372 2302 euim
392 2242 558 2317 splendor'
549 2259 580 2301 m
595 2241 685 2301 laude
696 2260 777 2317 vera,
789 2245 891 2304 tanta
883 2261 913 2302 un
929 2242 1131 2319 magnitudine

107 2323 199 2384 animi
214 2334 243 2386 et
259 2324 378 2387 consilii
394 2325 534 2402 dignitas,
549 2333 582 2386 ut
596 2327 673 2405 haec
687 2342 705 2384 a
717 2324 826 2387 virtute
842 2327 966 2400 donata,
984 2337 1131 2391 caeterea

106 2407 227 2466 fortuna
249 2410 439 2470 commodata
458 2426 527 2469 esse
548 2408 715 2470 videantur.
758 2407 808 2471 20.
829 2408 897 2470 Noli
913 2408 1011 2484 igitur
1024 2412 1056 2474 iu
1070 2426 1131 2471 con·

107 2489 266 2549 servandis
286 2490 376 2552 bonis
396 2492 470 2554 viris
490 2492 665 2567 defatigari,
691 2509 752 2551 uon
773 2491 938 2567 cupiditate
959 2494 1132 2570 praesertim

106 2570 208 2653 aliqua
219 2582 270 2641 apt
280 2575 428 2647 pravitate
442 2574 547 2650 lapsis,
563 2578 619 2636 sed
631 2573 772 2650 opinione
784 2576 878 2637 olflcii
888 2577 983 2639 stulta
999 2579 1131 2645 ιοιιιιιθ,

106 2663 188 2716 certe
205 2670 266 2715 non
282 2655 429 2731 improba,
446 2668 477 2718 et
488 2657 592 2733 specie
608 2660 737 2733 quatiam
749 2659 795 2719 rei
809 2659 966 2735 publicae:
982 2659 1131 2722 nonaum

22 2766 24 2779 ·
104 2746 155 2798 tua
171 2740 232 2798 ulla
247 2739 337 2814 eulpa
353 2748 415 2810 ast,
438 2742 464 2801 si
485 2750 515 2802 te
530 2741 624 2817 aliqui
634 2742 812 2814 timuerunt·
820 2749 1005 2820 contraque
1028 2757 1133 2806 summi

105 2822 180 2893 laus,
199 2823 283 2897 quod
297 2822 419 2882 minime
436 2825 600 2884 timendum
616 2824 712 2885 luisse
728 2835 899 2886 senserunt.

166 2906 232 2964 Vll.
245 2905 297 2968 at.
312 2907 398 2967 Nunc
412 2907 500 2968 venio
512 2909 552 2968 ad
566 2907 777 2982 gravissimam
793 2911 954 2988 quereiam
965 2918 1000 2972 et
1015 2908 1133 2974 atrocia

105 2985 211 3048 simam
231 2989 440 3063 suspicionem
461 2998 559 3051 tuam:
583 3007 664 3066 qnae
690 3007 751 3050 non
776 2990 910 3086 tibiipsi
931 2994 1036 3068 magis
1052 3008 1132 3071 quum

105 3084 197 3142 quum
212 3072 352 3133 omnibus
367 3073 512 3134 civibust
500 3081 562 3134 tum
579 3073 709 3135 maxime
727 3075 832 3146 nobis,
855 3073 906 3148 qui
929 3092 949 3136 ι
968 3084 1003 3138 te
1019 3091 1131 3140 consec

104 3151 164 3209 vati
182 3170 303 3228 sumus,
325 3155 515 3230 providenda
529 3164 590 3216 est·
614 3173 704 3234 quarn
725 3157 784 3217 etsi
804 3173 897 3232 spero
921 3160 1037 3221 lalsam
1063 3175 1132 3227 esst,

104 3237 203 3292 tamen
219 3253 383 3333 numquam
399 3240 570 3300 extenuabo
584 3239 697 3300 verbis.
740 3241 804 3300 Tua
825 3239 905 3300 enim
922 3244 1028 3305 cautio
1039 3251 1134 3305 nostra

103 3324 203 3375 cautio
219 3327 279 3389 ast,
304 3329 336 3380 ut
350 3321 378 3379 si
392 3320 423 3379 in
438 3317 580 3382 alterutro
595 3323 784 3398 peccandum
799 3325 848 3394 sit
863 3324 967 3389 malim
980 3325 1082 3388 videri
1095 3323 1131 3383 ni-

102 3397 160 3458 mis
174 3398 298 3461 timidus
314 3416 415 3475 quam
419 3419 526 3476 parum
540 3407 686 3479 prudens
712 3405 774 3468 Sed
789 3406 933 3482 quisnam
947 3417 1000 3474 est
1010 3409 1069 3474 iste
1079 3415 1130 3469 tam
