2356 3854
415 80 426 117 b

370 124 563 226 ’σω-ε.
582 159 735 230 §.t-14.
1009 167 1073 235 sos

60 313 152 384 redo,
171 311 257 387 quod
270 311 405 373 nondum
425 312 546 388 penitus
566 313 597 372 in
615 331 648 374 re
665 317 788 390 publica
803 320 964 392 versabar,
987 323 1071 394 qnod

60 396 179 457 andum
190 394 231 455 ad
240 396 433 470 propositum
444 396 516 456 milri
528 397 620 456 linem
629 397 754 460 honoris
767 417 975 475 perveneram,
987 404 1071 477 quod

60 495 88 539 na
103 477 231 545 ambitio
247 484 279 538 et
292 477 423 539 lorensis
438 480 525 539 labor
539 479 577 539 ab
594 480 677 539 omni
693 480 745 540 illa
759 483 943 557 cogitatione
954 486 1071 546 abstra-

60 563 142 621 tebat
184 559 239 627 12.
255 558 329 634 Quis
345 577 419 636 ergo
434 562 575 623 intererat
590 563 701 623 vestris
719 567 876 626 consiliis?
904 567 1015 627 Omnes
1029 568 1069 641 hi,

60 660 122 727 inps
133 641 224 703 vides
236 643 306 704 huic
317 644 437 717 adesse,
450 655 480 706 et
493 645 523 704 in
538 644 642 718 primis
655 645 688 718 Q.
699 646 895 708 Hortensius:
911 642 963 724 qni
977 667 1071 725 quum
1152 670 1154 681 ·

60 734 168 802 nopter
188 714 336 789 honorem
355 743 392 787 ac
413 728 587 802 dignitatern
607 736 698 802 atque
724 729 856 789 animum
873 732 1016 793 eximium
1038 733 1069 795 in

60 825 105 869 ¹era
115 808 271 885 publicam
282 817 345 871 tum
360 819 485 885 propter
506 828 653 871 summam
665 811 893 872 familiaritatem
907 832 1070 879 summum-

60 909 102 966 ne
117 906 255 953 arnonem
270 891 301 953 in
315 902 432 967 patrem
445 901 527 953 tuum
543 910 635 968 quum
653 893 863 954 communibus
878 905 940 957 tum
954 899 1070 971 praeci-

60 976 112 1037 ›uis
128 973 228 1050 patris
243 975 287 1035 tui
302 975 447 1053 perieulis
465 977 721 1047 commovebatur.
763 978 843 1050 Ergo
859 977 947 1045 istius
965 979 1070 1039 caniu-

60 1059 168 1119 ationis
186 1056 299 1119 crimen
315 1059 474 1119 defensum
489 1060 527 1127 ab
542 1076 579 1119 eo
595 1066 651 1130 est,
667 1058 720 1132 qui
733 1058 875 1132 interfuit,
892 1050 943 1134 qui
955 1076 1069 1134 cogno-

60 1140 92 1215 ¹it,
108 1141 163 1216 qui
178 1139 333 1216 particeps
354 1149 384 1201 et
400 1140 518 1201 consilii
540 1141 633 1200 vestri
653 1142 709 1202 luit
731 1149 762 1203 et
780 1142 912 1204 timorisr
935 1143 1022 1205 cuius
1039 1143 1070 1204 in

60 1241 102 1285 loc
116 1222 245 1284 crimine
258 1220 469 1298 propulsando
486 1241 577 1298 quum
592 1233 675 1284 esset
686 1224 901 1302 copiosissima
915 1235 1007 1301 atque
1021 1243 1070 1288 or-

60 1305 201 1367 tatissima
216 1305 321 1380 orado,
337 1315 436 1367 lernen
457 1324 517 1365 non
539 1305 638 1368 minus
661 1307 849 1368 auctoritatis
869 1307 965 1369 inerat
986 1309 1016 1369 in
1032 1326 1070 1370 ea

60 1407 136 1462 tuam
149 1389 310 1450 facultatis.
354 1389 436 1448 lilius
452 1388 542 1463 igitur
555 1388 779 1463 coniurationis,
796 1408 876 1466 quae
891 1400 996 1453 eontra
1009 1409 1069 1473 vos

60 1481 137 1545 aeta,
161 1473 262 1532 delata
278 1473 317 1531 ad
341 1488 413 1546 vos,
441 1474 558 1534 avabis
575 1474 693 1547 prolata
712 1486 784 1534 esse
800 1474 923 1548 dicitur,
946 1492 1003 1549 ego
1026 1484 1070 1535 te·

60 1558 97 1616 tis
112 1570 262 1616 essenon
278 1554 375 1629 potui:
398 1572 457 1615 non
474 1558 565 1617 modo
579 1555 679 1616 animo
695 1555 768 1615 nibil
785 1557 928 1632 comperi,
946 1559 1001 1618 sed
1016 1557 1070 1616 vix

63 1640 187 1698 daures
203 1653 286 1697 meas
304 1637 392 1698 istius
406 1638 591 1712 suspicionis
603 1641 683 1698 fama
696 1639 844 1713 pervenit.
877 1639 925 1701 13.
945 1641 1000 1712 om
1016 1656 1069 1699 vo·

60 1721 90 1781 is
108 1721 140 1781 iu
156 1719 285 1780 consilio
301 1721 429 1793 fuerunt,
445 1720 496 1794 qui
515 1722 673 1780 vobiscum
690 1722 740 1779 illa
755 1731 939 1794 cognorunt,
958 1722 1069 1796 quibus

60 1805 118 1877 ¹osis
135 1803 302 1878 perieulum
316 1813 379 1869 tum
390 1802 516 1862 conllari
532 1804 701 1876 putabatur,
717 1802 768 1875 qui
779 1802 927 1862 Aratronio
940 1820 1001 1862 non
1016 1803 1068 1861 ad·
1106 1866 1111 1887 Ι

60 1894 174 1959 terunt,
191 1885 243 1960 qui
259 1885 288 1945 in
304 1884 386 1945 illum
401 1884 573 1945 testimonia
585 1885 690 1960 gravia
701 1883 851 1958 dixerunt,
867 1886 948 1945 hune
966 1886 1068 1944 delan-

60 1977 126 2043 .unt,
143 1967 215 2029 huic
229 1969 355 2041 adsunt,
375 1967 405 2027 in
420 1966 510 2027 huius
532 1968 667 2041 periculo
690 1967 845 2028 declarant
874 1985 908 2028 se
930 1984 990 2028 non
1013 1966 1068 2031 ttri-
1090 1976 1092 1981 “
1156 2036 1160 2043 „

60 2053 124 2114 rine
134 2050 361 2124 coniurationis,
376 2066 414 2109 ne
425 2052 572 2111 adessent
587 2049 724 2122 caelenis,
741 2052 797 2110 sed
808 2051 962 2112 hominum
978 2053 1069 2111 male·
1149 2112 1152 2125 ,

60 2136 112 2196 ¹cio
130 2133 291 2194 deterritos
314 2150 394 2194 esse.
436 2133 497 2193 Mei
519 2135 694 2194 consulatus
715 2143 814 2194 autem
830 2139 956 2209 tempus
967 2143 998 2197 et
1013 2133 1069 2193 cri-

60 2228 116 2279 ren'
129 2217 280 2277 maximae
303 2216 518 2277 coniurationis
535 2234 553 2275 a
568 2234 616 2276 me
637 2217 825 2277 defendetur.
868 2220 970 2293 Atque
993 2218 1069 2275 haec

60 2310 120 2361 nter
135 2315 195 2361 nos
210 2298 328 2374 partitio
343 2318 403 2361 non
419 2309 466 2360 est
484 2298 614 2372 fortuito,
632 2299 759 2371 iudices,
781 2316 838 2359 nec
852 2308 965 2360 temere
980 2301 1067 2369 lacta,

60 2385 99 2445 ed
113 2400 209 2459 quum
220 2382 393 2443 videremus
407 2400 511 2444 eorum
524 2381 680 2442 criminum
695 2398 753 2441 nos
765 2391 911 2456 patronos
923 2379 1069 2451 adhiberi,

60 2483 174 2542 ,nomm
189 2458 283 2528 t'estes
296 2482 366 2526 esse
382 2482 553 2540 possemus,
565 2473 693 2538 uterque
707 2473 844 2526 nostrum
859 2462 890 2524 id
903 2464 960 2524 sibi
973 2463 1070 2525 susci·
1173 2472 1176 2476 ’

60 2551 189 2612 lendum
206 2550 330 2625 putavit,
349 2550 387 2609 de
401 2566 461 2623 qua
478 2546 592 2623 aliquid
608 2548 687 2608 scire
702 2547 770 2621 ipse
785 2556 877 2622 atque
893 2547 1068 2607 existimare

60 2633 204 2695 otuisset.
229 2634 267 2691 V.
285 2629 335 2705 14.
357 2632 395 2695 Et
409 2632 552 2707 quoniam
566 2632 604 2690 de
621 2630 795 2692 criminibus
810 2630 979 2706 superioris
996 2647 1067 2690 aon·
1117 2642 1127 2652 ‘

60 2715 203 2777 nationis
215 2715 407 2775 Hortensium
420 2715 577 2789 diligenter
588 2713 725 2788 audistis,
735 2715 773 2775 de
785 2715 841 2774 hac
853 2714 1069 2785 coniuratione,

60 2810 123 2874 luae
137 2815 188 2858 me
203 2798 330 2858 consule
346 2799 424 2856 iacta
439 2806 495 2870 est,
512 2797 571 2856 hoc
586 2795 715 2869 primurn
730 2797 883 2858 attendite.
944 2818 947 2827 ·

125 2882 229 2957 Multa,
246 2896 338 2954 quum
348 2876 450 2940 'essem
464 2879 581 2949 consui,
597 2879 635 2937 de
644 2880 772 2946 summis
783 2880 826 2939 rei
841 2880 980 2953 publicae
992 2875 1070 2950 peri·

60 2965 119 3027 ulls
133 2961 249 3035 audivi,
264 2964 358 3023 multa
374 2960 521 3036 quaesivi,
537 2962 629 3020 multa
646 2960 792 3035 cognovit
809 2962 909 3021 nullus
926 2973 1069 3032 umquam

63 3047 178 3109 eSulla
191 3044 321 3117 nuncius
336 3045 374 3103 ad
388 3058 446 3115 me,
461 3044 573 3102 nullum
588 3041 741 3116 indicium,
757 3044 858 3102 nullae
872 3043 987 3102 litterae
1003 3056 1069 3114 per·

60 3136 202 3203 'eneruut'
220 3128 302 3189 nulla
319 3125 464 3200 suspicio.
507 3124 631 3184 Mullum
653 3126 806 3184 haec-vox
824 3126 954 3184 tortasse
969 3124 1070 3183 valere

60 3215 171 3274 leberet
184 3211 252 3275 'eius
265 3209 405 3278 bominis,
427 3206 479 3281 qui
494 3207 601 3267 consul
615 3206 742 3267 insidias
756 3206 801 3266 rei
816 3206 955 3280 publicae
969 3205 1069 3266 censis

60 3296 84 3357 io
98 3294 325 3370 investigasset,
336 3290 461 3351 veritate
476 3288 655 3363 aperuisset,
676 3289 881 3363 magnitudine
898 3289 988 3349 animi
1005 3287 1069 3348 vin·

60 3379 187 3451 beasset,
205 3393 296 3453 quum
310 3375 338 3435 is
356 3391 389 3436 se
405 3372 476 3449 nihil
497 3371 621 3433 audisse
636 3373 674 3435 de
688 3371 719 3433 Ρ.
735 3371 826 3443 Sulla,
842 3371 915 3434 nihil
932 3371 1068 3448 suspica·
