2356 3854
270 213 281 309 ’ἱ
346 221 802 289 cnl.te-—51.t.1ot-11a
1045 226 1087 291 85

70 377 131 440 iae=
151 376 211 436 hoc
232 375 289 435 iste
310 388 328 432 e
348 372 436 448 signo
460 373 577 434 Cereris
599 375 791 434 avellendum
805 376 1088 453 asportandumque

70 459 179 522 tumuit.
301 496 305 502 »

135 543 168 600 L.
196 539 252 615 Qui
267 539 389 600 tandem
406 538 493 600 istius
514 537 632 599 animus
657 548 704 600 est
722 555 802 598 nunc
822 538 852 598 in
873 542 1087 604 recordatione

70 627 204 686 celerum
222 639 355 695 suorum,
373 639 466 697 quum
481 637 537 696 ego
552 621 620 697 ipse
635 623 966 685 incommemoratione
980 642 1087 687 eorum

70 727 119 775 ton,
129 709 230 770 solum
245 705 345 768 animo
363 721 571 777 commovear,
588 705 799 765 verumetiam
814 721 945 782 corpore
960 710 1085 783 perbor-

70 798 194 854 escamt
214 789 306 850 Venit
323 789 402 849 enim
416 788 488 849 mihi
507 787 581 860 latri,
598 788 847 863 loci„religi0nis
865 788 945 849 illius
960 791 990 850 in
1003 809 1087 852 men·

70 893 127 937 em:
140 873 377 935 versanturante
386 871 613 933 oculosomnia=
627 871 694 932 dies
701 871 760 946 ille,
769 888 830 946 quo
841 889 935 946 quum
942 889 999 948 ego
1006 875 1085 934 Hen-

70 977 122 1020 tam
149 958 320 1030 venissem,
336 964 458 1031 praesto
475 954 547 1014 mihi
563 956 741 1015 sacerdotes
760 954 878 1015 Cereris
894 971 962 1027 cum
983 957 1087 1018 infulis

70 1059 91 1103 tc
104 1039 247 1102 uerbenis
263 1041 397 1100 luerunt:
413 1037 513 1100 contio
527 1047 757 1113 conventusque
770 1037 896 1098 civium:
912 1038 942 1097 in
955 1057 1016 1114 quo
1029 1056 1086 1114 ego

70 1122 147 1202 tuum
164 1126 323 1200 loquerer,
336 1122 410 1184 tanti
426 1121 554 1197 gemitus
574 1121 727 1198 fletusque
742 1123 863 1195 fiebant,
878 1128 911 1192 ut
924 1123 1093 1186 acerbissi-.

70 1204 122 1270 uus
137 1203 201 1269 tota
211 1201 292 1268 urbe
308 1208 408 1268 luctus
423 1206 547 1266 versari>
557 1205 722 1266 videretur
751 1202 822 1266 111.
844 1207 912 1265 Non
936 1205 979 1265 illi
995 1207 1087 1266 decu-

70 1308 169 1353 narum
178 1289 315 1365 imperia,
326 1307 387 1350 non
398 1291 549 1350 bonorum
561 1289 757 1365 direptiones,
770 1306 833 1350 non
845 1287 951 1365 iniqua
964 1288 1088 1371 iudicia,

70 1392 117 1436 ron
133 1375 325 1450 'importunas
342 1373 430 1434 istius
446 1371 603 1446 libidines,
617 1391 678 1434 non
692 1373 769 1445 vim,
790 1389 852 1434 non
875 1372 1086 1447 contumelias,

69 1456 164 1534 {uibus
186 1456 290 1518 vexati
314 1455 518 1532 oppressique
539 1465 638 1530 erant,
663 1457 941 1532 conquerebantur}
968 1456 1088 1517 Cereris

70 1559 174 1616 tumen,
192 1556 350 1601 sacrorum
365 1547 554 1613 vetustatem,
569 1539 632 1598 lani
648 1539 836 1615 religionem,
851 1540 939 1600 istius
955 1541 1086 1600 scelera·

70 1623 162 1686 issimi
182 1632 275 1698 atque
289 1621 485 1683 audacissimi
500 1621 653 1697 supplicio
669 1623 786 1697 expiari
802 1623 964 1682 volebant=
986 1623 1089 1682 omnia

70 1724 91 1768 re
104 1715 225 1773 caetera
242 1705 305 1782 pati
318 1722 355 1766 ac
369 1705 524 1780 negligere
542 1705 693 1765 dicebant.
721 1705 778 1764 Hic
793 1704 882 1764 dolor
896 1712 961 1764 erat
975 1712 1086 1777 tantus

69 1799 88 1852 tt
100 1792 216 1851 Verres
237 1791 313 1850 alter
335 1788 431 1849 Orcus
445 1787 570 1850 venisse
583 1788 723 1847 Hennam
743 1795 774 1847 et
794 1802 855 1845 non
873 1787 1088 1862 Proserpinam

70 1883 242 1950 asportasse,
265 1873 321 1933 sed
336 1872 435 1948 ipsam
447 1869 621 1944 abripuisse
634 1868 773 1940 Cererem
785 1867 947 1930 videretur.
969 1869 1088 1931 Etenim

70 1959 125 2018 ubs
140 1959 192 2017 illa
205 1973 268 2017 non
282 1957 355 2016 urbs
374 1954 506 2026 videtur,
523 1953 579 2013 sed
594 1955 696 2013 lanum
711 1951 930 2014 Cereris'esse=
951 1953 1088 2015 habitare
1156 1988 1172 2027 3

70 2042 135 2116 tpud
151 2057 224 2102 sese
239 2040 377 2100 Cererem
385 2039 566 2097 Hennenses
578 2036 773 2097 arbitrantur:
790 2043 822 2097 ut
835 2036 909 2097 mihi
925 2055 987 2099 non
1003 2037 1088 2098 cives

70 2124 132 2185 llius
148 2122 295 2194 civitatis,
313 2123 369 2182 sed
385 2137 491 2181 omnes
507 2121 699 2194 sacerdotes
719 2136 825 2182 omues
847 2123 973 2181 accolae
992 2130 1086 2196 atque

70 2207 202 2269 tntistites
221 2205 339 2266 Cereris
354 2221 425 2265 esse
440 2204 609 2266 videantur.
638 2200 708 2266 112.
724 2205 832 2264 Henna
848 2213 879 2265 tu
894 2205 1089 2264 simulacrum

70 2289 178 2362 dereris
191 2290 299 2350 tollere
322 2289 480 2348 audebas?
514 2290 622 2349 Henna
635 2296 674 2349 'tu
689 2289 728 2348 de
743 2286 969 2348 manu'Cereris
984 2287 1088 2347 Victo·
1127 2328 1129 2336 ι

70 2374 128 2433 iam
143 2373 284 2448 deripere
295 2381 330 2432 ct
343 2374 432 2432 deam
449 2372 525 2432 deae
543 2372 704 2432 detrahere
725 2379 853 2431 conatus
872 2379 930 2430 est
956 2387 1087 2446 quorum

70 2454 127 2516 nihil
136 2457 263 2528 violare,
279 2454 353 2515 nihil
367 2455 513 2529 attingere
524 2455 591 2525 ausi
610 2463 687 2526 sunt,
705 2453 735 2514 in
752 2453 863 2529 quibus
878 2463 963 2515 erant
978 2456 1089 2528 omnia,
1125 2494 1127 2501 ·

70 2554 135 2614 quae
151 2538 263 2600 sceleri
274 2538 420 2614 propiora
434 2548 504 2600 sunt
519 2554 608 2612 quam
623 2537 773 2612 religioni.
812 2538 986 2600 Tenueruut
998 2538 1089 2613 enim,

70 2619 216 2698 e'Popttio
230 2622 261 2681 P.
279 2621 402 2697 Rupilio
422 2623 609 2696 consulibus,
630 2622 714 2682 illum
728 2623 828 2683 locum
846 2623 937 2696 servi,
960 2621 1088 2697 fugitivi,

70 2701 188 2780 barbari,
211 2706 327 2766 hostes.
358 2705 419 2787 Sed
436 2722 537 2781 neque
554 2715 613 2766 tam
633 2705 715 2790 servi
729 2705 772 2766 illi
788 2702 980 2769 dominorum
996 2699 1107 2780 quamss

70 2795 93 2847 tu
105 2790 274 2863 libidinum,
289 2805 391 2865 neque
406 2797 465 2850 tam
482 2789 597 2864 fugitivi
616 2788 659 2849 illi
679 2791 717 2850 ab
738 2789 870 2850 dominis
892 2807 984 2865 quam
999 2797 1032 2849 tu
1049 2789 1088 2846 ab

70 2868 121 2933 iure
136 2873 363 2948 etab'legibus,
389 2883 489 2949 neque
503 2882 564 2934 tam
578 2873 700 2933 barbari
723 2873 825 2948 lingua
846 2880 877 2933 et
896 2872 1020 2933 nauone
1045 2869 1089 2931 illi

71 2969 146 3028 quam
161 2965 194 3016 tu
211 2966 318 3017 natura
342 2965 372 3017 et
391 2958 547 3030 moribus,
575 2973 675 3032 neque
689 2965 750 3017 tam
765 2955 808 3015 illi
829 2956 936 3016 hostes
960 2953 1089 3017 nomini-

70 3031 114 3098 bus
129 3057 217 3115 quam
237 3048 269 3101 tu
287 3039 335 3100 dis
351 3039 579 3100 immortalibus.
602 3040 685 3114 Quae
700 3038 876 3114 deprecatio
892 3045 940 3097 est
955 3037 1053 3113 igitur
1061 3042 1089 3102 ei

72 3120 186 3198 reliqua,
202 3125 255 3200 qui
272 3122 449 3198 indignitate
463 3136 582 3195 servae,
598 3122 765 3183 temeritate
787 3120 948 3199 fugitivos,
971 3124 1088 3183 scelere

72 3199 210 3279 barbaros,
227 3207 404 3267 crudelitate
418 3202 666 3264 hostesviceritt
684 3206 731 3263 Ll.
749 3204 820 3266 113.
836 3205 975 3268 Audistis
990 3205 1087 3267 Theo·
1172 3208 1175 3215 “

74 3283 160 3348 dorum
176 3298 206 3351 et
219 3289 400 3350 Numenium
415 3297 445 3349 et
459 3281 662 3358 Nicasionem,
677 3289 794 3362 legatos
809 3287 1008 3363 Hennenses,
1031 3307 1086 3365 pu-

74 3361 909 3448 blicedicereseseasuiscivibusbacchaberemandata,
926 3376 1087 3434 utV'errem

75 3449 171 3518 aunem
185 3464 215 3519 et
229 3473 298 3518 eum
315 3455 511 3517 simulacrum
526 3453 644 3516 Cereris
661 3463 691 3514 et
701 3456 728 3512 V
731 3453 855 3517 istoriae
870 3462 1086 3533 reposcerenb
