2356 3854
99 186 102 191 “
205 272 208 277 ι
289 239 299 251 „
359 152 775 257 cst-aasm-rn
1019 182 1084 251 sos

46 331 119 392 cula
136 327 270 403 Scantia,
287 328 360 405 quid
374 331 415 392 do
429 333 628 397 adolescente
641 333 674 391 p,
690 331 803 409 Apinio
821 333 942 394 dicaml
955 351 1083 410 quorum

46 411 171 487 utrique
185 420 312 474 mortem
326 421 375 473 est
391 413 554 501 minitatus,
569 413 628 474 nisi
642 413 701 474 sibi
714 416 870 476 hortorum
881 417 1083 490 possessione
1137 444 1140 453 ·

46 494 219 557 cessIssent
231 518 288 550 -ι
302 496 358 555 sed
374 512 482 558 ausum
500 512 571 559 esse
585 496 727 557 Furfanio
743 497 859 570 dicere,
876 499 903 559 si
917 499 975 560 sibi
991 517 1082 577 pecu·

46 578 140 649 niam,
157 586 299 652 quantam
316 588 509 654 poposcerat,
529 596 590 639 non
607 578 752 651 dedisset
769 589 918 642 mortuum
931 598 965 642 se
982 582 1011 642 in
1027 584 1082 655 do·
1117 584 1135 646 '.

46 661 210 722 mumolus
227 660 393 733 illaturum,
415 680 476 737 qua
496 661 610 722 invidia
630 661 701 722 huic
720 670 804 729 esset
817 663 869 723 tali
885 663 950 724 viro
966 663 1081 725 conlln-

46 743 212 820 grandumc
238 743 289 819 qui
303 741 436 820 Appium
460 746 596 819 fratrem,
617 743 769 805 hominem
790 743 863 804 mihi
887 746 1083 809 coniunctum

46 826 198 888 fidissima
210 826 322 901 grafia,
339 827 496 888 absentem
518 829 556 888 de
572 826 773 903 possessione
787 826 873 887 lundi
887 828 1012 890 deiecit:
1028 831 1082 906 qui

46 909 196 986 parietem
208 909 252 968 sic
267 926 323 985 per
334 911 514 971 vestibulum
530 911 646 973 sororis
658 909 787 971 instituit
798 910 921 983 ducere,
933 910 978 971 sic
990 929 1082 987 agere

46 992 260 1066 fundamenta,
280 1001 314 1052 ut
328 1009 466 1054 sororem
483 1010 545 1054 non
560 995 652 1055 modo
679 991 834 1054 vestibulo'
850 993 997 1067 privaret,
1025 997 1082 1056 sed

46 1074 129 1138 omni
147 1075 275 1136 adlinet
290 1073 400 1135 limine.

110 1157 244 1219 XXVIII.
274 1155 324 1220 76.
343 1158 531 1232 Quamquam
552 1159 629 1220 haec
644 1159 766 1234 quidem
781 1160 840 1221 iam
855 1157 1022 1222 tolerabilia
1036 1158 1081 1218 vi·

46 1241 214 1312 dabantur,
238 1241 294 1300 etsi
310 1241 508 1316 aequabiliter
518 1241 548 1301 in
563 1259 626 1302 rem
641 1243 808 1317 publicam,
831 1244 861 1304 in
880 1240 1033 1319 privatos,
1050 1241 1081 1302 in

45 1322 248 1398 longinquos,
265 1322 296 1382 in
311 1324 516 1399 propinquos,
533 1325 564 1384 in
581 1318 707 1400 alienos,
722 1327 753 1386 iu
769 1344 844 1389 suos
860 1326 1006 1398 irruebat,
1025 1325 1081 1386 sed

46 1404 154 1480 nasein
170 1423 232 1480 quo
247 1408 339 1466 modo
357 1407 416 1465 iam
430 1425 489 1468 usu
500 1408 683 1476 obduruerat
695 1418 725 1471 et
740 1412 938 1486 percalluerat
950 1407 1080 1470 civitatis

46 1487 410 1565 incredibilispatientia.
455 1490 538 1564 Quae
556 1509 630 1552 vero
653 1494 781 1555 aderant
800 1495 859 1554 iam
879 1501 910 1554 et
923 1491 1078 1567 impende-

46 1572 138 1644 bant,
159 1587 291 1646 quonam
306 1573 397 1633 modo
420 1590 457 1633 ea
474 1584 526 1637 aut
546 1576 701 1649 depellere
714 1575 895 1650 potuissetis
910 1582 963 1635 ant
978 1577 1079 1635 lerret

46 1653 210 1730 Imperium
226 1653 253 1714 si
274 1655 326 1715 ille
343 1664 451 1717 nactus
467 1666 567 1729 esset,
588 1657 691 1717 omitto
706 1659 826 1731 socios,
847 1666 967 1717 exteras
982 1657 1078 1717 natio·

46 1754 118 1809 nes,
134 1753 240 1811 reges,
253 1738 437 1798 tetrarcham
464 1748 535 1799 vota
548 1738 628 1798 enim
643 1741 793 1812 laceretis,
808 1748 843 1800 ut
856 1739 887 1798 in
903 1754 958 1811 eos
973 1755 1008 1798 se
1022 1755 1078 1813 po·

46 1821 106 1882 tius
120 1818 292 1881 Immitteret
307 1837 396 1894 quam
421 1819 452 1879 in
472 1829 592 1881 vestras
613 1821 847 1895 possessIones‚
870 1828 1079 1893 vestratem,

46 1911 167 1965 vestras
180 1905 345 1977 pecuniose
360 1901 508 1978 pecunias
523 1903 615 1962 dIcot
634 1919 653 1961 a
666 1901 779 1976 liberis,
794 1902 912 1963 medius
928 1901 1029 1974 fidius,
1048 1911 1078 1962 et

46 2005 65 2048 a
93 1986 275 2060 coniugibus
304 1985 415 2046 vestris
441 2002 606 2060 numquam
631 1983 682 2044 ille
702 1984 865 2047 effrenatas
886 2002 960 2047 suas
981 1984 1078 2045 libidi-

46 2086 103 2130 nes
132 2069 330 2130 cohibuisset.
379 2068 466 2144 biugi
491 2068 568 2128 haec
595 2066 723 2144 putatis,
750 2085 829 2143 quae
856 2077 976 2145 patent,
1000 2085 1079 2141 quae

46 2160 119 2213 nota
134 2153 366 2221 suntomnibus,
383 2169 463 2227 qnae
478 2157 638 2213 tenentur?
654 2167 812 2212 servorum
827 2151 980 2212 exercitus
996 2151 1078 2211 illurn

46 2235 77 2296 in
91 2234 170 2297 urbe
187 2234 428 2310 conscripturum
446 2234 554 2306 luisse,
571 2252 627 2311 per
643 2251 721 2310 quos
735 2244 829 2295 totam
841 2251 904 2296 rem
923 2233 1079 2309 publicam

45 2332 162 2393 resque
184 2317 318 2391 priuatas
339 2319 473 2379 omnium
496 2318 691 2393 possiderem
716 2315 769 2380 77:
785 2316 880 2389 Quam
902 2317 941 2377 ob
963 2331 1027 2376 rem
1051 2314 1078 2375 si

46 2409 206 2462 mucetum
214 2401 346 2475 gladium
356 2410 462 2463 tenens
470 2403 614 2461 clamaret
620 2402 652 2459 T.
663 2400 797 2460 Annius=
810 2400 935 2471 Adeste,
949 2415 1078 2474 quaeso,

46 2492 139 2559 utque
156 2483 268 2557 audite,
285 2484 384 2545 cives:
398 2485 430 2543 P.
446 2485 582 2545 clodium
597 2483 750 2556 interleci,
768 2483 834 2543 eius
850 2485 980 2556 lurores,
999 2499 1084 2558 quos

46 2566 138 2628 nrullis
158 2565 217 2626 iam
243 2566 377 2642 legibus,
407 2569 496 2627 nullis
518 2566 638 2629 iudIciis
659 2566 990 2640 frenare‘poterarnus,
1018 2566 1079 2627 hoc

46 2651 129 2710 lerro
143 2658 175 2710 et
189 2650 247 2710 hac
265 2651 390 2712 dextera
405 2667 424 2708 a
438 2649 609 2710 cervicibus
631 2648 741 2709 vestris
755 2649 893 2726 reppuli,
914 2666 970 2725 per
986 2666 1033 2708 me
1046 2655 1080 2708 nt

46 2749 141 2795 unum
154 2731 219 2804 ius,
236 2734 389 2808 aequitas,
404 2733 504 2806 leges,
520 2732 657 2806 libertas,
672 2733 782 2807 pudor,
796 2731 943 2809 pudicitia
959 2732 990 2791 in
1005 2730 1078 2791 civi·

46 2825 107 2878 tate
125 2823 296 2877 manerent!
308 2823 393 2876 esset
408 2831 480 2875 vero
493 2813 667 2886 timendum,
684 2831 816 2889 quonam
831 2816 924 2875 modo
939 2814 971 2873 id
989 2814 1079 2872 lerret

46 2898 170 2960 civitas!
194 2898 280 2959 Nunc
295 2898 374 2958 enirn
390 2895 459 2972 quis
474 2905 522 2969 est
538 2897 662 2972 quinon
680 2898 805 2972 probet,
824 2898 875 2973 qui
890 2913 952 2955 non
967 2894 1078 2967 laudet,

46 2982 100 3058 qui
122 2997 184 3042 non
205 2998 299 3042 unum
321 2988 393 3057 post
410 2978 566 3040 bominum
587 2979 762 3039 memoriam
782 2981 814 3044 T.
829 2977 962 3038 Annium
985 2976 1078 3052 pluri-

46 3081 128 3125 mum
149 3063 195 3124 rei
214 3063 355 3138 publicae
377 3061 546 3138 proluisse,
567 3061 699 3122 maxima
717 3060 831 3122 laetitia
851 3061 999 3134 populum
1018 3060 1078 3123 so-

46 3162 184 3221 manum,
199 3155 339 3208 cunctam
353 3146 483 3218 Italicam,
501 3145 641 3205 nollones
656 3159 764 3204 omnes
781 3142 936 3217 adleoIsse
954 3151 985 3204 et
998 3141 1080 3202 dicat

45 3238 76 3291 et
103 3227 235 3291 sentiat?
267 3230 334 3289 Ilon
357 3245 438 3304 queo
464 3235 567 3287 vetera
599 3225 650 3287 illa
678 3227 783 3301 populi
810 3224 940 3295 Romani
965 3225 1079 3302 gaudio

46 3321 163 3388 quanta
176 3311 288 3374 merim
303 3311 454 3372 iudicare=
469 3311 577 3371 multas
592 3318 693 3370 tamen
707 3308 767 3369 iarn
782 3325 966 3371 summorum
983 3308 1080 3383 Impe-

46 3404 182 3458 ratonnn
193 3396 375 3456 clarissimas
387 3392 531 3458 victorias
544 3401 629 3455 aetas
643 3399 749 3455 nostra
759 3390 842 3466 vidit,
858 3408 985 3469 quarum
997 3391 1080 3453 nulla

1046 3564 1108 3632 Δ
