2356 3854
165 143 201 190 ‘¹
264 183 695 252 ‘carm-mam-m.
824 218 827 223 ·
934 192 998 259 aaa

60 329 96 391 rli
116 327 277 392 societates
299 349 367 393 cum
384 333 550 408 indicibus,
575 335 644 417 quis
665 336 812 399 insaniam
832 338 997 415 libidinum,

71 429 249 490 perversam
270 423 360 489 utque
380 416 501 491 impiam
520 415 703 494 religionem
725 417 916 496 recordatur,
944 424 997 498 qui

75 503 127 555 aut
140 495 254 555 nelarie
268 497 420 572 cogitasse
434 507 485 558 aut
499 500 588 572 stulte
603 517 747 576 sperasse
761 503 904 575 mireturt
924 505 997 580 Quis

60 621 67 635 .
91 575 222 651 Cethego
244 586 334 652 atque
354 580 420 640 eius
442 580 472 640 in
492 580 667 656 Hispaniam
690 585 877 665 proiectione
899 603 935 647 ac
950 587 996 648 da

60 676 103 719 tre
115 659 148 732 0.
159 659 270 720 Metelli
283 660 327 724 Pii
341 662 453 736 cogitat
466 665 514 723 cui
529 681 589 723 non
603 665 642 723 ad
657 665 737 726 illius
751 674 879 741 poenam
894 685 997 730 eumer

60 745 155 802 leatus
171 757 242 802 esse
259 743 418 804 videaturt
439 745 546 805 Omitto
561 755 713 820 caeteros,
729 765 767 808 ne
783 744 821 811 sit
834 750 994 812 infinitum=
1027 765 1033 777 ,

60 832 160 883 antam
175 841 194 883 a
210 825 297 885 vobis
314 835 400 901 peto,
421 835 453 887 ut
465 827 547 889 taciti
563 829 600 889 de
619 829 773 899 omnibus,
796 849 875 906 quos
892 833 996 893 coniu-

60 935 62 959 ÷
89 905 240 980 cognitum
263 916 324 978 est,
350 909 502 982 cogitetis:
532 910 703 986 intelligetis
727 929 820 973 unum
845 930 996 989 quemque

60 1005 81 1047 n
93 988 206 1063 priusa
218 991 345 1050 suavita
357 1008 446 1066 quam
461 1001 592 1053 anostra
603 994 778 1069 suspicione
792 1010 862 1056 esse
874 997 995 1056 dumna-

76 1072 179 1145 lpsum
191 1071 271 1130 illum
284 1074 470 1151 Autronium,
489 1075 630 1150 quoniam
642 1077 707 1137 eius
719 1094 827 1139 nomen
841 1078 995 1139 finitimum

60 1161 167 1229 maest
183 1153 272 1214 buius
286 1155 420 1229 periculo
436 1165 466 1216 et
480 1157 603 1232 crimini,
620 1176 681 1220 non
696 1161 824 1220 suavita
840 1177 876 1220 ac
891 1168 996 1222 nutura

60 1236 149 1296 incitt
181 1236 306 1311 Semper
322 1240 439 1312 audax,
460 1243 613 1314 petulans,
635 1240 831 1304 libidinosus:
859 1261 950 1318 quem
964 1243 993 1302 in
1074 1261 1079 1266 ·

62 1335 147 1378 orum
160 1319 387 1398 defensionibus
403 1339 462 1383 non
478 1324 575 1384 solum
590 1325 691 1385 verbis
708 1325 751 1386 uti
762 1325 994 1401 improbissimis

60 1418 96 1460 nn
112 1417 182 1461 esse
198 1402 324 1475 sobnas,
340 1405 547 1466 verumetiam
565 1406 674 1480 pugnis
688 1416 719 1469 et
733 1408 880 1469 calcibus=
905 1425 994 1483 quem

60 1485 135 1544 bare
161 1483 298 1545 homiues
318 1501 336 1545 e
358 1487 623 1561 possessionibus,
649 1492 773 1551 caedem
798 1492 899 1555 lacere
922 1491 993 1551 vici-

60 1583 90 1637 n,
109 1565 241 1640 spoliare
256 1569 327 1626 luna
340 1569 500 1641 sociorum,
518 1570 549 1630 vi
560 1571 723 1649 [conatum]
735 1581 765 1633 et
780 1573 870 1632 armis
885 1572 993 1638 distur-

62 1648 181 1719 iudicia,
199 1648 229 1707 in
243 1650 332 1710 bonis
347 1652 437 1711 rebus
453 1668 559 1712 omnes
574 1660 774 1726 contemnere,
791 1655 821 1714 in
838 1655 924 1714 malis
939 1672 992 1729 pu-

60 1739 187 1792 tcontra
200 1732 315 1804 bonos,
336 1750 396 1793 nun
415 1734 459 1793 rei
479 1733 618 1807 publicae
633 1737 757 1804 cedere,
780 1752 839 1794 non
857 1737 994 1795 lomunae

60 1815 255 1875 ¹‚accumbere
283 1815 380 1874 Huius
394 1818 421 1875 si
442 1832 535 1876 causa
552 1833 611 1877 non
629 1816 882 1876 manifestissimis
902 1818 993 1877 rebus

60 1906 140 1969 etur,
157 1905 338 1958 tamencum
355 1913 455 1959 mores
468 1897 565 1972 ipsius
582 1914 618 1958 ac
634 1898 694 1958 vita
708 1898 931 1959 convincerent
1014 1966 1016 1974 q

60 1980 161 2040 XXVI.
178 1980 228 2041 72.
250 1981 403 2061 Agedum,
426 1980 559 2041 conferte
579 1996 659 2040 nunc
680 1981 826 2042 cumillis
847 1980 938 2042 vitam
960 1981 992 2040 P.

61 2079 86 2136 a,
100 2061 188 2122 vobis
200 2065 376 2138 populoque
386 2064 522 2123 Romano
535 2062 732 2136 notissimam,
746 2064 872 2137 iudicas,
887 2074 917 2126 et
926 2079 993 2124 eam

60 2146 163 2206 oculos
180 2156 297 2207 vestros
313 2145 483 2220 proponite.
512 2147 639 2221 Ecquod
655 2155 702 2207 est
714 2147 803 2207 buius
819 2149 929 2207 luctum
942 2155 996 2206 aut

60 2228 168 2289 nissum
183 2246 243 2288 non
261 2229 357 2289 dicam
375 2229 537 2305 audacius,
560 2230 616 2289 sed
631 2231 713 2304 quod
734 2229 873 2304 cuiquam
892 2230 992 2303 paullo

61 2327 74 2368 s
101 2311 322 2371 consideratum
350 2310 506 2372 videatur?
539 2311 661 2372 Factum
691 2318 824 2385 quaerut
858 2311 992 2370 Verbum

60 2393 95 2452 od
109 2410 250 2468 umquam
268 2409 307 2452 ex
319 2410 372 2453 ore
386 2393 477 2454 huius
488 2394 608 2465 excidit,
623 2395 653 2452 in
670 2411 738 2468 quo⁴
748 2394 908 2468 quisquam
920 2409 993 2467 pos·
1059 2418 1060 2423 ¹

60 2474 177 2535 tiiendit
210 2479 251 2535 At
270 2490 340 2536 vero
361 2475 392 2535 in
415 2476 465 2536 illa
484 2476 568 2551 gruvi
590 2477 623 2535 L.
640 2469 740 2536 Sullae
762 2477 993 2551 turbulentaque

60 2557 99 2617 ria
111 2558 180 2634 quis
190 2558 221 2617 P.
233 2557 316 2618 Sulla
327 2558 434 2632 mitior,
451 2559 519 2634 quis
533 2557 758 2618 misericordior
771 2560 912 2619 inventus
926 2564 993 2618 estt

60 2653 69 2694 r
84 2643 242 2701 multorum
257 2639 306 2699 bic
325 2640 417 2701 vitum
433 2650 480 2701 est
496 2641 560 2701 aL.
578 2641 662 2702 Sulla
678 2642 875 2716 deprecatus!
902 2657 992 2716 quam

80 2733 147 2785 sunt
165 2723 274 2784 summi
290 2723 427 2786 homines
443 2733 474 2783 et
493 2723 675 2785 ornatissimi
696 2733 726 2784 et
740 2724 836 2785 nostri
853 2730 882 2784 et
899 2738 992 2798 eque-

60 2808 179 2879 urdinis,
196 2823 322 2881 quorum
335 2823 390 2881 pro
402 2807 498 2871 salute
512 2823 546 2865 se
557 2806 606 2865 hlc
619 2805 720 2866 Sullae
731 2804 888 2880 obligavit!
910 2804 993 2877 Quos

60 2890 245 2949 ¹eminerem:
271 2906 371 2963 neque
390 2889 470 2948 enini
482 2887 542 2963 ipsi
559 2890 665 2949 nolunt
681 2897 712 2948 et
726 2887 796 2949 huic
809 2887 910 2947 animo
924 2899 991 2958 gra·

60 2982 88 3027 to
105 2974 230 3033 adsunt:
253 2972 309 3032 sed
325 2971 395 3046 quia
410 2972 505 3030 maius
519 2977 567 3030 est
579 2969 773 3041 beneficium,
793 2985 882 3043 quam
898 2981 992 3041 posse

82 3055 159 3115 civis
181 3054 241 3115 civi
263 3055 351 3125 dare,
376 3052 444 3112 ideo
467 3070 485 3112 a
508 3053 597 3112 vobis
617 3060 704 3130 peto,
730 3060 763 3111 ut
788 3050 871 3125 quod
897 3046 992 3122 potuit

60 3133 270 3211 intribuatis,
297 3136 380 3211 quud
395 3135 466 3194 lecit
479 3133 548 3208 ipsi.
585 3130 643 3197 lb.
667 3132 744 3206 Quid
758 3133 906 3206 reliquam¹
919 3147 990 3192 con·

60 3224 110 3280 lm
123 3220 204 3281 vitae
219 3222 471 3282 commemorem?
489 3215 678 3289 dignitatem,
692 3213 912 3288 liberalitatem,
927 3231 989 3274 rno-

60 3302 200 3364 0nemin
219 3299 343 3377 privatis
358 3300 464 3372 rebus,
483 3297 677 3373 splendorem
691 3295 721 3356 in
735 3295 887 3372 publicis?
913 3313 990 3372 quae
1018 3300 1024 3319 ¹

60 3377 201 3448 tornata
221 3392 292 3449 sunt
310 3401 329 3444 a
347 3383 478 3462 fortuna,
507 3388 541 3441 ut
561 3388 660 3442 tamen
683 3397 702 3442 a
721 3387 829 3443 ⁴natura
853 3380 991 3443 inchoata
1082 3402 1085 3407 >
