2356 3854
339 178 421 239 cAP.
437 188 534 244 s-t.
555 185 727 247 §.ra-15.
991 181 1054 247 139
1113 226 1115 234 ·

56 346 83 390 rs
101 327 221 390 ordinis
235 323 351 403 partem
365 328 447 388 illam
464 329 693 403 subselliorum,
714 331 754 390 ad
775 349 864 406 quam
879 332 929 392 ille
944 344 1050 393 acces-

56 420 116 485 rat,
133 411 249 472 nudam
262 411 357 485 atque·
368 410 487 472 inanem
503 413 699 488 reliquerunt.
740 410 790 476 13.
811 416 868 475 ilic
882 432 940 491 ego
958 416 1051 477 vebe-
1099 436 1103 447 ·

56 513 105 555 ms
120 494 173 554 illc
187 496 304 567 consul,
323 495 376 569 qui
390 496 484 555 verbo
501 495 584 555 aives
595 495 625 555 in
638 496 778 557 exsilium
793 498 890 572 eiicic,
911 500 1052 574 quaesivi

56 576 186 638 batilina
210 576 243 639 in
266 583 413 638 noatumd
439 587 592 638 conventu
618 580 702 653 apud
721 580 761 642 bl.
782 581 913 642 Laecam
941 582 1052 643 luisset

56 677 126 721 ene.
157 659 255 732 Quum
265 661 324 733 ille,
335 661 428 720 hama
440 661 872 736 audacissimus,conscientia
882 667 1053 740 convietus,¹

56 761 117 804 ,mc
138 742 330 820 reticuisset,
349 745 481 819 pateleci
502 752 636 805 caetera=
666 743 740 820 qnid
764 761 801 807 ea
821 755 910 808 nocte
927 747 1053 822 egisset,

56 827 91 887 id
113 826 148 886 in
171 826 344 900 proximam
365 827 586 899 constituisset,
611 845 702 903 quem
724 829 902 889 admodum
917 839 1002 891 esset
1023 829 1052 890 ei

56 911 93 970 io
110 906 208 970 totins
227 908 299 968 belli
313 909 468 986 descripta
484 910 604 971 edocui.
644 912 741 985 Quum
757 912 934 983 haesitaret,
958 928 1052 987 quum

56 1001 183 1064 leretur,
199 991 338 1067 quaesivi
354 994 428 1068 quid
441 994 591 1054 dubitaret
606 993 760 1070 proficisci
775 1012 823 1067 ea,
840 993 975 1070 quoiam
991 995 1052 1089 pri-

56 1093 86 1135 m
93 1079 235 1152 ‘pararet
251 1092 343 1149 quum
355 1092 447 1149 arma,
463 1095 555 1152 quum
570 1094 704 1150 secures,
723 1095 815 1153 quum
831 1079 941 1150 lasces,
958 1076 1052 1153 quam

56 1159 119 1231 aas,
136 1175 233 1255 quum
244 1158 333 1234 signa
347 1160 493 1232 militaria,
513 1178 604 1237 quum
619 1161 752 1237 aquilam
768 1161 848 1222 illam
867 1169 1051 1236 argenteam,

56 1240 406 1303 iilleetiamsacrarium
418 1245 604 1305 domuisuae
601 1246 736 1320 iecerat,
754 1245 864 1306 scirem
877 1262 947 1305 esse
962 1261 1051 1320 prae

56 1326 156 1385 issam
203 1323 252 1386 14.
273 1326 305 1384 ln
328 1326 469 1387 exsilium
492 1327 664 1403 eiiciebam,
685 1344 776 1403 quem
799 1329 858 1388 iam
878 1326 1052 1402 ingressum

56 1423 94 1468 se
105 1407 138 1471 in
152 1406 266 1470 bellum
280 1409 442 1470 videbam?
467 1410 600 1483 Etenim,
616 1413 725 1486 credo,
739 1411 859 1472 Mallius
875 1410 933 1472 iste
948 1420 1050 1473 centu·

56 1509 79 1562 ι,
96 1489 196 1567 quiin
211 1507 285 1567 agra
299 1491 471 1555 Faesulano
485 1505 586 1556 castra
601 1495 717 1570 posuit,
733 1497 845 1555 bellum
859 1496 974 1570 populo
989 1496 1050 1555 Rass

56 1590 110 1635 eno
127 1591 186 1636 sua
202 1577 323 1637 nomine
339 1576 460 1649 indixit,
482 1576 513 1638 et
531 1578 582 1638 illa
598 1588 698 1639 castra
713 1595 794 1637 nunc
816 1595 878 1637 non
896 1577 1052 1639 Catilinam

56 1674 131 1733 icem
154 1667 335 1734 exspectant
355 1668 385 1720 et
404 1660 454 1720 ille
473 1659 589 1721 eiectus
613 1661 643 1720 in
663 1661 803 1721 exsilium
827 1677 862 1720 se
875 1660 1051 1733 Massiliam,

66 1740 167 1815 aiunt,
185 1758 247 1802 non
261 1741 292 1802 in
306 1743 383 1802 haec
397 1751 498 1804 castra
514 1744 659 1804 antulerat.

103 1825 169 1884 Vll.
192 1823 439 1886 anndicionem
451 1825 592 1886 miseram
606 1842 668 1885 non
679 1821 1061 1897 modoadministrandae,¹

56 1922 125 1968 trum
141 1907 231 1969 etiam
247 1908 478 1969 conservandae
490 1906 536 1968 rei
551 1907 705 1983 publicae!
731 1907 817 1967 Nunc
832 1905 859 1966 si
874 1908 907 1967 L.
927 1906 1055 1970 Catilina
1135 1930 1137 1935 ’

56 1989 174 2063 palliis,
195 1992 367 2065 laboribus,
388 1990 532 2067 periculis
545 1990 630 2051 meis
651 1991 871 2052 circumclusus
891 2006 928 2051 ac
946 1990 1052 2051 debili-

56 2082 99 2135 lus
123 2073 225 2136 subito
252 2075 453 2151 pertimuerit,
479 2076 659 2136 sententiam
681 2073 856 2147 mutaverit,
883 2074 1053 2136 deseruerit

56 2173 111 2231 cs,
133 2157 294 2219 consilium
312 2159 385 2220 belli
405 2139 540 2221 faciundi
560 2158 719 2232 abiecerit,
741 2174 782 2219 ex
797 2158 857 2218 hoc
874 2175 967 2219 cursu
985 2173 1052 2218 sce·

56 2239 92 2300 ris
114 2256 152 2300 aa
172 2241 245 2302 belli
268 2241 325 2302 iter
344 2242 384 2302 ad
407 2243 508 2318 lugam
527 2251 620 2318 etque
641 2242 673 2303 in
694 2240 834 2304 exsilium
859 2239 1052 2314 converterit,

56 2341 81 2382 tn
95 2323 147 2383 ille
169 2340 251 2384 ame
271 2327 421 2399 spoliatus
437 2325 530 2386 armis
549 2324 712 2398 audaciae,
735 2341 797 2386 non
818 2324 1052 2398 obstupefactus

56 2407 250 2481 perterritus
266 2424 333 2469 mea
350 2408 519 2483 diligentia,
542 2425 605 2470 non
626 2411 666 2469 de
680 2425 738 2484 spe
753 2415 928 2482 conatuque
946 2406 1054 2480 depul-

56 2506 83 2562 s,
101 2491 159 2550 sed
173 2489 402 2564 indemnatus,
394 2509 542 2554 innocens
556 2491 587 2552 in
599 2491 745 2553 exsilium
758 2491 873 2551 eiectus
891 2507 909 2551 a
924 2491 1056 2551 consule

67 2581 98 2632 et
112 2574 202 2634 minis
217 2589 289 2636 esse
309 2575 441 2649 dicetur,
463 2585 494 2637 et
514 2585 602 2637 erunt
618 2593 672 2650 qur
664 2574 782 2646 illum,
807 2574 833 2634 si
854 2575 915 2634 hac
936 2573 1055 2645 lecerit,-

56 2672 81 2714 ιι
95 2657 284 2732 improbum,
306 2659 362 2719 sed
380 2658 538 2731 miserum,
560 2676 609 2719 me
624 2675 684 2720 non
701 2657 965 2732 diligentissimum
979 2673 1052 2717 acn-

56 2740 133 2811 lem,
157 2741 215 2800 sed
232 2740 476 2802 crudelissimum
497 2751 659 2820 tyrannum
679 2741 845 2802 existimari
860 2740 968 2800 velint!
1002 2737 1052 2799 15.

56 2829 73 2883 n
86 2784 160 2882 miili
173 2822 262 2898 anti,
283 2822 429 2898 Quirites,
450 2826 540 2885 huius
561 2824 695 2885 invidiae
709 2825 805 2884 ialsae
819 2832 912 2898 atque
925 2821 1053 2894 iniquae

56 2915 231 2980 apostatem
246 2908 358 2981 subire
375 2910 447 2968 dum
461 2910 551 2969 modo
568 2925 587 2968 a
602 2907 690 2967 vobis
708 2907 799 2968 huius
812 2903 966 2966 horribilis
980 2897 1053 2960 belli

69 2987 178 3049 nelarii
196 2990 561 3086 periculumdepellatur.
596 2989 723 3053 Dicatur
745 3004 820 3050 sane
841 2988 958 3059 eiectus
978 2999 1053 3044 esse

56 3087 117 3145 me,
133 3073 206 3132 dum
218 3075 310 3135 mado
327 3081 376 3132 eat
389 3072 420 3132 in
436 3073 585 3134 exsilium.
615 3072 678 3132 Sed
695 3070 766 3131 milri
783 3068 911 3141 credite,
928 3073 1053 3128 nonest

56 3172 126 3216 rus.
153 3157 324 3232 Numquam
340 3168 398 3230 ega
414 3172 433 3215 a
449 3155 497 3215 dis
520 3155 738 3216 inmortalibus
761 3153 890 3228 optabo,
912 3149 1052 3225 Quirites,

56 3237 154 3299 vidiae
169 3255 257 3301 meae
271 3239 421 3299 levandae
435 3253 543 3310 causa,
564 3245 597 3297 ιιι
610 3237 647 3297 L
660 3235 814 3296 catilinam
836 3235 949 3297 ducere
964 3249 1054 3294 exer-

56 3337 111 3379 um
132 3319 265 3385 bostium
286 3331 378 3397 atque
395 3323 425 3381 in
445 3319 538 3381 armis
555 3319 684 3380 volitare
704 3317 850 3379 ιιιιιιιιιιιιι
878 3318 934 3380 sed
952 3317 1052 3379 uidua

56 3418 120 3463 nen
136 3403 283 3478 audietis,
304 3408 468 3481 multoque
475 3402 584 3479 magis
582 3402 662 3464 illud
680 3400 788 3476 timec,
809 3392 937 3463 nemini
954 3401 994 3462 sit
1007 3400 1053 3460 in-
