2356 3854
353 150 563 244 cana-11.
583 188 753 248 sao-n.
918 254 920 259 ,
1005 191 1067 305 aar

63 329 161 391 uod
152 347 179 389 rs
200 332 239 391 ab
266 330 359 392 sociis
379 331 469 392 unice
484 330 662 405 diligebatur
679 334 728 391 vel
743 333 824 407 quod
840 332 1067 408 diligentissime

58 414 177 488 ogabat,
193 415 244 473 vel
259 414 330 489 quia
341 430 398 490 pro
416 415 477 484 tilio
490 412 689 488 supplicabat,
704 417 751 475 vel
766 417 848 500 quod
866 417 978 491 liuius
970 419 1067 494 ipsius

57 515 66 556 ι
93 495 181 555 illurn
202 495 339 557 ordinem
363 499 481 557 summo
506 495 607 556 officia
633 505 811 569 quaesturae
837 487 1067 576 tribunatusque

58 577 224 639 onstabam
237 582 287 639 vel
302 580 385 655 quod
402 579 473 638 illi
465 596 495 637 m
516 579 581 638 lroc
596 579 732 638 ornando
756 580 891 641 ordinem
907 599 941 642 se
960 600 1067 644 ornare

58 671 65 722 t
83 662 250 721 consulere
262 662 367 722 liberis
382 663 447 721 suis
464 661 706 721 arbitrabantur.

121 744 160 804 X
175 743 300 818 Aliquid
316 750 531 820 praeterea-
543 742 647 803 timide
663 739 749 816 dico,
771 744 827 802 sed
847 704 946 805 tamen
964 746 1066 808 dicen

58 843 111 887 um
126 833 227 887 est-
237 842 322 886 ·non
340 827 419 888 enim
435 826 556 901 opibus,
572 841 632 886 non
648 824 799 885 invidiosa
813 826 923 900 gratia,
938 846 999 888 non
1013 848 1052 904 po

58 907 132 969 ,ntia
146 907 199 967 vix
213 910 354 983 terenda,
369 910 437 970 sed
441 907 724 969 commemoratione
739 907 895 982 beneficii,
911 912 964 970 sed
977 912 1082 986 mise-n

60 991 181 1064 cordia,
194 992 251 1052 sed
264 994 406 1068 precibus
421 991 535 1066 aliquid
551 993 703 1052 attulimus
720 989 808 1051 etiam
823 994 890 1051 nos.
905 994 1067 1068 Appellavi

58 1075 186 1149 epulum
203 1074 350 1148 tributim,
377 1073 513 1136 submisi'
525 1090 573 1133 me
590 1082 620 1133 et
639 1072 825 1148 supplicavit
853 1075 930 1135 ultro
951 1075 1066 1135 meller-

58 1162 106 1219 rle
128 1173 165 1217 se
177 1157 249 1217 mibi
268 1158 357 1218 etiam
372 1158 550 1228 offerentes,
567 1157 645 1216 ultro
661 1155 838 1232 pollicentes
852 1159 967 1232 rogavi.
1006 1159 1067 1217 Va·

58 1240 355 1315 tit'causa'rbgandi,
370 1257 430 1301 non
445 1239 548 1312 gratia.
590 1238 640 1300 25.
667 1240 730 1299 Nec
749 1239 776 1299 si
790 1239 839 1313 vir
851 1240 1064 1316 amplissimus,

58 1321 89 1382 ui
110 1321 183 1381 nibil
199 1329 247 1383 est
264 1322 347 1396 quod
366 1323 483 1397 roganti
504 1323 630 1383 concedi
650 1338 712 1382 non
732 1323 797 1383 iure
816 1324 930 1397 possit,
954 1325 992 1384 de
1012 1325 1063 1384 ali-

58 1421 117 1474 uo,
134 1411 167 1465 ut
182 1405 278 1478 dicis,
295 1423 356 1466 non
373 1405 555 1480 impetravit,
573 1405 635 1480 'ego
655 1422 721 1465 snm
735 1406 904 1482 adrogans,
918 1408 1001 1483 qnod
1016 1423 1064 1466 me

58 1486 175 1547 aluisse
191 1488 270 1548 dico.
319 1489 393 1559 llam
409 1491 442 1548 ιιι
457 1488 588 1548 omittam
604 1489 694 1562 illud,
718 1489 803 1563 'quod
819 1506 876 1564 ego
896 1508 952 1566 pro
970 1505 1007 1550 eo
1023 1492 1064 1549 la-

58 1569 405 1645 orabam,.qui'valebat
424 1572 491 1646 ipse
507 1587 562 1645 per
576 1588 663 1643 sese,
677 1573 795 1646 rogatio
811 1572 887 1632 haec
901 1572 969 1647 ipsa
986 1589 1064 1632 sem·
1118 1637 1122 1642 ,

57 1669 92 1713 er
108 1661 159 1713 est
171 1653 405 1727 gratiosissima,
421 1670 499 1728 quae
514 1663 561 1714 est
575 1653 676 1714 officio
694 1653 926 1714 necessitudinis
938 1654 1062 1714 coniun-

58 1743 86 1795 ta
102 1732 244 1795 rn'axime.
272 1735 377 1811 Neque
392 1737 471 1795 enirn
485 1751 542 1809 ego
561 1735 611 1795 sic
624 1736 783 1809 rogabam,
806 1744 837 1795 ut
849 1738 959 1809 'petere
974 1735 1063 1794 ,vide

58 1835 101 1891 er,
117 1818 190 1894 quia
207 1819 359 1878 familiaris
374 1826 457 1878 esset
472 1834 573 1890 meus,
589 1818 659 1891 quia
674 1816 806 1890 vicinus,
821 1816 891 1891 quia
906 1817 995 1877 huius
1011 1835 1062 1891 pa-

58 1908 122 1961 nnte
138 1917 261 1975 semper
274 1901 434 1976 plurimum
445 1915 553 1960 assem
568 1916 658 1972 usus,
680 1899 735 1958 sed
751 1907 784 1959 ut
799 1900 886 1975 quasi
903 1898 1017 1974 parenti
1033 1907 1063 1960 et

58 1983 161 2057 ustodi
176 1983 281 2044 salutis
298 2000 393 2043 meae.
435 1984 501 2044 Non
517 1981 651 2056 potentia
662 1997 738 2054 mea,
754 1982 809 2041 sed
824 1997 916 2042 causa
932 1983 1078 2058 rogatio·
1164 1984 1167 1992 “

58 2065 86 2127 ia
101 2065 156 2127 luit
169 2067 313 2140 gratiosa.
356 2068 450 2127 Nemo
467 2083 533 2126 mea
547 2064 735 2125 restitutione
749 2066 876 2125 laetatus
891 2075 952 2137 est,
974 2081 1061 2126 nemo

58 2147 145 2211 tiurin
159 2147 270 2222 doluit,
291 2149 340 2208 cui
355 2166 415 2210 non
430 2149 518 2210 huius
533 2147 562 2207 in
579 2164 627 2208 me
642 2147 850 2208 misericordia
867 2158 951 2223 grata
965 2148 1062 2208 luerit
1077 2205 1080 2211 ,

58 2231 86 2294 ὓ.
107 2231 225 2292 Etenim
247 2234 273 2292 si
294 2240 363 2293 ante
381 2232 508 2293 reditum
530 2248 628 2291 meum
645 2232 696 2291 Cn.
712 2231 833 2291 Plancio
851 2248 886 2291 se
902 2233 992 2304 vulgo
1008 2231 1062 2288 viri

57 2313 125 2386 oni,
143 2332 238 2389 quum
253 2314 302 2374 llic
316 2315 498 2376 tribunatum
513 2323 641 2390 peteret,
661 2317 738 2376 ultro
755 2313 930 2386 offerebant,
945 2314 993 2373 cui
1008 2328 1062 2372 no-

58 2413 106 2457 ten
121 2402 221 2457 me'um
237 2398 371 2458 absentis
385 2398 494 2464 honori
509 2399 625 2470 luisset,
640 2396 668 2457 ei
678 2414 762 2458 meas
773 2395 940 2472 praesentis
948 2412 1062 2472 preces

57 2496 99 2539 on
112 2489 205 2555 putas
223 2480 398 2554 proluisser
416 2483 464 2540 An
484 2480 706 2541 Minturnenses
721 2479 837 2551 coloni,
855 2479 936 2554 quod
953 2479 983 2539 C.
999 2479 1060 2538 Ma·

58 2564 147 2622 inme
164 2561 245 2622 civili
261 2564 340 2623 lerro
355 2573 446 2637 atque
462 2579 501 2623 ex
515 2563 614 2638 impiis
629 2562 768 2624 manibus
780 2563 962 2637 eripuerunt,
978 2562 1060 2638 quod

58 2651 116 2705 tcto
128 2655 318 2721 receperunt,
334 2647 416 2720 quod
429 2648 542 2704 fessum
552 2645 653 2705 inedia
665 2644 866 2720 fluctibusque
876 2653 1060 2715 recrearunt,

58 2728 121 2787 uod
136 2728 279 2788 viaticum
294 2734 527 2802 congesserunt,
544 2726 627 2802 quod
638 2729 790 2802 navigium
804 2728 966 2802 dederunt,
979 2727 1061 2801 quod

58 2827 106 2870 um
120 2809 306 2886 linquentem
322 2820 431 2872 terram
443 2825 518 2882 eam,
535 2826 625 2885 quam
639 2820 782 2882 servarat,
800 2810 894 2881 votis,
910 2811 1060 2870 ominibus

58 2892 230 2970 terimisque
242 2892 395 2969 prosecuti
413 2900 492 2965 sunt,
506 2898 628 2952 aeterna
642 2892 670 2949 in
687 2893 776 2952 laude
787 2901 961 2953 versantur·
975 2892 1061 2949 Plan·

58 2974 99 3048 io,
124 2979 207 3072 quod
228 2994 276 3037 me
290 2977 338 3036 vel
356 2974 386 3034 vi
402 2976 523 3050 pulsum
536 2975 586 3033 vel
600 2973 725 3035 ratione
731 2975 886 3035 cedentem
902 2972 1059 3047 receperit,

58 3059 160 3132 averit,
182 3058 378 3129 custodierit,
398 3058 447 3117 hia
472 3065 502 3117 et
521 3057 638 3117 senatui
657 3058 833 3132 populoque
855 3057 1008 3130 Romano,
1028 3061 1060 3115 ut
1097 3072 1100 3081 ·

58 3142 183 3203 aberent
202 3158 293 3215 quem
315 3103 509 3213 reducerent,
523 3138 724 3213 conservarit,
743 3137 851 3199 honori
864 3139 943 3199 hanc
958 3100 1059 3212 iidem,

58 3224 289 3294 msericordiam,
307 3223 446 3283 virtutem
462 3222 557 3283 luisse
573 3221 712 3282 mirarier
888 3274 891 3279 .

97 3305 159 3366 Xl.
168 3303 219 3368 27.
240 3306 322 3366 Vitia
341 3306 512 3371 mehercule
532 3305 583 3364 cn.
597 3303 709 3364 Plancii
728 3320 779 3366 res
800 3320 870 3380 eae,
889 3305 927 3364 de
948 3304 1058 3379 quibus

58 3381 99 3448 lxi
107 3397 235 3464 ,tegere
245 3376 428 3491 ροιιιοιςὲιιε
448 3403 487 3449 ne
509 3397 540 3449 tu
556 3387 585 3447 in
601 3405 638 3448 ea
649 3388 725 3464 urta
749 3387 788 3447 de
791 3403 902 3532 2aba}
877 3387 936 3448 iam
950 3388 1058 3460 dicam,

1102 3590 1128 3635 Δ
