2356 3854
80 174 145 241 aab
379 169 450 229 rao
468 172 498 229 r.
517 171 648 231 snsrra
668 168 821 242 canno.

43 322 47 333 '
74 326 140 386 mei
166 331 226 383 tarn
254 318 383 394 cupidos
411 334 470 378 non
499 321 654 380 modoad
683 329 797 381 certam
825 329 972 394 mortem,
1002 339 1006 378 t

81 421 223 480 magnum
237 403 316 462 vitae
331 398 492 468 discrimen
506 405 699 463 adducerem.
727 402 779 464 46.
797 402 898 476 Quum
911 402 1004 463 veroi

80 491 126 552 rei
147 487 286 564 publicae
307 499 416 543 navem
438 487 550 556 ereptis
572 487 690 546 senatui
710 486 930 561 gubernaculis
945 484 1006 545 nul

81 573 112 633 in
134 573 194 632 alto
216 566 446 642 tempestatibus
472 565 652 629 seditionum
672 586 708 628 ac
733 570 960 630 discordiarum
983 585 1006 628 ar

83 664 126 717 tot
146 655 278 724 classes,
302 649 360 709 nisi
381 664 440 722 ego
460 663 561 707 essem
577 670 656 711 nnus
672 652 810 728 deditus,
832 653 1006 713 incursura

4 744 6 749 '
81 745 200 808 rentur,
221 750 313 808 quum
330 730 528 807 proscriptio,
551 736 676 807 caedes,
699 735 829 810 direptio
847 737 1006 795 denunciat

84 836 176 898 quum
196 817 248 877 alii
267 833 317 875 me
337 814 515 889 suspicione
535 814 660 887 periculi
680 818 728 878 sui
744 835 806 878 non
821 819 1006 879 defenderer

82 912 187 964 vetere
199 900 269 962 odio
281 895 431 960 bo'nornm
441 897 648 969 incitarentur,
666 900 715 959 alii
725 901 912 974 inviderent,
928 902 979 960 alii
992 920 1006 961 o

83 986 143 1048 sibi
157 1001 206 1044 ma
220 983 449 1053 arbitrarentur,
467 979 516 1038 alii
530 979 636 1038 ulcisci
651 981 786 1044 dolorem
797 985 934 1059 aliquem
950 1003 1005 1044 suu

83 1074 161 1144 lent,
185 1066 236 1126 alii
255 1082 319 1125 rem
339 1064 439 1139 ipsam
459 1062 611 1137 publicam
632 1071 721 1136 atque
742 1067 822 1127 hunc
836 1069 1007 1128 bonorumi

84 1153 247 1223 ocinmque
262 1148 401 1207 odissent
415 1154 446 1205 et
465 1146 505 1204 ob
519 1145 612 1203 hasce
629 1159 739 1206 causas
754 1158 797 1210 tot
810 1159 936 1226 tamque
953 1151 1006 1209 vari

84 1250 178 1296 unum
192 1233 411 1306 deposcerent,
432 1229 638 1303 depugnarem
655 1228 756 1300 potius
773 1248 841 1293 cum
858 1251 977 1294 summo
992 1251 1006 1291 n

86 1333 153 1377 cam
164 1313 267 1386 exitio,
283 1313 338 1372 sed
350 1310 486 1385 periculo
498 1318 580 1370 certe
592 1317 695 1369 vestro
708 1309 933 1391 liberorumque
945 1325 1006 1376 vest

43 1456 47 1465 ,
87 1413 179 1475 quam
192 1413 253 1457 non
267 1396 313 1468 id,
329 1395 413 1468 qnod
428 1393 567 1453 omnibus
581 1392 791 1467 impendebat,
808 1412 885 1460 uuus
900 1417 957 1476 pro
973 1416 1006 1459 on

87 1479 276 1556 susciperem
289 1492 327 1537 ac
342 1477 496 1536 subirema

134 1563 245 1624 ”xxi
260 1558 312 1623 47.
333 1559 414 1621 Victi
435 1567 541 1620 essent
559 1559 699 1633 improbi.
719 1591 762 1602 -—
780 1561 821 1619 At
841 1561 942 1636 cives,
964 1573 1006 1624 at⁴

85 1646 220 1724 privato,
247 1644 299 1720 qui
321 1643 387 1704 sinc
407 1643 498 1703 armis
514 1643 603 1703 etlam
621 1640 729 1702 consul
747 1659 812 1702 rem
826 1645 976 1717 publicam
986 1663 1006 1704 a

85 1740 180 1792 verat.
212 1725 566 1798 Sinvictiesscntboni,
583 1725 635 1801 qui
647 1734 866 1799 superessentt
891 1745 1006 1788 nonnea

85 1832 144 1877 vos
160 1811 270 1873 videtis
283 1827 348 1871 rem
363 1811 514 1886 publicam
528 1817 686 1868 venturam
706 1808 825 1868 luisset
838 1838 876 1854 -·
897 1812 946 1869 An
960 1809 1006 1869 mil

85 1908 119 1959 ut
129 1897 253 1972 quidam
262 1903 378 1970 putant,
390 1894 445 1957 luit
453 1909 535 1954 mors
544 1909 644 1967 aequo
656 1891 756 1952 animo
767 1894 1002 1967 oppetendae—

87 1989 148 2041 tum
165 1988 332 2039 mortemne
348 1978 519 2051 lngiebamt
543 1993 581 2035 an
596 1983 661 2035 erat
679 1991 729 2035 res
744 1977 805 2035 nlla
826 1993 918 2050 quam
935 1975 998 2034 milri

87 2062 252 2137 optandam
273 2066 432 2134 putarem?
455 2067 506 2119 aut
525 2075 582 2132 ego
599 2058 667 2117 illas
683 2075 734 2117 res
751 2067 850 2119 tantas
866 2059 896 2118 in
911 2058 1004 2119 tantai

86 2146 196 2205 borum
209 2143 398 2203 multitudine
415 2160 507 2216 quum
522 2142 679 2215 gerebam,
702 2159 764 2202 non
784 2143 856 2203 mihi
871 2159 965 2213 mors,
984 2157 1006 2198 m

88 2228 188 2291 silium
209 2226 247 2287 ob
269 2228 376 2286 oculos
400 2226 597 2284 versabatur?
622 2241 684 2284 non
705 2225 934 2301 haecdenique
955 2240 1006 2282 arr

86 2320 243 2386 tamquam
264 2310 325 2370 lata
339 2309 370 2372 in
384 2309 453 2383 ipsa
468 2325 502 2366 re
518 2309 652 2382 gerenda
673 2309 880 2368 canebantur?
906 2327 944 2368 an
963 2323 1006 2366 era

87 2393 120 2454 in
133 2403 215 2455 muto
236 2395 318 2454 luctu
338 2408 489 2464 meorum,
512 2400 594 2452 tanta
608 2390 827 2463 disiunctione,
849 2401 931 2452 tanta
946 2406 1006 2450 acer

88 2484 172 2536 tanta
192 2475 374 2551 spoliatione
395 2475 528 2535 amnium
549 2491 663 2547 rerum,
693 2492 770 2548 quas
791 2475 863 2534 milri
882 2485 935 2535 aut
948 2482 1006 2533 natu

88 2560 210 2620 fortuna
221 2559 360 2630 dederat,
377 2559 437 2619 vita
447 2558 626 2619 retinendae
642 2566 702 2618 tam
715 2575 797 2617 eram
808 2559 909 2631 rudis,
924 2556 1006 2628 tamir

88 2658 204 2713 rernm,
221 2649 279 2701 tam
292 2656 404 2715 expers
415 2641 535 2702 consilii
548 2650 600 2702 ant
613 2639 752 2716 ingeniis
762 2641 837 2701 nihil
852 2643 1006 2702 audierant

12 2776 21 2794 ,
89 2722 247 2784 videraut
275 2723 348 2783 nibil
373 2723 444 2798 ipse
470 2724 600 2800 legendo
630 2725 868 2799 quaerendoque
896 2739 1005 2798 cognov

88 2806 264 2868 nesciebam
278 2804 358 2867 vitae
371 2807 496 2868 brevem
510 2825 581 2867 esse
597 2824 735 2879 cursum,
751 2808 866 2882 gloriae
882 2800 1006 2882 sempiter

91 2907 185 2967 quum
202 2897 286 2951 esset
305 2890 446 2951 omnibus
467 2891 592 2952 delinita
611 2907 710 2964 mors,
734 2891 901 2966 optandum
916 2905 1006 2950 esser

91 2991 170 3049 quae
190 2972 366 3035 necessitati
386 2975 561 3047 deberetur,
587 2974 704 3050 patriae
720 2974 823 3049 potius
838 2976 951 3036 donata
966 2989 1006 3047 qu

90 3064 211 3118 servata
231 3060 360 3118 naturaex
380 3057 552 3117 videretma
576 3058 752 3118 nesciebam
773 3057 851 3118 inter
876 3055 1006 3132 sapienti

89 3138 229 3200 homines
250 3141 329 3201 hanc
350 3139 573 3203 contentionem
593 3140 705 3212 luisse,
732 3149 766 3201 ut
785 3141 836 3201 alii
852 3142 1006 3201 dicerenta

90 3218 244 3283 hominum
258 3239 432 3298 sensusque
445 3232 543 3286 morte
556 3225 717 3300 restingui,
736 3224 787 3284 alii
801 3233 902 3285 autem
916 3234 1006 3285 tumn

91 3312 207 3364 mentes
223 3307 403 3381 sapientium
417 3320 453 3366 ac
468 3306 591 3368 tortium
605 3307 752 3381 virorum,
769 3326 861 3383 quum
873 3325 913 3368 ex
925 3321 1006 3382 corpe

91 3384 274 3460 cessisselrt,
302 3390 414 3451 sentire
434 3406 471 3450 ac
496 3389 620 3465 vigeret
646 3408 776 3466 quorum
795 3393 922 3452 alterum
942 3389 1006 3465 fugit
