2356 3854
214 144 217 150 ¹
243 180 324 241 cnr.
346 187 475 241 1a-ro.
495 183 521 282 ι.
543 184 674 239 aa-aa.
782 123 786 136 ¹
928 177 972 244 59
1008 142 1013 176 ²

71 376 78 402 ,
107 332 194 390 euius
216 328 309 389 lilium
332 328 447 388 sciebat
470 336 639 387 senatorem
664 325 770 400 populi
792 325 919 384 Romani
938 335 968 386 et

71 433 78 472 ι
102 429 186 482 esse,
216 414 340 471 eculeos
364 419 524 484 argenteos
546 410 679 481 nobiles,
703 407 817 483 quique
846 407 968 469 maximi

74 542 82 568 ,
109 496 215 555 aulert.
255 493 306 555 43.
332 495 510 566 Imprudens
531 493 590 551 huo
610 490 717 563 incidi,
739 490 870 550 iudices:
897 488 968 551 emit

71 595 120 638 ron
132 576 269 636 abstulit:
293 578 402 635 nollem
415 575 545 634 dixisse:
563 573 683 633 iactabit
695 590 729 632 se
742 581 771 631 et
782 575 811 630 in
824 573 871 632 iris
883 572 967 647 equi-

74 659 160 719 uleis.
199 659 279 717 terrm
307 658 467 732 pecuniam
487 656 575 716 solvi.
613 655 723 727 Credo,
745 654 834 714 etiam
848 656 967 715 tabulae

73 733 149 803 ntur.
186 742 240 800 Est
260 742 341 800 tanti.
384 741 464 800 Cedo
488 740 615 799 tabulas
654 737 740 797 Dilue
760 754 835 796 sane
856 739 965 797 crimen

71 825 222 893 lidianum,
247 824 318 882 dum
333 839 390 896 ego
407 823 524 881 tubulas
540 821 677 895 aspicere
692 820 817 892 possim.
855 822 981 883 Verum
998 855 1001 865 =
1058 888 1061 893 .

72 907 144 980 quid
160 913 223 965 erat
241 906 323 979 quud
338 905 469 964 Calidius
483 907 598 963 Romae
613 909 787 977 quereretur
804 917 854 973 se,
876 919 967 976 quum

76 1006 110 1049 os
132 988 162 1046 in
183 987 285 1046 Sicilia
299 989 516 1060 negociaretur,
538 994 600 1045 ate
615 986 681 1044 solo
696 983 736 1043 ita
751 1000 821 1043 esse
836 993 967 1043 euntem·

71 1073 110 1130 ita
125 1071 315 1143 despectum,
334 1077 367 1130 ut
381 1069 469 1128 etiam
486 1085 546 1128 una
560 1085 628 1127 oum
646 1068 773 1126 caeteris
790 1066 899 1125 Siculis
916 1067 967 1125 de·

71 1160 153 1213 eturl
186 1153 218 1210 Si
233 1169 365 1223 emeras,
390 1151 463 1225 quid
478 1161 542 1212 erat
556 1153 638 1225 quod
655 1150 850 1210 confirmabat
864 1165 898 1209 se
911 1148 967 1208 abs
997 1200 1017 1213 .,

72 1245 154 1295 ntum
177 1251 247 1295 esse
267 1234 475 1308 repetiturum,
497 1236 523 1293 si
543 1234 573 1293 id
590 1233 714 1306 tibisua
728 1234 881 1292 voluntale
894 1247 968 1292 ven-

75 1341 82 1372 :
111 1326 142 1376 tu
164 1334 254 1390 porro
276 1334 387 1390 posses
418 1318 534 1388 laeena,
561 1324 600 1392 utx
614 1318 665 1376 Cn.
685 1315 798 1374 Calidio
819 1333 878 1375 non
900 1315 967 1374 red·

85 1399 263 1473 praesertim
280 1417 371 1472 quum
388 1398 414 1458 is
431 1399 464 1458 L.
477 1399 620 1469 Sisenna,
643 1399 803 1458 defensore
819 1406 884 1470 tuo,
906 1405 966 1458 tam

70 1483 134 1542 iter
151 1491 292 1552 uteretur,
315 1491 344 1542 et
362 1499 452 1556 quum
471 1481 597 1542 caeteris
612 1479 805 1540 familiaribus
820 1480 967 1541 Sisennae

71 1571 161 1624 ssest
182 1562 232 1624 44.
250 1564 387 1639 Denique
402 1581 460 1624 non
474 1565 582 1638 opinor
597 1571 770 1636 negaturum
786 1579 856 1623 esse
871 1572 900 1622 te
914 1564 968 1623 lro·

70 1656 188 1719 mesto,
216 1649 349 1706 sednon
374 1646 560 1720 gratiosiori,
583 1662 671 1718 quam
692 1646 743 1703 Cn.
760 1645 891 1704 Calidius
913 1654 967 1717 est,

70 1730 124 1802 lio,
140 1738 169 1788 te
183 1738 337 1802 argentum
356 1746 410 1802 per
424 1729 627 1797 Potamonem,
644 1728 771 1785 amicum
786 1734 883 1797 tuum,
899 1728 967 1785 red-

70 1855 76 1868 .
112 1811 167 1884 Qui
189 1812 310 1885 quidem
332 1819 518 1870 caeterorum
539 1825 662 1868 eausam
679 1809 761 1880 apud
776 1815 804 1868 te
820 1806 969 1867 dillieilio-

70 1895 108 1953 sit.
143 1895 216 1952 Nam
232 1900 369 1967 quumte
385 1893 598 1951 confirmasses
616 1889 821 1963 compluribus
835 1888 968 1949 redditu·

72 1985 160 2036 ostea
176 1994 264 2050 quam
281 1973 419 2034 Curidius
434 1992 489 2048 pro
506 1973 675 2033 testimonio
691 1972 808 2048 dixit'te
826 1971 884 2032 sibi
900 1973 969 2031 red»

74 2105 81 2129 ‚
105 2060 196 2117 finem
218 2057 364 2119 reddendi
387 2056 500 2129 lenisti,
527 2058 610 2130 quod
624 2054 797 2115 intellexisti
810 2051 924 2130 praeda
938 2063 968 2114 te

70 2142 148 2201 ribus
170 2143 281 2200 emissa
308 2138 510 2200 testimonium
526 2147 624 2198 tamen
640 2136 773 2212 effugere
788 2155 848 2198 non
864 2153 968 2211 posse.
1056 2168 1060 2178 =

69 2224 146 2296 idio,
164 2223 257 2298 equiti
271 2224 422 2294 Romanu,
440 2239 497 2297 per
507 2238 613 2282 omnes
627 2221 703 2281 alios
715 2229 871 2294 praetores
886 2219 969 2278 licuit

81 2314 237 2379 argentum
258 2307 336 2364 bene
357 2307 483 2378 laetum,
513 2303 597 2364 liuuit
612 2320 707 2379 posse
727 2301 901 2362 domesticis
917 2317 968 2359 oo·

73 2407 145 2448 uum
162 2388 366 2461 magistratum
388 2386 583 2461 autaliquem
598 2384 786 2461 superiorem
802 2383 968 2457 invitasset,

79 2480 109 2530 et
128 2487 276 2544 apparare
296 2469 477 2530 convivium.
513 2465 597 2528 Multi
618 2467 699 2528 domi
715 2467 767 2526 Cn.
779 2466 883 2526 Calidii
901 2483 968 2527 cum

73 2562 101 2612 te
127 2562 219 2626 atque
243 2552 368 2631 imperio
395 2546 528 2612 luerunt:
561 2568 649 2612 nemo
675 2551 815 2610 inventus
839 2557 886 2608 est
908 2558 968 2608 tam

70 2635 122 2708 qui
137 2636 210 2694 illud
225 2642 379 2706 argentum
394 2643 453 2694 tam
468 2636 655 2710 praeclarum
669 2650 705 2693 ao
720 2642 779 2692 tam
796 2631 897 2692 nobile
911 2631 968 2691 eri·

69 2734 147 2776 remo
159 2727 217 2776 tam
233 2717 334 2776 audax
346 2716 398 2792 qui
412 2725 561 2790 posceret,
573 2730 659 2776 nemo
671 2724 728 2776 tam
743 2715 903 2790 impudens
916 2714 967 2788 qui

72 2809 118 2858 rel
132 2808 164 2858 ut
178 2800 330 2858 venderet.
356 2797 407 2860 45,
431 2799 600 2877 Superbum
615 2808 661 2860 est
678 2799 771 2869 eninr,
788 2796 919 2866 iudices,
939 2802 969 2854 et
986 2838 989 2845 .
1030 2832 1038 2847 ι

69 2883 183 2941 endum
199 2881 300 2942 dicere
316 2890 484 2955 praetorem
497 2880 528 2940 in
540 2880 694 2955 provincia
705 2879 818 2940 homini
829 2879 968 2948 honesto,
1053 2899 1057 2910 ·

69 2964 104 3036 ti,
122 2965 298 3037 splendido:
329 2967 426 3024 Vende
439 2965 511 3023 milri
523 2978 594 3039 ausu
608 2967 732 3024 coetum.
754 2963 819 3019 Hoe
832 2966 878 3018 est
888 2955 968 3016 enim

96 3063 155 3105 non
176 3063 210 3104 es
225 3046 339 3119 <dignus
363 3054 394 3105 tu
416 3044 468 3120 qui
490 3045 603 3105 habeas
625 3061 703 3119 quae
719 3052 777 3103 tam
795 3042 873 3100 bene
889 3040 967 3100 laeta

69 3145 141 3186 neae
163 3126 314 3202 dignitatis
335 3126 485 3188 istasunt.
519 3126 703 3200 indignior,
725 3127 853 3196 Verres,
876 3138 967 3198 quam

69 3217 103 3268 s?
125 3209 191 3284 qui,
213 3218 246 3270 ut
260 3225 321 3267 non
335 3209 487 3267 aonleram
500 3207 592 3267 vitam
603 3223 702 3281 neque
715 3204 966 3269 existimationem

69 3309 108 3350 rm
121 3291 215 3352 illius:
238 3306 336 3364 neque
348 3288 426 3348 enim
437 3297 484 3349 est
495 3290 692 3355 conferendas
714 3290 772 3349 hoo
782 3288 881 3364 ipsum
894 3304 966 3350 eon·

81 3392 141 3448 quo
163 3383 194 3435 tu
214 3382 243 3434 te
264 3371 453 3448 superiorem
473 3370 577 3446 fingis:
600 3373 683 3445 quod
696 3371 745 3432 tls
760 3389 810 3441 ccc
824 3372 905 3433 milia
921 3370 969 3430 di-
