2356 3854
112 154 184 270 Ι454
279 204 318 264 ΙΝ
333 203 373 268 M.
388 200 589 263 ANTONIUM
604 197 743 262 ORATIO
758 200 984 261 PHILIPPICA
1000 204 1037 262 ll.

124 366 276 430 tamquam
290 352 317 411 si
328 359 412 412 esset
428 353 552 424 consul,
575 353 748 412 salutarent.
770 351 965 411 Incredibile
977 353 1070 426 dictu,
1084 354 1152 433 sed†

122 447 187 502 tum
201 436 290 495 nimis
306 436 383 494 inter
397 451 503 495 omnes
519 435 679 494 constabat
695 433 847 494 neminem
865 449 944 494 esse
959 437 1150 509 resalutatun,

122 518 301 599 praesertim
321 535 412 593 quum
428 519 507 579 duos
525 533 628 577 secum
643 512 822 592 Anagninos
837 516 992 591 haberet,
1010 520 1152 580 Mustelam
1175 554 1177 563 =

122 612 153 664 et
163 603 330 662 Laconem:
355 617 483 674 quorum
498 603 574 660 alter
589 601 758 674 gladiorum
771 607 819 659 est
834 599 1010 675 princeps,
1027 604 1098 664 alter
1109 620 1151 678 po

122 688 269 746 culorum.
316 681 386 744 107.
406 683 484 757 Quid
504 700 562 758 ego
584 682 652 742 illas
673 683 761 744 istius
776 683 879 743 minas
899 686 1150 760 contumeliasque

123 783 371 838 commemorem,
403 768 513 841 quibus
540 767 678 827 invectus
707 775 754 826 est
782 766 812 825 in
835 765 1021 844 Sidicinos,
1050 770 1149 828 vexavit

121 850 320 923 Puteolanos,
343 850 427 924 quod
448 850 478 909 C.
501 848 638 909 Cassium
659 857 690 908 et
707 849 819 909 Brutos
841 858 1004 926 patronos
1028 853 1148 927 adoptas·

22 961 26 976 ·
124 933 214 995 sculi
233 934 343 1008 Magno
360 933 483 1007 quidem
495 932 628 1003 iudicio,
646 933 762 1005 studio,
776 933 1021 1010 benevolentia,
1038 935 1145 1007 caritate,

122 1033 184 1078 non
204 1025 236 1077 ut
253 1025 299 1090 te,
320 1025 354 1076 ut
366 1015 515 1088 Basilum,
535 1014 566 1074 vi
584 1022 614 1075 et
637 1015 743 1090 armis,
769 1022 799 1074 et
819 1015 902 1076 alios
922 1020 1026 1079 vestri
1046 1018 1143 1089 similes,

124 1117 203 1176 quos
226 1100 350 1159 clientes
372 1115 461 1158 nemo
482 1096 595 1159 babere
618 1098 707 1169 velit,
730 1114 790 1158 non
812 1100 909 1159 modo
933 1100 1058 1163 illorum
1071 1096 1155 1162 cliens'

125 1199 207 1243 esse.
251 1182 340 1241 XLII.
360 1182 480 1243 lmerea
501 1184 571 1243 dum
585 1191 618 1241 tu
631 1180 721 1255 abes,
744 1179 795 1256 qui
805 1181 883 1242 'dies
898 1183 956 1244 ille
975 1187 1101 1260 collegae
1111 1181 1142 1242 tui

122 1264 193 1336 luit,
224 1282 316 1340 quum
338 1265 427 1339 illud,
457 1262 541 1340 quod
561 1262 700 1325 venerari
720 1265 863 1338 solebaS,
894 1266 1028 1328 bustum
1049 1270 1076 1327 in
1095 1268 1142 1327 loro

122 1349 251 1407 evertit?
277 1347 396 1420 Quare
417 1348 470 1409 tibi
493 1347 650 1420 nunciata,
675 1355 706 1407 ut
727 1348 891 1409 constabat
911 1348 998 1410 inter
1020 1367 1087 1423 eos,
1108 1346 1140 1423 qd

120 1431 331 1500 coaluerunt,
348 1429 519 1491 concidisti.
541 1431 618 1505 Quid
636 1429 771 1491 evenerit
782 1439 895 1506 postea
909 1434 1033 1494 nescio.
1055 1433 1139 1493 Metuo

122 1514 214 1572 credo
238 1512 374 1573 valuisse
394 1521 424 1573 et
447 1530 541 1573 arma.
579 1514 731 1587 collegam
751 1514 876 1588 quidem
899 1516 943 1576 de
960 1519 1051 1578 caelo
1068 1518 1139 1577 deln-

121 1594 193 1655 xisti
216 1594 407 1670 effecistique
434 1613 495 1656 non
512 1605 542 1657 tu
557 1597 680 1672 quidem
694 1596 784 1657 etiarn
803 1612 890 1658 nunc
923 1609 960 1659 ut
983 1600 1088 1662 similis
1107 1596 1138 1667 tvi

88 1696 91 1701 ·
121 1679 179 1739 sed
197 1686 278 1740 certe
300 1687 333 1739 ut
349 1676 507 1743 dissimilis
523 1692 607 1750 esset
621 1678 679 1740 sui.

66 1789 71 1794 ·
184 1761 255 1824 108.
284 1762 340 1837 Qui
364 1779 437 1823 vero
458 1763 528 1823 inde
548 1763 665 1824 reditus
684 1764 827 1823 Romam!
856 1763 947 1838 Quae
970 1763 1137 1841 perturbatio

122 1845 215 1907 totius
230 1847 330 1906 urbist
358 1845 593 1906 Memineramus
609 1845 733 1924 Cinnam
750 1843 846 1906 nimis'
855 1857 1039 1923 potentem,
1054 1849 1140 1910 Sullan

120 1938 229 2003 postea
250 1929 470 1990 dominantem:
493 1931 585 1990 modo
604 1928 764 1989 Caesarem
779 1939 964 2004 regnantem
981 1933 1140 1993 videramus

119 2010 213 2075 Erant
227 2013 360 2074 fortasse
375 2013 484 2086 gladii,
500 2013 555 2073 sed
570 2011 742 2073 absconditi
756 2029 813 2072 nec
828 2015 870 2073 ita
886 2017 988 2076 multi.
1011 2018 1073 2077 lsta
1090 2028 1139 2074 vero

121 2111 200 2169 quac
223 2103 253 2155 et
275 2103 387 2169 quanta
409 2097 550 2156 barbaria
565 2104 626 2156 est!
649 2097 778 2170 Agmine
794 2097 950 2170 quadrato
969 2116 1043 2160 cum
1058 2094 1140 2175 gladia

121 2185 305 2252 sequuntur:
333 2187 488 2240 scutorum
511 2181 635 2240 lecticas
658 2179 771 2254 portari
791 2179 950 2240 videmus.
992 2188 1093 2258 Atque
1108 2178 1140 2238 lis

121 2261 244 2335 quidem
259 2261 318 2321 iam
333 2262 525 2335 inveteratis,
549 2271 651 2337 patres
670 2260 848 2337 conscripti,
865 2266 1094 2329 consuetudine
1105 2262 1140 2322 ob

121 2343 288 2404 duruimus.
323 2346 471 2406 Kalendis
491 2346 585 2427 Iuniis
608 2363 699 2420 quum
724 2346 755 2405 in
775 2355 936 2422 senatum,
960 2359 997 2410 ut
1012 2360 1076 2411 erat
1090 2362 1142 2408 oon·

120 2426 264 2496 stitutum,
277 2429 382 2488 venire
397 2430 554 2504 vellemus,
569 2434 650 2488 metu
663 2428 810 2502 perterriti
830 2433 1142 2509 repentediiiugimus.

121 2507 192 2568 109.
221 2515 262 2569 At
286 2509 359 2582 iste,
392 2513 444 2586 qui
472 2522 580 2573 senatu
604 2528 666 2572 non
691 2520 809 2586 egeret,
844 2529 951 2589 neque
978 2512 1145 2578 desideravit

20 2632 22 2636 -
122 2607 306 2665 quemquam
327 2602 356 2654 et
377 2595 477 2668 potius
500 2595 643 2655 discessu
662 2602 767 2655 nostro
784 2596 916 2657 laetatus
933 2608 986 2660 est
1003 2600 1145 2673 statimqne

119 2672 171 2733 illa
194 2672 341 2734 mirabilia
362 2677 498 2737 facinora
513 2677 622 2739 effecit.
656 2676 713 2752 Qui
729 2676 936 2754 chirographa
952 2682 1094 2745 Caesaris
1106 2681 1144 2740 de

119 2755 271 2818 tendisset
283 2756 360 2817 lucri
375 2759 421 2818 sui
434 2775 537 2835 causa,
552 2760 579 2822 is
590 2763 675 2834 leges
687 2761 961 2839 Caesariseasque
976 2769 1143 2841 praeclaras,

119 2850 153 2902 ut
173 2857 238 2900 rem
253 2841 404 2916 publicam
419 2853 583 2905 concutere
597 2852 720 2919 posset,
741 2843 863 2904 evertit:
886 2863 1055 2911 numerum
1070 2863 1144 2911 anno

119 2940 186 2984 rum
202 2924 367 2998 provinciis
384 2925 573 3002 prorogavit:
592 2925 743 3002 idemque,
759 2944 851 3003 quum
863 2939 1011 2994 actorum
1027 2930 1143 2995 caesam

120 3007 267 3068 delensor
280 3024 351 3069 esse
367 3010 500 3082 deberet,
518 3018 548 3070 at
562 3008 591 3070 in
608 3009 738 3084 publicis
753 3010 827 3071 etin
843 3013 979 3087 privatis
992 3018 1142 3079 rebusacta

120 3086 259 3151 Caesaris
274 3091 429 3153 rescindit.
458 3095 491 3152 ln
509 3091 638 3169 publicis
656 3093 728 3153 nihil
743 3102 790 3154 est
803 3095 872 3170 lege
888 3100 1038 3172 gravius=
1057 3101 1083 3161 in
1094 3093 1140 3172 pri·

118 3170 198 3232 vatis
215 3173 421 3236 firmissimum
437 3187 483 3236 est
497 3184 717 3237 testamentum.
738 3177 836 3252 Leges
854 3181 934 3240 alias
947 3184 1020 3247 sine
1031 3176 1139 3260 pronul-

121 3251 242 3344 galione
256 3257 392 3334 sustulit,
408 3261 484 3321 alias
500 3267 533 3320 ut
549 3261 669 3321 tolleret
686 3261 902 3337 promulgavit.
931 3265 1139 3328 Testamentum

120 3325 234 3392 irritum
255 3340 341 3398 lecit=
364 3343 446 3416 quod
467 3343 555 3402 etiam
576 3342 689 3403 infimis
709 3342 827 3403 civibus
849 3361 982 3422 semper
1005 3350 1139 3411 obtentum

119 3416 177 3470 cst.
221 3415 329 3492 Signa,
356 3422 489 3497 tabulas,
512 3440 590 3501 quas
613 3427 729 3503 populo
751 3425 865 3490 Caesar
887 3446 1041 3494 unacum
1060 3423 1136 3492 borllt
