2356 3854
296 194 774 262 .car.2a—so.s.rs-aa.
925 215 929 219 ·
1016 202 1079 269 ιιι

58 358 152 417 reque
169 341 348 438 cuiusquam
364 354 540 404 ornamenta
557 345 700 406 orationis
721 346 888 421 desiderat,
910 359 1012 423 potest
1032 352 1075 411 di-

58 442 118 485 ere
144 423 307 499 quisquam
329 440 472 500 umquam
496 427 652 498 meliores,
676 430 831 502 fortiores,
855 433 1076 494 constantiores

61 507 230 568 ansulares
249 506 345 569 luisse
369 524 458 582 quarn
479 509 517 568 iis
538 510 724 583 temporibus
742 512 948 586 apericulis,
966 515 1075 590 quibus

58 604 147 649 aene
162 588 315 664 oppressa
329 599 377 650 est
390 607 440 650 res
456 591 600 666 publicat
631 592 703 664 Quis
725 610 786 652 non
804 595 843 654 de
860 597 1011 656 communi
1027 615 1073 657 sa·

58 681 106 733 ute
121 671 330 746 apertissime,
356 674 424 748 quis
444 690 506 733 non
524 674 701 747 fortissime,
726 677 795 750 quis
815 692 877 736 non
894 681 1074 740 constantis-

58 755 122 814 ime
138 755 257 815 sensili
279 756 384 830 Neque
400 772 458 831 ego
475 757 640 831 praecipue
655 758 693 816 de
709 758 921 819 consularibus
936 760 1073 836 disputo:

58 854 114 898 ,arn
126 837 206 896 haec
218 837 411 898 ethominum
423 839 691 910 ornatissimorum,
712 839 763 914 qui
778 847 935 914 praetores
946 843 1074 917 luerunt,

59 931 71 981 t
91 919 233 980 universi
253 929 378 980 senatus
395 923 561 982 communis
582 924 725 995 asilaus,
753 932 785 983 ut
800 932 918 983 constet
933 933 1004 998 post
1020 924 1073 984 ho-

58 1003 160 1063 sinum
176 1002 349 1062 memoriam
365 1020 528 1079 numquam
544 1005 573 1062 in
590 1006 641 1064 illo
656 1004 763 1065 ordine
777 1007 846 1080 plus
860 1005 988 1078 virtutis,
1005 1008 1073 1079 plus

58 1084 160 1146 mazia
175 1084 206 1144 in
217 1100 280 1144 rem
291 1087 453 1160 publicam,
470 1089 539 1162 plus
555 1087 708 1160 gravitatis
724 1088 835 1148 luisse:
851 1088 906 1147 sed
923 1089 993 1166 quia
1005 1096 1075 1151 sunt
1145 1160 1149 1171 ¹

58 1167 192 1243 ,escripti
214 1168 417 1240 consulares,=
432 1169 470 1228 de
486 1170 534 1229 his
555 1178 666 1229 tantum
687 1171 759 1229 mihi
781 1172 942 1232 dicendum
958 1173 1071 1269 putavi,

58 1250 128 1326 uod
141 1250 217 1312 satis
232 1260 325 1325 esset,
342 1253 382 1310 ad
397 1253 565 1312 testandam
580 1253 712 1312 omnium
724 1255 908 1330 memoriam,
923 1256 1072 1317 neminem
1105 1294 1108 1302 ·

58 1348 119 1393 sse
132 1348 173 1393 ex
185 1334 237 1392 illo
255 1333 380 1395 honoris
395 1335 491 1407 gradu
506 1334 558 1408 qui
572 1353 632 1396 non
649 1336 730 1397 omni
745 1337 861 1418 studio,
883 1336 1004 1411 virtute,
1020 1355 1071 1399 au-

59 1412 182 1476 toritate
192 1413 411 1476 incubueritad
421 1434 485 1477 rom
497 1419 647 1492 publicam
657 1385 906 1480 conservandam.
925 1422 1014 1480 XXX
1021 1419 1071 1482 83.

58 1500 106 1560 ted
121 1498 218 1573 quadr
234 1514 308 1574 ego,
326 1499 378 1574 qui
393 1500 547 1560 Catilinam
562 1517 621 1562 non
637 1503 772 1575 laudavi,
794 1502 846 1578 qui
860 1521 913 1563 reo
930 1504 1071 1562 Catilinae

58 1581 152 1643 ansul
173 1597 234 1640 non
255 1582 353 1653 adlui,
377 1585 428 1657 qui
447 1583 651 1643 testimonium
667 1585 705 1644 de
727 1584 934 1645 coniuratione
955 1584 1049 1644 dixi
1041 1602 1071 1643 ιιι

58 1665 130 1738 lios,
148 1663 268 1724 adeone
281 1666 369 1725 vobis
386 1665 504 1725 alienus
520 1682 537 1724 a
552 1667 688 1738 sanitate,
706 1668 785 1725 adeo
800 1667 912 1726 oblitus
931 1676 1069 1725 constan-

58 1764 100 1807 ae
112 1762 210 1819 meae,
226 1748 304 1808 adeo
320 1747 478 1808 immernor
491 1764 591 1808 rerum
606 1765 624 1807 a
638 1764 686 1808 me
701 1756 853 1823 gestarum
869 1764 939 1806 esse
955 1748 1070 1821 videor,

58 1839 82 1904 t,
99 1846 196 1906 quum
208 1833 315 1891 consul
325 1831 437 1890 bellum
449 1830 597 1904 gesserim
608 1846 675 1890 cum
688 1829 861 1903 coniuratis,
876 1845 954 1888 nunc
966 1844 1070 1888 eorum

58 1928 152 1974 ucem
169 1929 294 1974 servare
308 1913 443 1988 cupiam,
463 1921 493 1973 et
506 1912 536 1972 ιιι
551 1914 683 1972 animum
697 1912 853 1987 inducam,
872 1911 958 1972 cuius
974 1928 1071 1986 nuper

58 2012 156 2056 errum
175 1997 350 2057 rettuderim
371 1995 585 2071 flammamque
605 1995 809 2069 restinxerim,
839 1995 975 2056 eiusdem
990 2011 1069 2054 nunc

58 2078 167 2140 ausam
181 2079 336 2155 vitamque
352 2080 537 2139 defenderer
556 2078 590 2140 Si
604 2078 722 2140 medius
737 2079 843 2152 fidius,
858 2079 990 2153 ludices,
1007 2094 1067 2138 non

58 2178 89 2222 ne
103 2163 174 2238 ipsa
185 2176 239 2225 res
254 2162 388 2237 publica,
412 2162 488 2222 meis
503 2163 659 2223 laboribus
676 2171 707 2240 et
717 2162 864 2238 periculis
878 2168 1067 2233 conservata,

58 2244 271 2320 dgravitatem
293 2245 383 2304 animi
405 2253 435 2304 ct
449 2246 649 2306 constantiam
669 2262 726 2306 sua
742 2245 884 2320 dignitate
901 2250 1068 2317 revocaret,

58 2344 140 2388 umen
156 2327 215 2388 lroc
231 2335 338 2388 natura
354 2336 401 2388 est
416 2327 548 2402 insitum,
563 2338 603 2401 ut,
622 2344 711 2404 quem
727 2327 871 2400 timueris,
894 2327 1016 2401 quicum
1029 2327 1068 2386 da

58 2412 102 2472 ita
115 2409 308 2486 fortunisque
323 2411 526 2485 contenderis,
543 2411 630 2472 culus
642 2427 683 2471 ex
696 2410 814 2470 insidiis
826 2409 970 2482 evaseris,
988 2409 1067 2469 hunc

58 2510 165 2570 emper
178 2494 290 2556 oderis.
324 2493 386 2553 Sed
407 2512 499 2570 quum
514 2503 620 2570 agatur
635 2495 735 2554 honos
749 2509 836 2553 meus
852 2491 1066 2568 amplissimus,

58 2576 138 2639 laria
151 2592 251 2638 rerum
267 2585 420 2652 gestarum
438 2577 613 2653 singularis,
637 2594 729 2653 quum
748 2577 887 2650 quotiens
906 2574 1065 2650 quisquam

58 2668 88 2722 st
101 2660 132 2720 in
147 2659 208 2720 boc
221 2662 339 2721 scelere
361 2659 534 2733 convietus,
555 2659 666 2722 totiens
680 2668 842 2721 renovetur
855 2660 999 2718 memoria
1013 2672 1067 2732 per
1085 2736 1088 2741 ι

58 2758 89 2802 ue
102 2742 245 2806 inventae
265 2740 388 2815 salutis,
409 2759 467 2818 ego
484 2744 540 2803 sim
561 2752 620 2803 tam
636 2744 777 2815 demens,
802 2758 859 2840 ego
876 2741 1065 2811 committam,

58 2834 76 2885 ll
88 2840 133 2900 ea,
151 2842 231 2902 quae
242 2842 299 2901 pro
315 2827 412 2886 salute
427 2826 557 2886 omnium
572 2825 665 2900 gessi,
680 2842 755 2886 casu
769 2825 865 2898 magis
882 2832 911 2884 et
927 2822 1066 2882 latinitate

58 2924 122 2969 mo
117 2924 226 2985 quam
241 2908 350 2968 virtute
362 2908 531 2969 etconsilio
543 2917 628 2983 gesta
640 2925 711 2969 esse
724 2909 901 2967 videanturt
928 2903 977 2963 84.
991 2900 1066 2996 Quid

58 2999 136 3068 rgol
161 2993 222 3053 hoc
237 2990 289 3052 tibi
308 2991 418 3063 sumis,
443 2991 524 3051 dicet
539 2993 585 3050 lor
634 3006 669 3050 se
686 2989 851 3064 quispiam,
873 2996 920 3058 ut,
935 2983 1018 3058 quia
1035 2990 1066 3042 tu

58 3075 197 3144 terendis,
215 3073 363 3134 innocens
378 3073 547 3133 iudicetur?
566 2999 734 3147 ὢιιιο,
751 3071 881 3143 iudices,
898 3084 967 3128 non
974 3066 1069 3126 modo

58 3157 110 3219 albi
124 3157 201 3219 nihil
216 3155 371 3218 adsumo
362 3173 394 3215 ιιι
410 3171 471 3230 quo
487 3154 638 3231 quispiam
652 3160 815 3228 repugnet,
841 3152 897 3212 sed
912 3151 1016 3223 etiam,
1038 3148 1065 3208 si

58 3241 112 3313 quid
125 3243 167 3302 ab
181 3241 322 3302 omnibus
334 3237 479 3300 concedit
468 3245 523 3312 t,ur
539 3236 570 3297 id
584 3237 680 3296 reddo
698 3252 734 3295 ac
748 3235 874 3295 remitto.
903 3232 992 3294 Non
984 3248 1065 3292 mea

58 3324 209 3401 epublica
223 3338 339 3395 versor,
356 3338 416 3383 non
432 3321 470 3382 iis
485 3319 672 3397 temporibus
683 3334 782 3379 meum
798 3326 889 3391 caput
900 3315 994 3378 obtuli
1007 3329 1063 3412 pro

58 3408 136 3475 atria
149 3407 293 3484 perimitis
312 3406 461 3479 omnibus,
479 3421 539 3465 non
555 3412 605 3466 aut
619 3403 659 3463 lta
674 3410 744 3464 sunt
757 3402 941 3546 exsuffla
912 3417 990 3475 quos
1006 3395 1064 3458 vici

1101 3578 1136 3632 A
