2356 3854
82 140 124 232 oa
294 173 333 230 ut
355 171 385 230 c.
409 169 569 230 vuuuuu
589 170 671 229 ner.
688 170 725 227 u.
740 169 812 227 ure.
835 132 900 228 ιν(
975 249 978 254 p

82 326 118 386 Ei
138 325 237 398 pulum
251 321 391 398 imperat,
414 328 446 380 ut
461 334 549 379 omne
562 327 732 394 ungentum,
754 315 837 392 quod
852 317 936 391 apud
953 309 1081 392 q'uemqul

84 414 167 466 essct
188 403 325 476 Catinae,
346 401 585 476 conquirendum
607 410 725 460 curaret
745 401 828 460 etad
843 401 1081 460 seudlercnduru

82 487 282 563 Phylarchum
304 482 541 558 Centuripinum,
569 485 697 557 primum
720 483 871 542 hominem
891 498 1022 556 genere,
1041 482 1081 541 vlr-

83 579 159 641 tute,
184 568 328 644 pecunia,
349 584 409 626 non
430 566 489 625 hoc
510 565 589 646 idem
614 567 741 626 imalum
762 565 863 625 dicere
878 565 1023 637 audistis,
1042 564 1081 624 sili

79 653 174 725 ¹istum
196 653 355 724 negocium
376 648 499 708 dedisse
518 656 609 723 alque
632 649 816 722 imperasse,
834 656 867 707 ut
891 646 1080 721 Centuripini,

83 735 113 794 in
138 734 256 795 civitate
227 733 367 793 ttolius
380 731 501 791 Siciliae
525 733 618 791 mullo
642 731 774 790 maxima
797 738 826 789 et
853 729 1079 803 locupletissimo,

38 890 41 896 Ι
84 834 172 878 omne
193 826 347 890 argeutum
372 814 567 909 conquireret
585 822 615 873 et
637 814 676 873 ud
693 830 733 873 se
757 813 958 885 comportari
953 813 1079 872 iuberetl

83 900 198 977 Agyrio
214 899 349 958 simililer
362 897 449 957 istius
464 896 589 970 imperio
605 913 680 956 vasu
694 894 845 955 Corinthia
866 910 922 968 per
934 886 1078 968 Apollodo

82 1000 163 1054 rum,
180 990 295 1057 queml
284 989 389 1041 testem
404 978 547 1052 audistis,
569 978 739 1055 Syracusas
756 979 913 1051 deportata
936 985 1012 1037 sunt.
1044 973 1077 1036 5l

82 1068 137 1126 llla
151 1081 224 1124 vero
245 1073 297 1138 opt
298 1063 357 1121 ima
371 1069 432 1130 est,
451 1062 547 1136 quod,
566 1078 657 1135 quum
678 1060 848 1119 Haluntium
863 1061 1000 1119 venisset
1013 1042 1077 1132 prae

83 1159 131 1209 tor
155 1146 326 1206 laboriosus
353 1151 382 1203 et
406 1142 550 1217 diligens,
577 1144 645 1218 ipse
672 1143 701 1201 in
728 1143 874 1216 oppidum
898 1142 995 1202 noluit
1013 1155 1076 1200 acce·

84 1231 170 1300 dere,
187 1229 270 1301 quod
284 1235 347 1286 erut
361 1224 475 1285 difficili
490 1241 621 1286 ascensu
636 1234 726 1300 utque
745 1227 856 1296 arduo,
876 1224 1076 1309 Archagathum

83 1310 290 1381 Haluntinum,
314 1309 465 1368 hominem
480 1325 542 1366 non
557 1311 654 1368 solum
669 1307 766 1379 domi,
787 1309 844 1374 sed
865 1292 928 1368 to'tu
949 1303 1075 1366 Siciliain

83 1392 187 1468 primis
203 1392 347 1460 nobilem,
370 1390 472 1451 vocari
487 1390 584 1450 iussit.
616 1391 652 1450 Ei
670 1391 830 1463 negocium
845 1389 941 1460 dedit,
961 1397 995 1451 ut
1013 1386 1075 1462 quid·

85 1476 158 1551 quid
174 1473 295 1535 Halunti
313 1481 395 1533 esset
413 1475 529 1546 urgenti
549 1471 657 1533 caelati
675 1481 726 1533 aut
746 1471 773 1532 si
796 1471 868 1547 quid
889 1472 979 1532 etiam
999 1468 1076 1530 Corin·

83 1558 226 1629 thiorum‚
250 1565 283 1616 ut
298 1570 386 1616 ornne
409 1554 507 1615 statim
527 1556 566 1614 ud
586 1571 669 1616 mare
689 1571 728 1614 ex
748 1556 860 1629 oppido
882 1555 1076 1628 deportaretur.

83 1639 230 1702 Ascendit
245 1638 275 1698 in
291 1639 435 1713 oppidum
448 1637 667 1712 Archagathus.
688 1638 785 1698 Homo
799 1637 918 1708 nobilis,
938 1637 989 1711 qui
1004 1631 1077 1695 asnis

84 1724 176 1785 amari
200 1732 229 1784 et
256 1721 349 1795 diligi
368 1722 471 1794 vellet,
501 1722 616 1781 terebat
642 1719 771 1794 graviter
798 1719 878 1779 illam
905 1718 964 1778 sibi
983 1717 1077 1778 chisto

85 1805 270 1883 provinciam
294 1806 344 1864 dat
333 1811 392 1863 tum
424 1819 480 1864 nec
506 1804 579 1879 quid
608 1806 719 1864 laceret
748 1803 892 1861 habebat·
924 1799 1079 1876 pronunciat

86 1891 157 1966 quid
172 1890 251 1948 sibi
244 1897 422 1962 imperatum
437 1896 533 1946 esset
553 1887 634 1947 iubet
649 1888 753 1946 omnes
769 1887 904 1958 prolerre
915 1885 999 1958 quod
1009 1883 1079 1941 habe

19 2009 22 2017 ,
84 1981 158 2030 rent
190 1971 288 2029 Metus
304 1978 367 2028 erat
383 1985 532 2028 summus.
557 1971 628 2043 lpse
649 1969 729 2028 enim
750 1976 896 2062 tyrannus
919 1983 981 2027 non
1002 1964 1080 2025 disce

85 2054 175 2111 debat
189 2053 324 2125 longius:
346 2052 568 2124 Archagathum
589 2060 619 2111 el
633 2058 786 2124 argentum
807 2049 851 2108 in
859 2050 966 2110 lectica
985 2049 1080 2109 cubans

85 2136 124 2194 ad
140 2151 222 2192 mure
237 2133 314 2192 infra
328 2132 472 2206 oppidum
494 2136 718 2208 exspectabat.
730 2132 790 2196 52.
813 2131 906 2205 Quem
921 2143 1081 2197 concursum

85 2217 116 2278 in
132 2216 245 2292 oppido
261 2217 371 2274 faulum
387 2215 520 2289 putatis?
535 2234 623 2291 quem
637 2219 819 2276 clamoremr
839 2232 929 2290 quern
944 2232 1032 2290 porro
1042 2211 1081 2271 lle

86 2310 147 2362 tum
161 2299 338 2360 mulierum?
358 2299 409 2373 qui
431 2299 558 2370 videret,
579 2316 690 2395 equum
708 2298 868 2359 Troianum
890 2297 1081 2386 introductum

86 2384 190 2442 urbam
212 2391 328 2457 captum
350 2383 472 2441 diceret
503 2381 648 2440 Efferri
624 2399 689 2442 sme
706 2380 802 2442 thecis
817 2397 905 2451 vasa,
927 2373 1081 2454 extorqueri

86 2465 144 2523 ulia
160 2467 198 2524 de
220 2466 357 2524 manibus
376 2464 547 2536 milliorum,
568 2464 686 2538 effringi
706 2465 865 2524 multorum
879 2465 977 2536 iores,
997 2455 1081 2523 revell

86 2549 225 2606 claustra.
256 2547 331 2640 Quid
347 2546 425 2605 enim
447 2546 577 2620 putansa
599 2547 689 2606 Scuta
709 2546 736 2606 si
751 2549 880 2620 quando
887 2546 1081 2620 conquiruntur

86 2646 105 2690 a
122 2639 220 2702 priva
221 2629 247 2688 is
263 2628 292 2686 in
314 2631 393 2689 bello
419 2645 454 2687 ac
474 2630 616 2701 tumultu,
639 2637 735 2689 umen
757 2627 895 2704 homines
915 2629 999 2688 inviti
1020 2627 1081 2693 dunt

86 2711 143 2771 elsi
157 2712 196 2771 ad
212 2713 338 2770 salutem
359 2727 547 2771 communem
568 2708 632 2778 dari
656 2711 801 2770 sentiunt=
822 2727 861 2770 ne
882 2727 973 2784 quem
992 2704 1081 2785 pulerit

86 2795 151 2855 sine
166 2795 296 2854 maximo
312 2796 417 2854 dolore
428 2801 583 2867 argentum
598 2795 744 2852 caelatum
759 2795 849 2852 domo
866 2795 949 2866 quod
960 2786 1081 2853 alterari

85 2887 171 2952 peret
191 2876 362 2952 protulisse.
378 2876 498 2936 'Omnia
517 2877 698 2934 deseruntur.
732 2875 890 2952 Cibyratae
915 2876 1023 2935 iratres
1047 2889 1081 2931 vo

86 2970 204 3022 cantur:
230 2975 325 3034 puucu
348 2957 532 3032 improbant:
554 2973 631 3031 quae
654 2960 831 3032 probarunt,
854 2958 891 3017 iis
913 2967 1033 3018 crustae
1050 2972 1081 3014 au

69 3046 263 3103 ,emblemata
290 3041 532 3102 detrahebantur.
572 3040 622 3099 Sic
643 3041 796 3101 Haluntini
820 3041 960 3100 excussis
987 3037 1080 3100 delicii

39 3184 42 3198 ,
87 3139 153 3183 cum
174 3133 297 3200 argento
324 3138 399 3198 puro
426 3124 547 3182 domum
569 3132 765 3184 revertuntur.
802 3124 908 3183 XXIV.
938 3122 988 3183 53.
1018 3122 1081 3195 Quo

87 3222 237 3284 umquam,
252 3207 376 3276 iudices,
389 3205 516 3267 huiusce
528 3206 610 3266 modi
621 3207 819 3266 everriculum
831 3205 932 3264 ulla-in
947 3203 1082 3279 provinci

88 3288 164 3347 fuiti
191 3293 338 3348 Avertere
357 3288 472 3363 aliquid
492 3290 530 3350 de
551 3289 671 3363 publico
694 3305 784 3363 quum
812 3288 1029 3348 obscurissime
1050 3301 1081 3361 pr

90 3368 293 3443 magistratum
318 3372 469 3455 solebant,
493 3371 582 3431 etiarn
604 3389 696 3445 quum
716 3370 829 3445 aliquid
852 3387 870 3430 a
891 3371 1009 3445 privato
1032 3385 1081 3429 nor
