2356 3854
316 181 326 200 ··
389 164 752 229 cnP.t-o.t·9-1e.
920 130 923 137 ’
988 155 1089 231 ‘soe

70 332 184 390 temper
197 313 325 375 sedicet
340 314 441 386 rogari
461 312 609 384 voluisse,
632 328 753 388 semper
771 314 829 375 sibi
848 314 1030 389 supplicari:
1052 333 1086 376 se

70 400 97 459 lt.
113 395 295 470 Seium,qui
310 394 351 457 ite
375 404 545 470 equestrem
561 395 682 468 quidem
697 398 890 471 splendorem
905 399 1086 458 incolumem

70 505 76 542 t
90 480 260 541 calamitate
276 478 377 538 iudicii
390 479 519 538 retinere
533 478 692 552 potuisset,
702 479 815 540 homini
828 480 1025 555 nobilissimo,
1042 483 1086 540 in-

70 561 289 632 nocentissimo,
305 563 564 636 eloquentissimo,
575 561 615 619 tlt.
626 561 735 634 Pisoni,
747 563 941 636 praetulisse:
957 580 1087 639 praepo-

70 648 162 707 ·uisse
177 661 212 705 se
227 644 261 718 Q.
276 645 395 718 catulo,
411 660 527 704 summa
537 645 567 702 in
586 643 697 702 lautitia
711 654 797 715 nato,
820 646 1043 719 sapientissimo
1058 655 1089 708 el

70 729 254 790 unctissimo
271 726 350 797 viro,
374 743 434 787 nou
448 727 517 786 dico
533 727 563 784 C.
579 725 755 798 Serranum,
770 720 975 788 stultissimum
992 730 1087 789 inomi-

70 830 129 873 tem
147 845 190 856 -
205 811 260 870 luit
273 809 353 871 enirn
366 804 465 871 tamen
481 808 591 868 nobilis
605 842 652 881 -,
670 820 730 869 non
745 809 777 867 c.
791 808 960 881 Fimbriam,
974 828 1086 873 novum

70 895 213 954 nominem
233 926 275 941 -
294 893 349 952 luit
369 892 448 952 enim
468 902 499 952 et
521 891 610 951 animi
633 893 705 952 sutis
730 891 828 966 magni
851 899 881 951 et
904 894 1023 953 consilii
1036 928 1088 968 —-,

70 979 116 1037 ed
133 977 186 1035 Cn.
200 975 349 1047 Mallium,
375 993 435 1035 non
457 978 553 1035 solum
568 974 745 1048 ignobilem,
769 989 871 1034 verum
887 974 954 1034 sine
971 976 1089 1048 virtute,

70 1063 127 1120 tine
142 1058 278 1132 ingenio,
305 1059 365 1118 vita
380 1059 468 1118 etiam
483 1063 656 1131 contempta
669 1073 705 1117 ac
719 1057 853 1118 sordida.
897 1055 946 1118 13.
963 1058 1089 1118 Deside-

70 1151 168 1219 arunt
183 1150 220 1212 te,
234 1140 340 1215 inquit,
357 1141 438 1212 oculi
452 1141 519 1212 mei,
537 1156 628 1214 quum
643 1149 675 1200 tu
689 1156 777 1200 esses
788 1139 925 1217 Cyrenis.
946 1141 1090 1201 ltleenim

70 1242 152 1300 quam
168 1223 271 1283 socios
284 1233 336 1283 lua
350 1224 407 1282 lrui
422 1223 761 1296 virtutemaletampet,
780 1240 840 1297 quo
853 1225 923 1298 plus
938 1225 1089 1297 intererat,

70 1327 100 1369 to
118 1308 186 1383 plus
200 1304 308 1365 aberas
323 1322 342 1365 a
356 1323 418 1379 me,
440 1322 531 1381 quum
546 1315 575 1366 te
589 1323 649 1366 non
666 1306 813 1365 videbam.
857 1307 974 1366 Deinde
987 1307 1089 1366 sitien-

72 1407 123 1450 em
144 1406 191 1449 nne
214 1389 330 1449 virtutis
353 1397 421 1448 tuae
444 1389 605 1449 deseruisti
626 1405 661 1448 ac
684 1388 882 1463 dereliquisti.
936 1389 1090 1463 coeperas

70 1475 258 1546 mim.petere
272 1471 561 1546 tribunatumplebis
573 1470 760 1546 temporibus
774 1471 820 1545 iis,
837 1488 915 1546 quae
927 1472 1015 1533 istem
1028 1475 1089 1533 elo-

70 1555 216 1635 quentium
237 1563 268 1614 et
287 1555 425 1614 virtutem
448 1555 659 1628 requirebant=
687 1571 778 1628 quam
800 1555 975 1628 petitionem
996 1572 1090 1630 quum

70 1637 252 1712 eliquisses,
271 1637 296 1696 si
309 1639 366 1697 hoc
378 1637 527 1709 indicasti,
545 1645 626 1697 tanta
643 1637 672 1694 in
691 1644 868 1711 tempestate
880 1646 909 1697 te
921 1638 1090 1711 gubernare

70 1737 123 1781 ion
140 1734 252 1796 posse,
275 1720 314 1779 de
339 1719 445 1780 virtute
466 1727 516 1778 lua
535 1717 683 1778 dubitatur
709 1719 736 1777 si
755 1719 853 1790 nolle,
874 1720 912 1777 de
926 1721 1091 1778 voluntate.

70 1803 126 1876 Sin,
145 1803 231 1879 quod
248 1803 344 1876 magis
360 1801 502 1875 intelligo,
518 1800 704 1888 temporibus
719 1809 749 1859 le
765 1799 831 1858 aliis
842 1801 1017 1874 reservasti,
1032 1814 1091 1883 ego

70 1903 202 1963 quoque,
223 1885 340 1959 inquiet
356 1885 488 1959 populus
502 1884 672 1955 RomanuS,
694 1883 733 1940 ad
751 1898 789 1942 ea
808 1891 838 1942 te
853 1891 990 1957 tempore
1003 1898 1091 1942 ravo·

70 1971 139 2042 tavi,
155 1970 195 2027 ad
211 1984 289 2042 quae
302 1977 335 2029 tu
349 1977 378 2028 te
393 1967 460 2041 ipse
478 1982 627 2026 servaras.
653 1965 733 2025 ,Pete
748 1965 838 2040 igitur
852 1981 920 2025 eum
936 1965 1091 2040 magistra-

70 2071 141 2124 nm,
164 2051 194 2110 in
215 2068 277 2124 quo
293 2050 365 2109 mihi
385 2065 512 2123 magnae
533 2048 648 2109 utilitati
663 2048 868 2123 essepossis=
889 2050 1004 2109 aediles
1026 2048 1091 2123 qui-

70 2130 195 2210 :um'que
215 2142 317 2205 erunt,
340 2133 429 2192 iidem
451 2131 522 2191 milti
548 2138 617 2191 sunt
644 2131 708 2191 ludi
727 2131 838 2204 parati:
860 2132 969 2192 tribuni
994 2131 1092 2207 plebis

70 2217 219 2291 permagni
241 2216 365 2275 interest
385 2215 436 2289 qui
458 2214 526 2277 sint.
571 2213 634 2286 Qua
659 2230 693 2273 re
719 2222 771 2273 aut
790 2214 884 2274 redde
907 2214 979 2272 milti
1007 2214 1092 2287 quod

70 2301 256 2372 ostenderas,
269 2305 320 2358 aul
333 2298 358 2359 si
366 2296 629 2373 quodmeaminus
642 2292 1091 2371 interestidtemagislorlede-

70 2391 169 2456 lectat,
193 2381 320 2440 reddam
346 2381 396 2441 tibi
418 2382 504 2440 istam
527 2379 708 2440 aedilitatem
729 2379 818 2455 etiam
840 2377 1027 2461 negligenter
1041 2394 1092 2453 pe-

70 2467 151 2526 eutlt
175 2465 232 2524 sed
249 2464 453 2538 amplissimos
474 2464 606 2524 honores
630 2471 662 2523 ιιι
682 2478 736 2536 pro
758 2461 971 2535 dignilaietua
984 2476 1093 2523 eonse-

70 2564 170 2623 quare,
186 2547 359 2618 condiscas,
375 2563 503 2618 censeo,
518 2546 588 2605 milri
603 2546 705 2623 paullo
723 2543 895 2618 diligentius
909 2545 1092 2620 supplicare.

148 2631 199 2688 Vl.
221 2627 269 2690 14.
289 2631 372 2689 Haec
389 2629 493 2702 populi
513 2629 608 2689 oratio
629 2635 691 2700 est,
712 2643 780 2688 mea
800 2643 888 2698 vero,
908 2626 1092 2695 Laterensis,

70 2713 158 2773 baecz
174 2712 288 2786 Quare
303 2710 401 2773 victus
419 2712 461 2770 sis
480 2728 538 2770 non
556 2712 668 2772 debere
675 2706 813 2771 'iudicem
829 2726 984 2784 quaerere,
1001 2712 1092 2769 modo

70 2813 104 2855 ne
117 2796 277 2871 largitione
295 2794 338 2855 sis
353 2793 460 2854 vietus.
495 2795 568 2852 Nam
582 2797 609 2854 si
627 2795 900 2868 quotienscumque
915 2792 1094 2867 praeteritus

70 2881 122 2938 erit
145 2879 187 2950 is,
216 2878 347 2953 quinon
369 2877 506 2936 debuerit
521 2874 690 2950 praeteriri,
711 2876 819 2936 totiens
841 2874 993 2949 oportebit
1015 2888 1094 2942 eum,

70 2958 118 3036 qui
133 2963 233 3022 lactus
248 2962 318 3034 erit,
339 2959 550 3029 condemnari,
568 2956 640 3018 nihil
658 2965 705 3018 est
718 2957 778 3019 iam
794 2959 876 3031 quod
891 2959 1006 3031 populo
1022 2972 1094 3027 sup-

70 3045 204 3119 plicetur,
220 3043 293 3103 nihil
311 3044 393 3117 quod
405 3041 546 3111 diribitio,
558 3041 629 3100 nillil
645 3041 729 3114 quod
739 3039 924 3114 supplicatio
938 3038 1094 3112 magistra-

72 3134 164 3202 tuum,
189 3126 376 3187 renunciatio
403 3122 613 3197 suffragiorum
635 3130 843 3196 exspectetur:
871 3121 959 3180 simul
986 3119 1095 3195 utqui

73 3209 127 3271 sint
143 3209 277 3285 professi
294 3210 409 3278 videro,
427 3207 538 3266 dicam:
552 3205 600 3267 15.
612 3207 667 3265 Hic
682 3204 793 3263 lamilia
810 3203 962 3263 consulari
976 3213 1031 3276 est,
1046 3205 1096 3263 ille

74 3292 234 3365 praetoria:
249 3291 384 3364 reliquos
400 3290 490 3349 video
509 3306 579 3348 esse
600 3305 638 3346 ex
653 3287 788 3361 equestri
805 3289 888 3346 iocor
906 3296 976 3347 sunt
988 3303 1095 3348 omnes

75 3373 134 3436 sine
151 3378 282 3446 macula,
307 3383 377 3434 sunt
388 3390 488 3447 aeque
503 3371 575 3433 boni
593 3370 649 3430 viri
663 3380 753 3447 alque
770 3369 891 3445 integri,
907 3372 962 3431 sed
980 3366 1095 3432 servari
