2356 3854
78 163 144 229 tm
227 160 318 257 rnnt.
333 160 533 220 amomon
549 134 689 220 omnio
703 161 922 223 ruurnmcn
936 164 960 223 1.

38 338 40 342 ⁴
81 312 220 390 inquam,
242 320 359 370 mortuo
375 310 496 370 Caesari
517 319 588 370 nota
611 311 651 371 ad
672 311 870 386 ignominiam
889 313 1093 389 sempiternam

82 398 122 458 Ut
140 396 220 455 enim
238 403 362 468 propter
372 394 463 453 unius
478 394 516 451 tt.
529 393 632 452 lllanlii
649 396 751 454 scelus
767 396 895 465 decreto
920 399 1019 470 gentis
1031 400 1093 460 ldae

82 481 141 539 liae
152 475 302 537 neminem
317 476 475 551 patricium
487 477 621 535 Marcum
637 476 782 537 Mmtlium
796 479 904 538 vocari
919 481 1004 553 licet,
1023 482 1094 543 sicli

83 569 207 638 propter
218 560 307 621 unius
325 558 479 620 dictatoris
490 559 591 619 odium
602 575 712 619 nomen
727 559 887 622 dictatoris
903 563 1036 624 funditus
1044 581 1094 626 sne

83 643 187 705 tulisti.
214 642 264 704 33.
278 644 355 702 Num
367 649 411 714 le,
436 659 527 717 quum
545 642 621 702 haec
636 659 692 716 pro
705 644 803 703 salute
818 643 868 704 rei
881 646 1023 719 publicae
1033 655 1095 708 mult

44 755 48 769 ·
83 728 251 803 gessisses,
269 728 406 786 fortunae
424 733 508 798 tuae,
530 741 602 784 num
621 725 845 799 amplitudinis,
868 745 945 788 num
968 729 1094 804 claritatis,

84 828 155 871 num
170 808 285 884 gloriae
302 809 496 883 poenitebat?
516 809 602 868 Unde
618 808 708 883 igitur
727 809 829 869 subito
844 817 933 870 tanta
949 812 1007 872 ista
1019 821 1092 873 mne

84 894 149 954 tiol
169 894 234 965 Non
250 908 377 966 possum
395 891 506 951 adduci
519 899 552 951 ut
566 890 707 966 suspicer
722 900 752 951 te
770 893 906 966 pecunia
923 904 1046 970 captum.
1058 895 1091 954 li

87 985 136 1036 cet
157 975 241 1051 quod
259 976 369 1049 cuique
392 975 464 1034 libet
483 976 633 1049 loquatur.
682 974 813 1051 Credere
835 992 900 1037 non
917 986 968 1038 est
982 990 1089 1038 noemae
1119 1013 1121 1029 ι

84 1059 162 1118 Nihil
182 1058 262 1118 enim
284 1062 426 1133 umquam
446 1058 525 1117 inte
546 1057 719 1130 sordidum,
743 1056 818 1116 nihil
839 1058 1087 1136 humilecognotl
1118 1095 1121 1108 ι

87 1142 273 1217 Quamquam
295 1143 395 1201 solent
416 1140 575 1201 domestici
592 1141 760 1215 depravare
780 1157 844 1201 non
862 1140 1086 1218 numquamsod
1111 1183 1121 1216 u

86 1564 151 1629 tas,
170 1563 262 1615 totam
283 1553 405 1629 ignoras
431 1554 517 1614 viam·
530 1556 653 1630 gloriae.
698 1555 806 1615 Carum
822 1571 897 1616 esse
914 1557 1084 1632 otvemlent
1109 1570 1121 1615 't

6 1680 12 1693 t
87 1639 126 1699 de
142 1653 176 1697 re
192 1637 450 1712 publicamereri,
467 1639 592 1710 laudari,
608 1639 675 1710 coli,
692 1637 775 1712 diligi
786 1640 959 1712 gloriosum
969 1643 1029 1702 cst:
1044 1654 1085 1698 ne
1110 1652 1113 1663 ·

87 1720 130 1783 tui
152 1737 224 1782 vero
241 1716 277 1781 et'
285 1722 316 1780 in
331 1721 401 1781 odio
417 1737 488 1781 esse
503 1721 700 1793 invidiosum,
716 1722 908 1796 detestabile,
925 1724 1086 1793 imbecillum
1119 1756 1121 1770 ι

88 1807 245 1866 caducum.
295 1802 346 1865 34.
368 1804 613 1878 Quodvidemus
634 1803 724 1865 etiam
743 1805 774 1862 in
791 1805 897 1866 sabula
912 1807 957 1867 illi
968 1810 1037 1884 ipsi,
1055 1800 1089 1881 qtt'
1114 1817 1121 1876 t

88 1890 223 1962 oderint,
239 1890 308 1948 dum
321 1895 458 1961 metuant,
474 1887 596 1960 dixerit,
612 1887 817 1961 perniciosum
835 1888 947 1951 luisse.
963 1964 969 1970 ,
990 1891 1090 1959 Utinam
1117 1918 1121 1955 t

86 1970 208 2043 Antoni,
226 1987 313 2030 avum
330 1980 414 2031 tuum¹
429 1970 635 2030 meminisses!
650 1971 689 2029 de
705 1987 765 2045 quo
777 1979 879 2031 tamen
898 1973 1013 2036 audisti
1026 1973 1091 2032 multi
1120 2001 1121 2013 1

87 2069 127 2112 ex
144 2069 191 2111 me
209 2054 398 2128 saepissime.
437 2053 568 2113 Putasne
578 2053 660 2113 illurn
675 2054 931 2116 immortalitatem
946 2058 1048 2118 mereri
1058 2071 1092 2114 vo

87 2135 197 2209 luisse,
221 2143 253 2196 ul
267 2146 391 2212 propter
407 2153 557 2196 armorum
579 2136 788 2209 habendorum
800 2138 957 2217 licentiam
973 2149 1092 2200 metuere

87 2227 156 2279 ture
176 2220 230 2278 llla
245 2228 308 2279 crat
323 2221 398 2293 vita,
420 2219 470 2278 illa
485 2220 621 2279 secunda
635 2221 755 2281 fortuna
770 2220 913 2281 libertate
928 2240 1001 2285 esse
1016 2235 1093 2298 paren

88 2304 231 2374 caeteris,
247 2303 415 2378 principem
430 2301 583 2376 dignitate.
615 2304 729 2377 ltaque,
745 2310 779 2363 ut
795 2303 935 2364 omittam
948 2323 1000 2367 res
1015 2302 1093 2366 avitti

87 2401 268 2460 prosperas,
288 2384 515 2447 acerbissimum
535 2385 601 2445 eius
624 2402 797 2460 supremum
812 2386 896 2446 diem
911 2390 1014 2449 malim
1029 2400 1097 2463 quun

71 2467 119 2526 .L.
138 2468 248 2527 cinnae
266 2469 458 2541 dominatum,
476 2485 570 2544 aquo
585 2468 635 2528 ille
647 2469 857 2528 crudelissime
868 2478 921 2530 est
935 2473 1095 2532 interlectos

150 2549 201 2610 35.
218 2550 280 2610 Sed
296 2552 368 2626 quid
381 2551 517 2612 oratione
532 2561 561 2612 te
574 2550 716 2611 flectam?
736 2549 770 2610 Si
783 2551 863 2610 enirn
877 2555 984 2615 exitus
1001 2556 1030 2614 C.
1044 2555 1095 2613 Cae

88 2631 165 2692 saris
180 2632 303 2693 efficere
318 2652 379 2694 non
393 2641 495 2709 potest
509 2643 542 2694 ut
556 2634 642 2694 malis
659 2647 748 2694 carus
764 2649 942 2708 essequam
958 2637 1053 2706 rnetui,
1067 2633 1096 2693 ni·

87 2714 129 2775 hil
144 2714 322 2789 cuiusquam
337 2718 475 2791 proficiet
490 2734 546 2777 nec
561 2717 672 2777 valebit
687 2716 793 2778 oratio.
815 2715 916 2790 Quem
934 2723 987 2796 qui
1000 2722 1097 2780 beaturi
1116 2720 1121 2801 ᾗ

86 2800 182 2859 luisse
197 2805 310 2874 putant,
326 2799 428 2860 miseri
440 2798 500 2874 ipsi
515 2808 593 2861 sunt·
629 2801 741 2860 Beatus
759 2808 807 2861 cst
820 2817 925 2877 nemo,
941 2804 995 2879 qui
1006 2821 1040 2863 ca
1050 2805 1096 2874 loge
1118 2808 1121 2889 t

85 2882 167 2954 vivit,
184 2890 216 2942 ut
230 2899 291 2941 non
303 2884 394 2943 modo
406 2884 536 2958 impune,
555 2883 610 2942 sed
625 2885 713 2943 etiam
725 2899 792 2942 cum
807 2900 930 2963 summa
947 2889 1096 2948 interlecto-
1118 2918 1121 2955 t

86 2965 129 3026 ris
144 2965 240 3041 gloria
255 2965 383 3026 interfici
397 2967 504 3040 possit.
548 2966 612 3039 Qua
626 2984 658 3027 re
672 2966 762 3026 flecte
776 2973 815 3037 te,
834 2962 968 3043 ¹quaeso,
982 2980 1013 3032 et
1026 2971 1096 3028 maio
1119 2990 1121 3049 t

85 3065 137 3109 res
157 3057 230 3110 tuos
248 3049 367 3124 respice
386 3057 475 3123 atque
495 3049 536 3109 ita
553 3050 765 3124 gubernarem
783 3050 951 3125 publicant,
967 3062 1001 3114 ut
1018 3060 1095 3112 notun

86 3146 158 3192 esse
179 3141 209 3192 te
230 3131 314 3192 cives
328 3132 372 3193 tui
388 3133 554 3207 gaudeant:
578 3132 643 3193 sine
665 3151 726 3208 quo
742 3149 798 3192 nec
812 3133 925 3195 beatus
945 3153 1004 3197 nec
1018 3137 1095 3196 cturu

86 3227 143 3272 nec
158 3224 238 3275 tutus
255 3216 415 3291 quisquam
430 3232 500 3276 esse
516 3217 636 3277 omnino
652 3224 761 3291 potest.

147 3297 211 3357 XV.
232 3296 283 3360 36.
303 3300 409 3374 Populi
426 3301 548 3374 quidem
560 3298 690 3379 Romani
711 3297 823 3359 iudicia
845 3302 943 3362 multa
961 3303 1047 3362 ambo
1058 3300 1095 3357 lu·

85 3375 177 3452 betis,
202 3381 312 3453 quibus
327 3399 384 3443 vos
405 3384 560 3443 nonsatis
582 3382 697 3442 moveri
716 3384 901 3457 permoleste
918 3386 994 3446 lero.
1036 3378 1093 3457 ortt
1119 3452 1121 3461 Ι

85 3457 166 3519 enim
189 3462 406 3536 gladiatoribus
428 3464 575 3523 clamores
593 3463 856 3525 innumerabilium
877 3466 1015 3529 civiumt
1036 3459 1092 3540 quid
