2356 3854
341 144 763 255 cnP.1a-—rs.s.el-to.
824 212 832 217 -
891 142 894 151 “
938 228 940 233 .
1021 183 1083 251 433

58 325 138 398 ruod
152 340 213 383 non
227 323 382 398 indicasti,
402 325 607 401 gratias'agoe
628 328 711 400 quod
734 344 795 386 non
810 327 923 400 iecisti,
941 329 1080 405 ignosco.

58 406 158 466 Virum
180 422 231 467 res
253 406 305 467 illa
326 408 499 482 quaerebat.
541 405 592 468 ³5.
617 408 704 481 Quod
724 411 751 468 si
764 417 794 469 te
807 408 838 468 in
852 410 996 473 iudicium
1011 416 1080 489 quis

58 489 183 548 tdducat
195 498 384 565 usurpetque
400 489 475 550 illud
492 490 687 564 Cassianum,
705 507 753 549 cur
767 506 846 551 sono
864 510 983 567 rursm,
999 497 1078 571 vide,

58 587 186 644 quaeso,
201 589 239 631 ne
254 572 392 633 haereas.
421 573 610 648 Quamquam
624 573 697 633 illud
714 572 836 647 quidem
850 575 920 648 luit,
941 588 974 638 ut
987 587 1020 638 tu
1035 581 1078 639 di-

58 655 159 726 nabas,
176 653 316 715 omnibus
330 657 429 728 bono,
446 655 497 730 qui
509 655 625 715 servire
639 657 795 727 nolebant,
811 655 864 715 tibi
880 666 977 718 tamen
993 679 1079 736 prac-

58 737 155 810 clpue,
182 737 316 813 quinon
340 737 432 799 modo
456 755 517 797 non
542 738 656 812 serris,
681 738 738 805 scd
760 737 849 798 etiam
871 754 998 814 regnam
1027 745 1079 820 qui

58 818 181 879 naximo
201 829 231 879 te
251 837 323 881 aere
343 821 442 881 alieno
463 821 628 880 adcedam
651 820 726 895 Opis
747 820 928 881 liberavisti:
953 824 1005 898 qui
1025 843 1080 901 per

58 901 175 961 casdem
194 904 312 963 tabulas
339 903 587 963 innumerabilem
615 902 774 978 pecuniam
803 902 1008 985 dissipavistl,
1039 910 1078 968 ad

58 1000 142 1056 ruem
158 986 282 1044 e'domo
306 986 445 1044 Caesaris
465 995 526 1045 tam
547 987 639 1046 multa
663 986 762 1046 delata
784 994 867 1045 suno
888 987 976 1046 cuius
999 989 1080 1048 domi

58 1067 326 1139 tuaestuosissima
348 1076 395 1127 est
416 1069 560 1128 falsorum
581 1068 863 1129 commentariorum
881 1077 912 1129 et
928 1070 1079 1144 elurogra-

58 1149 178 1209 >borum
194 1148 332 1220 officina,
354 1165 511 1223 agrorum,
527 1150 726 1226 oppidorum,
746 1151 972 1222 immunitatum,
989 1152 1080 1213 vecti·

58 1232 161 1300 talium
175 1229 433 1304 flagitiosissimae
445 1233 609 1292 nundinae.
652 1233 703 1295 36.
720 1234 838 1294 Etenim
851 1251 931 1310 quae
947 1251 998 1295 ros
1010 1252 1079 1310 ege-

58 1312 119 1372 tati
140 1321 170 1372 et
192 1312 256 1371 aeri
278 1313 377 1374 alieno
400 1322 452 1375 tuo
466 1316 596 1389 ¹praetor
616 1324 743 1376 mortem
759 1317 898 1377 Caesaris
915 1318 1079 1383 subvenire

58 1395 221 1456 totuissett
244 1394 355 1456 Nescio
376 1396 449 1471 quid
470 1400 667 1459 conturbatus
681 1415 752 1459 esso
766 1399 895 1460 videris=
916 1417 987 1460 num
1006 1402 1079 1476 quid

58 1478 198 1538 ubtimes
212 1495 251 1537 ne
268 1480 308 1537 ad
322 1487 352 1540 te
366 1479 426 1540 hoc
440 1480 553 1542 crimen
569 1481 720 1556 pertinere
736 1481 896 1542 videatur?
924 1483 1033 1544 Libero
1049 1493 1079 1545 te

58 1571 144 1621 netu:
171 1576 260 1620 nemo
282 1562 386 1622 credet
406 1580 563 1638 umquam:
585 1581 646 1631 non
668 1574 716 1625 est
736 1573 820 1625 tuum
843 1565 882 1624 de
901 1581 935 1624 re
957 1567 1079 1641 publica

58 1660 125 1705 »ene
141 1643 264 1703 mereri:
284 1643 376 1706 habet
394 1645 482 1706 istius
499 1645 691 1721 pulcherrimi
706 1647 776 1707 lacti
792 1646 981 1708 clarissimos
995 1650 1078 1709 viros

58 1744 94 1788 cs
117 1725 241 1801 publica
262 1734 418 1785 auctores=
447 1743 504 1801 ego
524 1738 555 1789 te
573 1736 688 1788 tantum
702 1729 838 1801 gaudere
859 1730 944 1802 dico,
965 1730 1094 1795 recisse·-

62 1827 109 1870 on
126 1825 232 1882 arguo.
263 1808 422 1882 Respondi
443 1810 581 1870 maximis
596 1809 786 1871 criminibus:
809 1827 890 1870 nunc
906 1812 995 1872 etiam
1008 1813 1077 1873 rali-

58 1893 117 1968 uis
132 1891 383 1965 respondendum
398 1900 454 1952 est.
503 1928 505 1933 -

72 2006 75 2011 -
105 1975 171 2032 XV.
193 1972 243 2035 37.
266 1975 371 2034 Castro
390 1972 462 2033 milti
482 1975 617 2049 Pompeii
638 1983 731 2050 atquo
751 1976 826 2035 illud
847 1993 936 2037 omne
956 1987 1077 2053 tempus

58 2056 197 2120 biecisti.
241 2056 306 2129 Quo
329 2056 451 2131 quidem
471 2066 606 2132 tempore
628 2057 670 2130 si,
691 2066 725 2118 ut
746 2056 823 2130 dixi,
854 2075 954 2120 meum
976 2060 1077 2122 conai-

61 2158 119 2202 um
137 2139 366 2214 auctoritasque
385 2138 545 2212 valuisset,
560 2148 592 2201 tu
606 2140 698 2200 hodie
712 2156 836 2216 egeres,
854 2159 910 2202 nos
928 2143 1014 2201 liberi
1028 2159 1077 2202 cs-

58 2239 167 2289 emus:
185 2239 236 2283 res
254 2223 376 2299 publica
388 2241 447 2284 non
460 2231 504 2284 lot
516 2226 611 2284 duces
626 2233 656 2284 ct
669 2223 821 2284 exercitus
836 2223 998 2284 omisisset.
1022 2223 1077 2282 Fa-

58 2324 113 2370 eor
127 2304 206 2366 enim
222 2324 279 2381 me,
295 2325 388 2381 quum
404 2324 450 2380 ea,
466 2324 544 2382 quae
561 2306 745 2378 acciderunt,
765 2304 956 2380 providerem
971 2307 1078 2379 lutura,

58 2400 129 2452 tnta
146 2389 177 2448 in
192 2390 343 2450 maestitia
356 2389 462 2464 luisse,
478 2398 590 2464 quanta
604 2389 716 2450 caeteri
732 2387 836 2464 optimi
851 2387 945 2461 cives,
961 2386 988 2447 si
999 2387 1079 2448 idem

58 2473 267 2546 novidissent,
283 2471 420 2533 luissent
449 2474 605 2547 Dolebam,
621 2473 771 2545 dolebam,
786 2479 890 2546 potres
902 2470 1077 2553 conscripti,
1138 2550 1142 2555 ,

58 2574 113 2618 em
129 2556 295 2631 publicam,
313 2556 425 2615 vestris
441 2557 594 2630 quondam
607 2556 746 2630 meisque
761 2553 898 2614 consiliis
913 2570 1077 2627 conserva-

58 2658 127 2711 nm,
144 2637 232 2699 brevi
247 2647 385 2712 tempore
400 2653 472 2698 csse
486 2639 660 2713 perituram.
691 2641 842 2699 Nec‘vero
859 2654 942 2698 enam
956 2646 1016 2699 tam
1033 2639 1078 2696 in-

58 2726 158 2784 loctus
173 2722 361 2795 ignarusque
375 2737 491 2794 rerum,
512 2731 546 2782 ut
566 2722 721 2796 frangerer
741 2720 843 2782 animo
858 2730 985 2797 propter
999 2721 1078 2779 vitae

58 2804 260 2882 cupiditatem,
279 2820 359 2880 quoe
372 2820 421 2863 me
434 2820 561 2864 manens
577 2805 740 2864 conticeret
753 2803 937 2878 angoribus,
953 2801 1079 2863 dimissa

58 2888 199 2951 nolestiis
221 2887 362 2948 omnibus
382 2886 533 2947 liberaret.
559 2887 632 2946 lllos
656 2902 714 2961 ego
738 2884 1020 2967 praestantissimos
1034 2882 1078 2941 vi-

58 2990 116 3043 us,
137 2971 249 3031 lumino
258 2968 471 3046 reipublicae,
488 2968 592 3029 vivere
606 2969 759 3041 volebam,
774 2975 819 3028 tot
833 2969 1020 3035 consulares
1035 2972 1080 3024 tot

58 3055 237 3124 tractorios,
258 3060 303 3113 tot
323 3053 558 3133 honestissimos
581 3061 755 3123 senatores,
778 3064 899 3110 omnem
920 3055 1079 3124 praeterea

58 3139 159 3199 lonem
173 3136 337 3197 nobilitatis
352 3152 389 3196 ac
403 3135 581 3206 iuventutis,
596 3144 659 3197 tum
671 3133 853 3208 optimorum
869 3132 980 3191 civium
991 3145 1076 3190 exer·

58 3222 147 3282 :itus=
164 3218 217 3294 qui
232 3218 259 3276 si
275 3219 426 3292 viverent,
447 3218 587 3294 quamvis
608 3218 712 3292 iniqua
735 3215 916 3277 condicione
937 3212 1023 3289 pacis
1036 3242 1077 3255 -

58 3303 122 3365 nihi
140 3304 219 3362 enim
234 3301 331 3361 omnis
351 3318 409 3375 pax
430 3320 498 3362 cum
513 3301 630 3361 civibus
645 3301 725 3362 bello
740 3299 823 3359 civili
841 3297 940 3358 utilior
955 3296 1078 3389 videba-
1171 3368 1174 3372 .

58 3404 99 3448 ‚ur
112 3418 169 3459 -,
183 3402 248 3444 rem
264 3385 416 3459 publicam
430 3385 522 3445 hodie
538 3394 718 3447 teneremus.
761 3382 812 3446 38.
820 3381 915 3520 2ςέιιιο
930 3387 1079 3441 sententia

109 3484 164 3527 crc.
182 3483 271 3526 onan.
437 3470 441 3485 '
1000 3466 1009 3480 ⁸
