2356 3854
314 199 732 288 cnP.sa-³s.t-rr—-ts.
785 215 794 223 ⁸
881 258 884 269 ,
958 205 1039 271 .71

58 365 80 408 te
94 343 274 408 crudelitatis
288 356 318 409 et
335 338 456 409 nostrae
472 351 709 411 mansuetudinis
724 352 878 413 haberent.
907 352 1039 413 XXXIV.

58 431 74 492 l.
98 433 151 491 lllo
178 438 313 504 tempore
336 431 509 509 segestanis
536 433 665 493 maxima
691 450 757 495 cum
778 451 849 495 cura
872 436 947 495 hacc
972 435 1041 510 ipsa

58 515 128 585 lana,
149 513 188 572 de
208 529 269 586 qua
288 513 430 587 dicimus,
457 514 605 574 redditum
625 527 795 591 reportatur
816 517 987 592 Segestam:
1009 519 1039 576 in

58 597 85 655 is
101 595 233 669 antiquis
249 596 373 656 sedibus
387 613 503 656 summa
517 613 584 657 cnm
599 600 795 672 gratulatione
810 601 918 661 civium
934 599 964 661 e't
979 604 1038 659 lae-

58 679 84 736 ia
104 677 270 755 reponitur.
299 678 381 737 Haec
402 688 467 738 crat
487 680 587 753 posita
601 680 760 754 Segestae,
778 699 851 742 sane
868 686 991 743 excelsa
1008 684 1039 740 in
1115 741 1116 746 ,

58 761 95 831 tsi,
109 761 140 820 in
156 777 216 834 qua
227 761 390 834 grandibus
405 761 509 821 litteris
519 762 549 820 P.
560 763 695 822 Africani
709 780 819 822 nomen
832 773 896 824 crat
910 767 1039 825 inuisum
1112 813 1113 816 ,

58 860 149 917 unque
160 843 342 916 Karthagine
358 851 446 918 capta
456 845 625 905 restituisse
638 847 846 920 perscriptum.
880 847 1039 906 colebatur

59 926 181 985 civibus:
200 927 238 984 ab
250 925 389 985 omnibns
403 927 530 987 advenis
544 927 712 987 visebatur:
729 945 819 1002 quum
837 939 979 1002 quaestor
990 944 1038 988 es*-

58 1025 98 1080 m,
113 1007 184 1066 nihil
201 1007 272 1066 mihi
290 1009 328 1066 ab
346 1008 405 1090 illis
423 1018 470 1068 cst
485 1011 719 1070 demonstratum
736 1011 829 1086 prius.
851 1012 922 1070 Erat
936 1012 1038 1070 admo

57 1105 91 1148 1m
109 1091 240 1165 amplum
260 1099 290 1150 et
313 1093 468 1150 excelsum
490 1091 607 1166 signum
623 1109 690 1152 cum
707 1096 799 1154 stola:
821 1102 1038 1152 verumtamen
1120 1122 1123 1142 .

59 1181 115 1232 erat
134 1172 164 1231 in
181 1173 232 1231 illa
247 1173 449 1247 magnitudine
467 1183 551 1239 actas
565 1184 655 1249 atque
669 1176 788 1236 habitus
798 1171 971 1251 'virginalisz
990 1189 1038 1236 sa·
1093 1186 1097 1191 '

59 1263 111 1314 ttae
122 1255 296 1329 pendebant
311 1256 349 1315 ab
364 1257 503 1317 humeros
526 1258 647 1318 sinistra
660 1276 750 1318 manu
761 1258 908 1319 retinebat
921 1275 1037 1319 arcum:

58 1342 125 1396 extra
144 1337 297 1398 ardentem
326 1340 423 1399 lacem
448 1343 645 1413 praelerebat.
677 1340 725 1402 75.
757 1343 841 1401 Hanc
863 1360 956 1417 quum
981 1342 1038 1402 istc

58 1435 172 1480 crorum
188 1421 319 1480 omnium
344 1429 373 1480 et
396 1422 572 1496 religionum
592 1424 689 1484 hostis
704 1427 880 1501 praedoque
903 1424 1037 1497 vidisset,

58 1504 107 1561 rasi
128 1505 178 1561 illa
196 1505 264 1577 ipsa
285 1504 351 1564 lace
368 1501 535 1579 percussus
550 1515 648 1578 esset,
668 1507 709 1566 lta
730 1507 858 1581 flagrare
875 1508 1037 1581 cupiditate

58 1601 108 1658 que
125 1586 255 1646 amentia
270 1587 379 1661 eoepit.
411 1589 541 1662 imperat
557 1589 795 1662 magistratibus,
808 1599 841 1648 ut
854 1606 920 1648 eam
934 1591 1036 1649 demo·

58 1674 125 1727 ntur
144 1678 175 1728 et
194 1669 252 1728 sibi
277 1670 363 1728 dent:
384 1670 456 1728 nihil
473 1671 530 1730 sibl
544 1671 657 1744 gratius
673 1673 804 1731 ostendit
825 1673 963 1731 loturum.
993 1670 1038 1729 llli

58 1765 90 1810 ro
107 1750 208 1810 dicere
225 1751 281 1810 sibi
297 1751 328 1810 id
345 1753 430 1810 nelas
445 1768 515 1811 csse
533 1767 664 1826 seseque
679 1768 771 1827 quum
789 1770 905 1812 summa
918 1752 1037 1824 religio-

58 1841 137 1892 =tum
159 1850 275 1894 summo
298 1842 380 1893 metu
400 1836 499 1907 legum
525 1842 554 1893 et
572 1835 750 1896 iudiciorum
763 1834 867 1894 teneri.
900 1835 960 1893 Iste
975 1843 1037 1892 tum

58 1922 117 1974 tere
131 1917 169 1974 ab
186 1917 246 1987 eis,
262 1926 324 1977 tum
337 1916 458 1989 minari,
474 1924 535 1976 turn
549 1934 649 1990 spem,
664 1925 725 1976 tum
740 1925 850 1976 metum
867 1917 1037 1976 ostendere.

58 2000 215 2072 >ponebant
228 1999 270 2058 illi
288 2011 405 2059 nomen‘
413 1997 562 2059 interdum
576 1999 606 2057 P.
621 2000 772 2058 Alhicani=
789 2001 893 2074 populi
910 1997 1038 2058 Romani

58 2082 88 2138 ud
102 2097 171 2141 esse
186 2081 341 2142 dicebant:
357 2083 427 2140 nihil
441 2099 474 2141 se
485 2082 516 2141 in
531 2100 568 2143 eo
580 2084 738 2157 potcstatis
750 2080 870 2154 habere,
887 2083 969 2156 quod
984 2081 1036 2141 im-

58 2170 136 2223 rator
150 2164 339 2224 clarissimus
353 2166 428 2224 urbe
447 2165 577 2225 hostium
598 2173 685 2239 capta
701 2175 925 2225 monumentum
943 2164 1036 2224 victu·

58 2261 79 2304 ta
93 2246 198 2320 populi
211 2246 338 2307 Romani
353 2264 424 2307 esse
440 2249 595 2309 voluisset.
623 2247 672 2311 lo.
701 2249 795 2321 Quum
811 2251 868 2307 iste
883 2246 975 2305 nihilo
991 2262 1037 2304 rc-

58 2328 136 2388 ssius
154 2337 246 2403 atque
261 2330 349 2389 etiam
365 2332 457 2390 multo
474 2331 680 2391 vehementius
700 2331 824 2390 instaret
840 2329 964 2398 obtidie,
986 2329 1037 2386 res

58 2408 111 2469 itur
129 2411 161 2469 in
182 2420 299 2472 senatu.
331 2413 534 2473 Vehementer
553 2415 591 2473 ab
612 2413 749 2473 omnibus
765 2411 1036 2471 reclamatoria·

58 2508 77 2550 le
88 2493 139 2553 illo
155 2500 292 2567 tempore
307 2509 343 2555 ae
363 2496 460 2568 primo
477 2496 565 2556 istius
583 2498 715 2556 adventu
732 2502 921 2569 pernegatur.
946 2493 1037 2566 ,Post-

62 2618 69 2646 ,
97 2577 245 2651 quidquid
266 2587 330 2637 erat
350 2577 451 2637 oneris
466 2577 496 2636 in
514 2578 612 2638 nautis
626 2577 852 2653 remigibusque
868 2576 1037 2650 exigendis,
1106 2601 1109 2605 ⁴

65 2657 209 2718 frumento
226 2658 418 2732 imperando,
441 2659 616 2735 Segestanis
639 2670 760 2734 praeter
780 2653 918 2721 caeteros
941 2659 1037 2731 impo-

58 2737 117 2812 bat,
145 2741 299 2814 aliquanto
323 2744 453 2816 amplius
476 2760 566 2816 quam
590 2745 669 2802 terre
697 2753 834 2818 possent.
879 2743 1037 2801 Praeterea

58 2821 206 2893 rgistratus
226 2840 336 2883 eorum.
346 2826 508 2885 evocabat:
526 2825 671 2898 optimum
689 2842 840 2900 quemque
861 2832 892 2883 et
912 2821 1036 2880 nobilis-

58 2919 121 2963 num
143 2907 182 2968 ad
204 2921 239 2964 se
259 2909 448 2967 arcessebat:
472 2909 584 2967 circum
605 2908 706 2967 omnia
720 2907 894 2980 provinciae
911 2905 976 2963 lora
989 2918 1036 2960 ra-

58 2985 127 3046 ebut:
147 2987 317 3062 singillatim
334 2989 384 3049 uni
397 2988 508 3062 cuique
524 2989 682 3050 calamitati
698 2992 763 3048 lore
774 3005 809 3048 se
826 2984 1035 3055 denunciabat,

60 3067 162 3129 iversis
181 3085 215 3129 se
229 3072 364 3131 funditus
382 3086 557 3131 eversurum
578 3087 648 3131 esse
669 3072 750 3130 illam
772 3068 923 3129 civitatem
943 3066 1035 3125 mina-

58 3156 108 3208 tur.
139 3153 244 3226 ltaque
259 3154 422 3228 aliquando
439 3154 538 3213 multis
560 3154 647 3212 malis
669 3166 840 3226 magnoque
864 3159 944 3209 metu
965 3147 1036 3208 victi

58 3234 172 3303 gestani
198 3237 347 3308 praetoris
378 3233 505 3307 imperio
533 3235 704 3308 parendum
728 3249 798 3293 esse
824 3233 1033 3294 decreverunt.

58 3327 120 3386 tgna
136 3333 204 3376 cum
220 3319 300 3377 luctu
315 3326 345 3377 et
362 3317 474 3390 gemitu
488 3316 579 3376 totius
592 3314 735 3387 civitatis,
752 3314 851 3375 multis
866 3332 933 3375 cum
948 3315 1033 3374 laerl·

58 3409 73 3452 s
79 3405 106 3456 et
116 3399 379 3460 lamentationibus
394 3397 526 3459 virorum
536 3399 754 3474 mulierumque
768 3398 900 3459 omnium
912 3398 1033 3458 simula·
1107 3476 1110 3481 Ι
