2384 3854
395 156 783 253 cae.,r-a.s..'21-ar
1038 190 1102 254 suo

72 331 187 393 tientur
211 345 247 389 se
266 329 323 389 abo
336 336 384 403 te,
407 328 466 390 nisi
488 329 599 391 virtute
616 330 787 421 vincentur
811 333 928 394 honore
952 335 1098 408 superari.

72 412 125 477 25·
146 416 189 473 At
208 411 251 483 si,
271 410 404 485 iudices,
427 413 555 473 caeteris
577 413 711 487 patriciis
731 424 827 475 meet
843 433 900 476 vos
920 416 1099 490 peregrinos

74 494 173 555 rideri
183 502 346 569 oporteret,
363 495 549 569 aTorquato
564 503 664 555 tamen
675 496 736 557 boc
748 497 853 557 vitium
868 499 1017 558 sileretur.
1045 499 1102 558 Est

73 577 154 639 enim
170 576 241 651 ipse
254 584 390 637 materno
403 592 517 651 genere
531 577 731 652 municipalis,
746 579 953 641 honestissimi
966 596 1003 639 ac
1014 580 1100 641 nobi·

74 658 184 721 lissimi
205 657 342 733 genens,
363 660 421 720 sed
441 668 542 721 umen
555 659 713 720 Asculani.
745 663 807 721 Aut
826 661 916 735 igitur
932 663 1041 722 doceat
1053 662 1100 722 Pl-

74 751 181 803 centes
202 743 288 801 solos
308 757 370 802 non
391 758 463 802 esse
483 742 661 817 peregrinos
686 751 739 803 aut
760 743 893 817 gaudeat
915 760 972 804 suo
996 742 1101 818 generi

74 842 123 885 me
141 840 244 883 meum
258 841 319 885 non
332 833 527 900 anteponere.
565 825 676 898 Quare
690 841 790 898 neque
802 835 834 885 tu
848 842 895 884 me
910 828 1101 900 peregrinum

75 906 206 984 posthae
221 906 352 979 dixeris,
367 924 406 967 ne
420 909 544 981 gravius
558 909 705 980 reiutere,
719 925 820 982 neque
833 923 952 982 regem,
968 924 1007 967 ne
1021 908 1099 969 deri·

74 992 177 1051 decre
207 989 272 1049 Nisi
285 991 363 1049 lorte
376 991 492 1064 regium
505 990 559 1049 tibi
574 989 693 1049 videtur
706 989 748 1050 ita
758 990 870 1061 vivere,
887 999 993 1050 utnon
1007 991 1099 1051 modo

73 1072 190 1134 bomini
203 1071 322 1144 nemini,
337 1074 393 1132 sed
407 1090 446 1133 ne
461 1072 616 1147 cupiditati
629 1072 751 1146 quidem
761 1073 813 1132 ulli
825 1072 952 1145 servias,
967 1082 1100 1134 contem-

74 1172 148 1217 nere
162 1171 270 1214 omnes
285 1154 436 1227 libidines,
451 1171 513 1214 non
526 1155 602 1226 auri,
619 1172 681 1214 non
695 1156 819 1229 argenti,
837 1173 898 1216 non
914 1163 1101 1217 caeterarum

73 1254 177 1299 rernm
189 1236 343 1312 indigere,
365 1237 395 1296 in
410 1247 517 1298 senatu
531 1237 644 1299 sentire
658 1237 767 1309 libere,
789 1239 896 1313 populi
910 1238 1006 1313 magis
1021 1237 1100 1299 utili·
1133 1271 1141 1279 -

73 1322 127 1381 teti
141 1321 303 1381 consulere
317 1336 407 1395 quam
421 1321 582 1381 voluntati:
600 1321 711 1380 nemini
722 1322 840 1393 cedere,
855 1323 954 1381 mullis
969 1320 1099 1382 obsiste-

73 1420 118 1464 re.
149 1401 184 1463 si
197 1402 258 1463 boc
272 1411 361 1476 putas
375 1421 446 1464 esse
464 1404 594 1478 regium,
607 1420 656 1463 me
670 1420 773 1478 regem
788 1420 859 1464 esse
874 1405 1035 1464 confiteor:
1051 1405 1099 1483 sin

74 1496 104 1548 te
124 1485 264 1561 potentia
283 1500 364 1557 mea,
389 1487 417 1545 si
439 1487 619 1559 dominatio,
643 1487 671 1545 si
691 1485 824 1561 denique
844 1487 968 1561 aliquod
987 1486 1100 1547 dictum

74 1570 229 1643 adrogans
252 1577 305 1628 aut
326 1570 490 1643 superbum
513 1578 629 1641 movet,
657 1568 728 1643 quin
748 1579 782 1629 tn
801 1569 832 1628 id
853 1570 954 1643 potius
978 1571 1099 1643 profers

76 1668 169 1727 quam
182 1652 268 1711 verbi
281 1650 426 1711 invidiam
442 1652 715 1725 contumeliamque
731 1651 902 1710 maledicti?

158 1734 211 1794 IX.
225 1733 276 1795 26.
298 1735 372 1808 Ego,
391 1735 480 1794 tantis
495 1753 514 1794 a
527 1751 576 1794 me
591 1733 747 1793 &beficiis
763 1733 793 1791 in
804 1748 836 1791 re
849 1732 970 1806 publica
980 1729 1100 1805 positis,

75 1818 230 1879 einullum
240 1817 321 1877 aliud
337 1817 409 1875 mibi
424 1817 589 1891 praemium
604 1817 643 1875 ab
657 1824 765 1875 senatu
776 1817 952 1888 populoque
962 1815 1099 1873 Romano
1174 1871 1178 1877 .

75 1900 306 1960 nisibonestum
318 1900 418 1961 ocium
433 1901 632 1974 postularem,
651 1897 720 1972 quis
734 1914 794 1957 non
813 1898 1015 1957 concederett
1036 1894 1100 1955 Sibi

76 1982 370 2055 baberentbonores,
383 1982 442 2042 sibi
449 1982 582 2056 imperia,
595 1981 654 2040 sibi
662 1979 845 2054 prouincias,
858 1979 916 2040 sibi
922 1977 1100 2052 triumphos,

77 2065 214 2127 ablatio
233 2067 407 2139 praeclarae
426 2066 525 2124 laudis
545 2063 691 2138 insignies
717 2063 789 2123 mibi
804 2062 907 2122 liceret
924 2061 990 2122 eius
1005 2060 1099 2133 rubis,

78 2166 168 2224 qnam
191 2164 439 2220 conservassem,
461 2156 630 2222 conspeetu
652 2146 813 2221 tranquillo
834 2146 934 2205 animo
952 2154 983 2204 et
998 2145 1099 2219 quieto

79 2231 143 2293 imi.
175 2231 276 2304 Quidt
293 2230 320 2288 si
333 2231 392 2290 boc
403 2247 465 2290 non
484 2233 618 2304 postulo:
637 2229 664 2289 si
678 2229 728 2289 ille
744 2229 830 2289 labor
844 2244 931 2288 meus
947 2226 1101 2300 pristinus,

79 2313 310 2384 deollicitudo,
339 2314 365 2373 si
387 2314 503 2384 officia,
532 2312 559 2373 si
583 2328 711 2387 operae,
736 2311 765 2371 si
784 2310 907 2384 vigiliae
926 2307 1102 2370 deserviunt

80 2397 197 2469 amicis,
215 2405 339 2470 praesto
355 2404 425 2456 sunt
439 2395 594 2456 omnibus·
613 2397 639 2455 si
655 2411 756 2469 neque
770 2393 859 2452 amici
872 2393 902 2451 iu
916 2394 983 2452 loro
1000 2388 1100 2464 requi·-

79 2488 146 2541 rnnt
164 2479 299 2539 studium
319 2495 417 2539 meum
439 2494 539 2553 neque
557 2494 608 2537 ras
629 2476 795 2552 publicam
811 2476 909 2535 curia.
934 2473 961 2534 si
977 2489 1101 2533 menon

81 2563 169 2622 modo
185 2579 248 2622 uon
267 2578 367 2622 rerum
387 2569 540 2636 gestarum
560 2560 696 2643 vacatio,
718 2561 774 2620 sed
791 2575 892 2633 neque
905 2556 1032 2617 honoris
1048 2571 1100 2616 ne

83 2660 138 2719 que
151 2645 261 2705 acetis
275 2645 433 2705 excusatio
447 2645 582 2704 vindicat
600 2660 619 2703 a
614 2634 754 2703 labore.
777 2642 804 2702 si
820 2644 960 2702 voluutas
974 2656 1057 2712 mea,
1075 2636 1102 2697 si

82 2723 241 2799 industria,
257 2726 285 2787 si
299 2729 422 2798 domus,
441 2727 468 2786 si
481 2726 614 2797 animus,
631 2727 659 2784 si
673 2742 764 2786 aures
780 2734 884 2800 patent
897 2723 1052 2786 omuibus.
1075 2718 1104 2779 si

84 2810 149 2869 mibi
169 2810 264 2870 nead
280 2826 318 2869 ea
335 2810 472 2884 quidem,
493 2825 572 2883 quae
593 2825 649 2883 pro
671 2809 769 2868 salute
785 2808 916 2868 omnium
934 2804 1033 2880 gessi,
1054 2818 1103 2862 re-

84 2891 630 2966 cordnndeetcogitandaquidquam
641 2888 986 2965 relinquiturtemporis,
1003 2895 1104 2945 tamen

84 2971 138 3035 bec
153 2990 282 3050 regnum
300 2974 517 3050 appellabitur,
546 2973 633 3032 cuius
654 2973 785 3032 vicarius
807 2971 860 3047 qui
876 2970 948 3029 velit
968 2983 1039 3028 esse
1058 2965 1104 3025 in·

86 3056 175 3119 vauri
188 3072 280 3117 nemo
295 3063 420 3153 potesta
445 3056 550 3128 Longe
568 3056 657 3115 abest
670 3072 691 3115 a
709 3070 758 3114 me
772 3053 858 3128 regni
873 3049 1025 3124 suspicio·
1053 3045 1104 3109 27.

88 3135 128 3199 tin
140 3139 266 3217 quaeris
285 3140 338 3213 qui
352 3139 413 3198 sint
426 3138 542 3198 Romae
561 3153 687 3210 regnum
705 3152 857 3210 occupare
872 3131 990 3206 conati,
1014 3139 1047 3192 ut
1064 3146 1104 3191 ae

89 3222 211 3297 suplices
227 3222 381 3282 annalium
394 3221 586 3291 memoriam,
606 3236 645 3278 ex
665 3217 841 3279 domesticis
862 3213 1068 3290 imaginibus
1060 3232 1104 3274 m-

90 3304 195 3366 mies.
222 3307 287 3365 Res
301 3305 381 3365 euim
394 3312 516 3380 gestae,
536 3303 645 3374 credo,
664 3316 750 3361 meae
765 3317 813 3360 me
828 3299 917 3359 nimls
934 3300 1106 3359 extulerunt

91 3394 122 3443 tt
135 3387 209 3523 rcribi
229 3387 336 3449 nescio
360 3403 439 3462 quos
462 3385 588 3462 spiritus
607 3387 777 3446 attrderunt
820 3380 937 3522 Οιίιὲιιιι
954 3383 994 3441 de
1012 3380 1105 3440 rebus

176 3481 203 3525 c.
223 3482 314 3526 orer.
