2356 3854
370 207 790 284 GAP.15-1t.s.44-a1.
1027 213 1089 279 115

70 358 104 416 rle
121 372 184 430 quo
199 371 280 415 nunc
295 356 428 431 agimus,
448 359 505 418 hac
520 367 589 426 ¹utar
602 363 809 423 moderatione
825 362 960 436 dicendi,
982 382 1041 425 non
1060 374 1093 426 ut

69 437 95 498 in
109 437 193 498 illius
209 446 360 517 potestate
374 442 523 501 fortunam
537 442 667 516 positam
679 461 749 506 esse
763 446 870 519 dicam,
888 448 945 506 sed
957 456 991 507 ut
1004 464 1091 521 prae·

69 521 153 581 terita
172 521 364 595 meminisse,
384 523 502 597 reliqua
524 541 648 599 sperare
669 527 838 601 videamur,
862 546 900 588 ne
920 538 972 589 aut
992 529 1091 590 invisa

70 603 112 684 dis
137 604 358 673 immortalibus
382 606 478 666 oratio
505 616 609 667 nostra
635 618 687 668 ant
710 611 824 684 ingrata
848 626 918 671 esse
943 611 1090 672 videatur.

70 685 113 748 le.
135 688 320 762 Itaque-non
335 704 402 747 sum
419 689 647 762 praedicaturus
664 700 793 765 quantas
808 692 856 751 ille
871 710 904 752 re
919 694 1001 753 domi
1015 695 1091 754 mili-

71 767 140 843 tiae,
166 778 248 829 terra
268 769 419 844 marique,
446 780 620 847 quantaque
638 774 779 833 felicitate
801 774 944 848 gesserit,
971 785 1004 836 ut
1023 777 1090 837 eius
1149 774 1155 787 '

71 868 187 927 semper
201 853 409 913 voluntatibus
424 871 484 914 non
500 857 591 916 modo
612 857 698 915 cives
716 857 921 928 adsenserint,
943 858 1019 917 socii
1037 861 1090 919 ob-

72 934 273 1010 temperarint,
289 936 394 997 hnstes
410 937 592 1011 obedierint,
608 940 664 998 sed
680 940 767 998 etiam
784 940 866 999 venti
880 948 1090 1015 tempestates-

71 1035 123 1092 que
136 1017 388 1088 obsecundarint=
404 1019 463 1081 hoc
475 1020 655 1083 brevissime
667 1020 774 1093 dicam,
788 1023 936 1082 neminem
944 1039 1090 1097 umquam

71 1107 121 1160 lam
135 1100 345 1175 impudentem
360 1101 465 1174 luisse,
484 1103 534 1178 qui
549 1104 587 1163 ab
598 1106 644 1164 dis
656 1104 873 1165 immortalibus
885 1113 929 1166 tot
946 1112 975 1165 et
990 1113 1089 1166 tantas

70 1197 112 1244 res
124 1185 238 1244 tacitus
253 1185 378 1244 auderet
394 1194 509 1260 optare,
526 1195 600 1260 quot
616 1195 646 1247 et
661 1195 789 1262 quantas
805 1189 835 1247 di
849 1188 1032 1249 immortales
1049 1190 1090 1248 ad

70 1264 115 1324 Gn.
128 1265 309 1341 Pompeium
324 1264 502 1329 detulerunt.
539 1269 625 1341 Quod
648 1278 680 1330 ut
699 1270 740 1328 illi
757 1271 914 1345 proprium
928 1287 964 1330 ac
978 1288 1089 1346 perpe-

70 1354 145 1409 tuum
156 1349 206 1421 sit,
224 1349 363 1422 Quirites
383 1369 475 1425 quum
488 1353 656 1412 communis
672 1354 778 1414 salutis
790 1363 880 1428 atque
892 1354 1011 1429 imperii
1026 1363 1089 1414 tum

70 1430 158 1507 psius
173 1432 308 1493 hominis
324 1449 425 1505 causa,
445 1434 533 1494 sicuti
549 1435 655 1507 facitis,
674 1437 753 1495 velle
768 1445 798 1496 et
815 1445 921 1512 optare
939 1436 1067 1497 debetis.

143 1511 198 1597 49,
222 1515 320 1588 Quare
340 1533 432 1590 quum
453 1525 483 1577 et
498 1519 610 1578 bellum
631 1520 670 1578 sit
685 1520 726 1578 ita
740 1521 962 1591 necessarium,
983 1527 1016 1579 ut
1035 1535 1087 1579 ne-

70 1597 216 1673 :liginon
240 1598 352 1673 possit,
379 1600 419 1659 ita
439 1616 594 1674 magnum,
622 1608 655 1660 ut
678 1601 906 1661 accuratissime
931 1602 970 1662 sit
994 1603 1087 1661 admi-

70 1681 265 1754 tistrandum,
289 1691 319 1741 et
333 1700 426 1756 quum
441 1682 697 1757 eijmperatorem
712 1684 878 1757 praeficere
893 1683 1034 1756 possitis,
1055 1684 1087 1742 in
1129 1744 1133 1750 ,

70 1781 120 1841 [uo
137 1764 179 1824 sit
193 1763 303 1824 eximia
317 1766 387 1825 belli
403 1765 536 1838 scientia,
554 1765 716 1838 singularis
732 1765 835 1836 virtus,
851 1764 1019 1824 clarissima
1034 1781 1087 1824 au-

71 1846 201 1926 toritas5
217 1847 338 1922 egregia
355 1848 483 1918 fortuna,
502 1846 684 1927 dubitabitis,
707 1846 846 1919 Quirites,
862 1846 932 1919 quin
949 1846 1008 1905 hoc
1023 1854 1087 1907 tan·

70 1948 119 1992 um
134 1928 322 2004 boni,1qu0d
336 1931 425 1990 vobis
442 1926 542 1989 abdis
560 1930 776 1989 immortalibus
792 1929 924 1989 oblatum
940 1937 969 1988 et
985 1929 1087 1990 datum

71 2024 110 2088 st,
123 2013 156 2072 in
167 2029 233 2072 rem
248 2012 397 2087 publicam
409 2013 650 2073 conservandam
662 2021 754 2087 atque
765 2012 1007 2087 amplificandam
1014 2029 1087 2072 con-

70 2096 187 2159 eratis?
227 2096 319 2155 XVII.
342 2095 391 2157 50.
415 2097 502 2169 Quod
519 2096 546 2156 si
562 2098 677 2156 Romae
695 2095 747 2154 Cn.
766 2096 928 2171 Pompeius
950 2097 1086 2170 privatus

71 2187 142 2242 sset
156 2179 218 2239 hoc
232 2185 383 2259 tempore,
402 2187 502 2240 tamen
520 2180 560 2238 ad
577 2187 690 2239 tantum
704 2180 817 2240 bellum
831 2181 857 2238 is
874 2187 938 2239 erat
953 2180 1085 2252 deligen-
1135 2214 1138 2219 -

74 2281 115 2324 us
137 2264 237 2336 atque
254 2264 431 2323 mittendus:
456 2278 535 2323 nuno
558 2279 651 2336 quum
671 2264 710 2321 ad
729 2271 865 2323 caeteras
881 2277 1014 2322 summas
1029 2261 1086 2320 uti

70 2354 157 2406 ,tates
170 2345 250 2404 baec
264 2362 387 2421 quoque
401 2344 612 2420 opportunitas
629 2344 828 2419 adiungatur,
848 2354 880 2404 ut
899 2344 930 2403 in
951 2343 988 2402 iis
1009 2343 1085 2418 ipsis

70 2431 134 2488 ocis
150 2427 248 2501 adsit,
266 2435 300 2489 ut
312 2426 422 2489 lrabeat
436 2413 615 2499 exercitum,
638 2428 795 2502 archiis,
817 2429 868 2502 qui
890 2427 1016 2498 habent,
1034 2442 1085 2485 ac-

70 2510 161 2585 ipere
174 2508 274 2571 statim
288 2511 396 2586 possit,
413 2512 486 2584 quid
497 2519 733 2585 exspectamus?
751 2519 867 2572 auteur
879 2526 939 2569 non
956 2509 1084 2569 ducibus

70 2595 106 2652 lis
119 2588 340 2671 immortalibus
357 2593 468 2666 eidem,
491 2594 540 2653 cui
560 2604 681 2656 caetera
701 2611 818 2653 summa
838 2605 906 2653 cum
922 2595 1019 2653 salute
1040 2591 1083 2651 rei

70 2676 200 2736 tublicae
221 2677 383 2739 commissa
405 2683 487 2748 sunt,
510 2676 569 2737 hoc
592 2693 715 2753 quoque
736 2679 846 2738 bellum
864 2676 979 2751 regium
1002 2692 1083 2736 eom-

70 2760 233 2820 nittamust

140 2840 192 2903 51.
214 2843 348 2902 atenim
361 2841 408 2901 vir
423 2842 618 2913 clar1ssimus,
635 2842 858 2903 amantissimus
873 2842 917 2901 rei
932 2840 1081 2915 publicae,

70 2925 169 2985 restris
183 2924 341 2984 benefieiis
355 2925 551 3000 amplissimis
567 2927 718 2998 adlectus
741 2927 774 2997 Q.
793 2926 930 2995 Catulus3
951 2924 1083 2995 itemque

70 3008 183 3068 summis
199 3007 382 3068 ornamentis
395 3008 535 3080 honoris,
551 3010 706 3079 fortunae,
719 3006 850 3076 virtutis,
866 3003 979 3078 ingenii
994 3017 1082 3077 prae·

70 3086 148 3163 ditos,
166 3091 199 3164 Q.
210 3091 400 3160 Hortensius
417 3091 454 3149 ab
466 3091 523 3149 hac
534 3091 649 3150 ratione
662 3089 858 3148 dissentiunt:
879 3093 1008 3160 quorum
1023 3101 1080 3160 ego

71 3175 264 3234 auctoritatem
281 3175 363 3248 apud
380 3188 435 3233 vos
450 3172 550 3231 multis
565 3172 640 3231 locis
655 3171 814 3246 plurimum
837 3168 971 3229 valuisse¹
985 3178 1016 3230 et
1029 3187 1080 3228 va-

73 3249 122 3314 lere
137 3266 278 3332 oportere
293 3257 449 3333 confiteor,
466 3255 520 3314 sed
533 3253 562 3311 in
574 3254 631 3311 hao
644 3270 745 3323 causa,
761 3252 880 3312 tametsi
895 3253 1081 3333 cognoscitis

76 3339 252 3400 auctoritates
267 3339 434 3400 contrarias
450 3337 582 3396 virorum
600 3336 833 3396 fortissimorum
848 3344 878 3397 et
897 3336 1080 3397 clarissimo-

76 3427 140 3494 rum,
158 3431 258 3484 tamen
277 3422 400 3484 omissis
415 3419 642 3483 auctoritatibus
657 3419 725 3494 ipsa
738 3436 772 3480 re
786 3436 823 3479 ac
842 3419 958 3481 ratione
973 3416 1079 3499 exqui-

843 3503 1140 3636 ar]
