2356 3854
455 183 734 244 lncuunnmu.
1045 179 1110 257 aaa

73 332 124 383 albi
142 345 242 393 qnoque
259 331 364 381 insidias
382 339 407 380 et
420 332 448 381 id
465 332 558 397 palam,
577 348 607 383 ac
621 336 715 385 maiore
732 350 808 385 mann
826 352 853 386 se
870 338 990 389 armabat.
1023 337 1109 389 Dictu-

73 415 132 449 rnm
148 413 249 460 quoque
267 399 335 448 Mem
354 398 469 448 Ciceroni
486 402 593 450 Plancus
612 404 763 465 ostenderat,
781 415 871 469 postea
884 415 968 456 autem
985 408 1014 467 Q.
1034 409 1108 458 Potn-

72 469 148 532 peius
166 465 234 515 idem
253 467 382 516 minitatus
401 476 462 517 erat.
498 469 577 518 Tanta
594 478 677 529 tamen
694 474 833 522 constantia
850 488 879 523 ac
892 474 955 524 fldcs
973 474 1020 526 tuit
1039 475 1109 527 (lice-

73 537 165 596 ronis,
183 541 211 583 nt
228 549 278 583 non
296 534 416 599 populis
433 551 462 585 se
479 535 638 598 alienatione,
654 553 704 587 uon
718 537 761 593 On.
780 541 894 605 Pompeii
912 528 1108 608 stispiclonibus,

72 602 125 653 noir
139 602 248 667 periculi
268 601 346 651 iuturi
369 612 452 663 metu,
475 605 498 652 si
522 607 575 654 dies
594 607 626 655 ad
649 606 771 671 populum
791 610 929 672 diceretur,
954 626 1005 661 non
1023 613 1108 673 armis,

73 686 139 734 quae
164 669 249 734 palam
270 671 296 718 in
315 670 433 720 Milonem
455 680 557 736 sumpta
570 681 653 733 erant,
675 675 793 724 deterreri
806 678 916 740 potuerit
931 693 946 727 a
963 675 1114 730 defensione*

76 740 140 799 aius,
159 748 236 800 quum
252 747 339 802 posset
354 755 427 788 omne
446 741 588 803 pericnlum
603 757 676 791 suum
695 751 719 790 et
735 743 900 793 offensionem
916 746 1032 797 inimicae
1045 749 1106 797 mul·

73 808 193 858 titudinis
211 806 351 867 declinare,
370 808 493 857 redimere
512 802 603 859 auteml
614 809 658 864 Gn.
675 810 790 876 Pompeii
805 812 930 876 animum,
952 815 975 863 sl
996 816 1107 878 paullum

76 878 106 926 e'x
124 875 211 926 studio
230 875 384 924 defensionis
404 873 551 928 remisisset.
629 890 632 896 ·
1170 930 1173 939 ἢ

140 942 241 992 Perlata
255 942 348 991 deinde
363 943 420 1007 lege
437 944 564 1008 Pompeii,
583 946 609 994 in
626 946 675 1007 qn'a
692 945 718 994 id
737 960 837 1008 qnoque
853 949 974 1012 scriptum
988 956 1056 1007 erat,
1079 958 1108 999 nt

78 1009 344 1074 quaesitcr‘suffragio
355 1006 446 1075 popirli
458 1027 490 1060 ex
504 1013 543 1074 iis,
557 1016 600 1074 qui
616 1013 730 1062 consules
748 1012 856 1072 lucrant,
874 1025 1005 1076 crearetur,
1024 1018 1107 1066 statim
1142 1070 1144 1075 ⁸

77 1081 177 1130 comitia
209 1078 316 1140 babuit,
345 1088 493 1141 creatusque
520 1089 572 1129 erat
595 1077 636 1132 L(
651 1081 774 1130 Domitius
794 1083 958 1142 aenobarbns
975 1091 1106 1146 quaestor.

77 1147 190 1198 liliorum
207 1161 306 1210 quoquc
324 1147 449 1206 indicum,
471 1149 514 1209 qui
532 1149 562 1198 dc
579 1165 609 1198 ea
622 1165 649 1198 rc
663 1151 809 1209 iudicarent,
827 1151 961 1216 Pompeius
977 1151 1039 1201 tales
1048 1166 1107 1216 pro·

77 1217 168 1278 posuit,
186 1224 215 1264 ut
232 1228 369 1277 numquam
385 1230 466 1277 neque
484 1215 603 1266 clariores
623 1218 691 1266 viros
707 1232 789 1280 noque
807 1221 944 1268 sanctiores
962 1221 1107 1284 propositos

77 1296 131 1334 asse
154 1291 287 1333 constaret.
309 1283 368 1332 Post
384 1284 451 1345 quod
470 1285 554 1333 statim
572 1301 637 1335 nova
653 1285 709 1351 lege
727 1287 787 1335 Milo
805 1288 946 1351 postulatus
965 1296 1002 1336 est
1016 1303 1031 1337 a
1045 1288 1107 1337 dno-

76 1348 122 1401 bus
138 1351 229 1416 Appiis
245 1350 357 1400 Claudiis
372 1351 697 1414 adolescentibns‚'iisdem,
714 1368 729 1402 a
745 1355 835 1417 quibus
852 1363 924 1404 antea
935 1356 1031 1405 familia
1051 1358 1106 1406 eius

74 1417 159 1470 inerat
173 1419 316 1484 postulata,
330 1420 449 1482 itemque
465 1421 496 1469 de
514 1423 608 1471 ambitu
627 1423 657 1472 ab
677 1423 767 1472 iisdem
782 1423 888 1488 Appiis,
906 1431 931 1473 et
945 1433 1106 1488 praetereas

72 1484 97 1542 0.
120 1487 216 1538 Oeteio'
228 1495 252 1536 ct
269 1487 299 1541 L.
318 1485 462 1546 Cornificio,
482 1489 512 1538 dc
534 1492 662 1540 sodaliciis
680 1506 694 1540 a
711 1491 739 1540 P.
759 1492 844 1541 Fulvio
859 1491 959 1541 Nerato.
992 1493 1106 1543 Postula·

70 1559 109 1606 ins
129 1564 218 1605 autem
238 1562 291 1606 erat
305 1563 330 1604 ct
344 1557 376 1604 de
394 1557 521 1606 sodaliciis
536 1560 604 1609 etde
621 1560 717 1609 ambitu
735 1575 764 1609 ea
775 1575 836 1622 spa,
856 1562 924 1620 quod
940 1563 1048 1624 primum
1066 1564 1105 1611 in·

70 1621 168 1675 dicium
196 1624 227 1674 de
244 1626 272 1673 .νί
289 1624 400 1673 iuturutu
415 1626 564 1689 apparebat,
588 1642 638 1689 quo
663 1641 720 1675 eum
743 1628 885 1676 damnatum
904 1628 936 1675 iri
949 1630 1105 1678 confidebant

70 1704 114 1744 tec
140 1701 234 1757 postea
257 1705 446 1756 responsurum.
480 1694 605 1743 Divinatio
629 1695 662 1744 ds
685 1695 780 1743 ambitu
798 1701 970 1743 accusatorum
987 1696 1054 1745 iacta
1067 1702 1105 1745 est

70 1770 208 1823 tuaestore
225 1762 256 1809 A.
274 1760 407 1822 Torquato,
422 1769 495 1823 atque
511 1762 585 1810 ambo
602 1770 756 1823 quaestores,
772 1762 913 1822 Torquatus
932 1769 956 1810 et
970 1763 1105 1820 Domitius,

70 1831 154 1881 aridis
169 1828 255 1879 Nonas
273 1828 354 1892 April.
372 1843 442 1877 reum
462 1830 551 1877 adesse
570 1831 704 1881 iusserunt.
746 1827 800 1887 Quo
816 1829 858 1877 die
875 1829 933 1877 Milo
952 1830 985 1878 ad
1001 1830 1105 1879 Domitii

70 1897 183 1950 tibunal
209 1897 290 1958 venit,
312 1897 347 1945 ad
365 1897 484 1958 Torquati
512 1896 608 1945 amicos
633 1897 715 1945 misit:
732 1896 769 1944 ibi
790 1895 932 1959 postulante
951 1912 997 1962 pro
1020 1913 1049 1947 co
1068 1897 1102 1951 M.

70 1965 192 2020 »tarento
211 1966 332 2023 obtinuit,
356 1966 473 2027 ueprius
491 1965 641 2014 cansamde
657 1963 752 2012 ambitu
768 1964 861 2013 diceret
878 1979 954 2026 quam
973 1966 1004 2015 ds
1022 1967 1047 2016 vi
1065 1967 1104 2015 in·
1130 1961 1134 1967 '

70 2036 165 2088 licium
182 2042 236 2082 erat
250 2033 397 2097 perlectum.
436 2034 513 2097 Apud
531 2032 667 2083 Domitium
683 2040 766 2080 antam
784 2038 943 2094 quaestorem'
958 2036 1038 2084 maior
1052 2035 1104 2098 Ap*-
1149 2080 1151 2085 .

70 2108 125 2156 tius
147 2102 285 2167 postulavit
303 2116 319 2149 a
334 2100 425 2151 Milone
442 2116 528 2150 servos
545 2097 655 2150 ex‘lriberi
672 2115 774 2150 numero
790 2101 825 2150 IV
842 2110 867 2149 et
882 2102 912 2166 L,
931 2109 955 2151 ct
970 2118 1047 2165 quum
1062 2103 1104 2152 itte

70 2181 178 2239 legaret
197 2170 319 2231 eos,·qui
334 2169 527 2218 nominabantur
542 2170 567 2218 in
583 2184 630 2218 sua
644 2176 768 2233 potestate
784 2183 848 2228 esse,
861 2169 983 2219 Domitius
999 2186 1031 2220 ex
1048 2185 1105 2219 sen-

70 2243 150 2293 entis
180 2239 293 2288 indicum
318 2240 507 2300 pronunciavit,
527 2246 554 2286 nt
579 2254 611 2287 ex
631 2252 759 2287 servorum
775 2253 859 2286 eorum
877 2253 980 2289 numero
999 2272 1102 2291 ......

70 2316 205 2362 cocosator
220 2315 281 2368 quot
297 2305 372 2354 vellet
382 2307 474 2356 ederet.
498 2305 571 2356 Citati
581 2307 759 2356 deindetestes
770 2307 907 2355 secundum
923 2305 1014 2370 legem,
1031 2319 1103 2367 qnae,

70 2388 91 2428 tt
115 2389 201 2440 supra
219 2375 343 2434 diximus,
359 2375 473 2435 iubebat,
498 2382 530 2433 ut¹
541 2376 612 2438 prius
629 2389 705 2437 quam
723 2389 798 2424 cansa
815 2382 945 2438 ageretur,
968 2382 1044 2423 testes
1058 2388 1105 2438 psr

70 2448 185 2497 riduum
209 2443 365 2500 audirentur,
391 2443 456 2493 dicta
474 2459 561 2493 eorum
579 2445 675 2494 iudices
693 2442 876 2501 confirmarent,
894 2451 983 2503 quarta
1002 2443 1042 2493 die
1060 2443 1104 2492 ad-

70 2531 124 2566 ase
145 2525 234 2562 omnes
253 2512 278 2558 in
296 2511 360 2560 diem
380 2521 507 2574 posterum
527 2513 686 2573 iuberentur,
705 2525 735 2558 ac
752 2525 835 2559 coram
855 2519 998 2560 accusatore
1014 2526 1044 2560 ac
1060 2526 1103 2559 reo

70 2583 153 2640 tilae,
178 2579 313 2641 inquibus
332 2580 562 2629 nominaiudicum
581 2581 702 2643 inscripta
727 2586 824 2637 essent,
843 2586 1022 2640 aequarenturr
1046 2580 1102 2627 dein

70 2663 159 2701 ursus
177 2654 279 2711 postera
298 2646 339 2696 die
355 2648 451 2696 sortitio
469 2649 581 2697 iudicum
597 2649 676 2707 fleret,
696 2649 770 2697 unius
788 2656 812 2696 at
829 2645 933 2696 LXXX:
959 2648 1002 2710 qui
1017 2661 1104 2695 nume-

70 2736 108 2770 us
131 2731 212 2779 quum
228 2723 295 2764 sorte
314 2716 460 2779 obtigisset,
480 2716 530 2778 ipsi
545 2719 659 2780 protinus
677 2730 776 2765 sessum
794 2717 871 2765 irentt
895 2725 947 2764 tum
971 2717 1003 2764 ad
1020 2716 1102 2764 dicen-

69 2790 130 2838 lum
148 2792 280 2834 accusator
295 2783 358 2832 duas
375 2783 463 2841 horas,
481 2798 539 2832 rcus
556 2792 607 2832 tres
624 2784 741 2842 haberet,
765 2798 872 2845 reusque
896 2785 983 2833 eodem
1002 2783 1043 2831 die
1061 2780 1103 2828 illo

70 2856 241 2911 udicaretur,
256 2852 328 2914 prius
344 2859 436 2909 autem,
453 2866 526 2911 quam
538 2853 676 2901 sententias
694 2851 824 2910 ferrentur,
836 2852 926 2912 quinos
945 2866 977 2900 ex
995 2848 1103 2912 singulis

70 2922 206 2974 »rdinibus
229 2928 377 2981 accusator,
401 2917 505 2968 totidem
525 2934 583 2967 reus
597 2921 725 2978 reliceret,
748 2920 783 2966 ita
800 2927 828 2967 ut
849 2933 966 2966 numerus
990 2917 1102 2965 iudicum

70 2992 264 3052 *elinqneretnn
284 2989 327 3050 qui
342 2988 478 3037 sententias
493 2986 598 3054 lernam,
617 2987 798 3050 quinquaginta
816 2993 840 3033 st
855 2999 928 3035 unus.

133 3059 220 3106 Primo
245 3056 286 3105 die
302 3057 374 3106 datus
398 3064 450 3104 erat
473 3056 499 3102 iu
518 3053 635 3103 Milonem
653 3058 725 3118 testis
745 3052 874 3101 Gassinius
889 3051 993 3110 Schola,
1017 3051 1058 3113 qui
1076 3064 1104 3098 se

70 3143 129 3179 tum
145 3126 174 3179 P.
195 3123 281 3177 Clodio
296 3122 388 3188 luiss'e,
405 3123 519 3185 quomis
538 3123 636 3171 occisus
651 3129 731 3180 esset,
758 3121 836 3177 dixit,
854 3121 1059 3180 atrocitatemque
1067 3120 1104 3167 rei

70 3201 153 3249 actae
171 3209 246 3254 quam
264 3195 372 3242 maxime
388 3191 469 3255 potnit
486 3190 564 3239 auxit.
583 3189 662 3249 Quem
673 3203 751 3250 quum
766 3190 917 3250 interrogare
926 3188 959 3236 M.
972 3186 1104 3236 Marcellus

70 3265 212 3329 coepisset,
228 3270 296 3310 tanto
311 3260 422 3311 tumultu
435 3257 569 3308 clodianae
587 3257 754 3306 multitudinis
772 3256 953 3304 circumstantis
972 3257 1104 3304 exterritus

70 3343 126 3392 est,
151 3337 181 3380 ut
199 3331 250 3379 vim
268 3330 380 3378 ultimam
396 3329 487 3375 timens
503 3329 528 3376 in
545 3325 652 3376 tribunal
669 3341 684 3374 a
701 3325 812 3374 Domitio
830 3325 988 3387 reciperetur.
1024 3324 1103 3383 Quam

70 3404 101 3458 ,b
121 3412 228 3449 causam
242 3396 372 3447 Marcellus
397 3405 420 3444 et
451 3397 506 3460 ipse
527 3394 585 3445 Milo
611 3410 627 3443 a
644 3395 753 3444 Domitio
779 3392 932 3457 praesidium
955 3391 1103 3456 implorave-

858 3456 927 3520 22*

126 3596 139 3619 l
