2356 3854
413 180 494 241 cap.
509 188 606 241 e-a.
627 186 653 245 s.
669 189 782 242 o-ra
998 156 1004 173 '
1021 136 1025 143 ι
1046 183 1108 248 247

77 349 180 393 causa
198 337 229 391 et
248 339 312 392 tum
333 339 504 390 conventus
524 330 574 389 ille
595 329 730 404 capuae,
760 329 812 405 qui
836 341 960 406 propter
982 334 1108 393 salutem

78 416 163 476 illius
182 413 267 475 urbis
282 415 443 474 consulatu
463 421 673 473 conservatam
693 428 824 474 maome
843 432 934 475 unum
950 422 1108 488 patronum

80 496 348 572 adoptavit‚'huic
367 497 450 571 apud
469 513 518 555 me
538 495 569 553 P.
586 493 686 554 Sestio
706 495 853 556 maximas
871 497 982 572 gratias
1000 500 1060 572 egit
1079 506 1109 557 et

80 581 141 641 hoc
154 589 294 654 tempore
310 578 409 638 eidem
421 579 561 640 homines
573 577 693 637 nornine
705 589 886 640 commutato
903 579 1003 639 coloni
1016 582 1107 641 decu-

80 663 264 736 rionesque,
285 661 442 723 tortissimi
458 671 548 734 atque
564 660 669 734 optimi
685 659 755 733 viri,
778 661 956 721 beneficium
971 663 1002 720 P.
1018 663 1108 723 Sestii

81 746 256 806 testimonio
273 745 428 804 declarant
441 744 671 818 periculumque
687 744 809 803 decreto
826 761 882 804 suo
899 746 1108 818 deprecantur.

83 825 131 888 10.
151 827 276 902 Recita,
297 844 428 902 quaeso,
450 827 481 885 P.
504 826 600 898 Sesti,
624 825 698 900 quid
713 826 863 885 decrerint
878 827 998 900 Capuae
1017 829 1107 888 decu-

81 911 200 982 riones,
225 919 258 971 ut
278 909 338 969 iam
355 909 479 984 puerilis
494 918 545 969 tua
561 925 622 969 vox
635 908 736 983 possit
750 909 866 982 aliquid
880 909 1051 981 significare
1065 913 1108 969 in·

83 993 179 1055 imicis
192 993 314 1065 nostris,
333 993 486 1067 quidnam,
503 1009 596 1066 quum
608 1008 642 1052 se
653 992 865 1065 corroborarit,
881 992 1024 1052 effectura
1038 1009 1109 1052 esse

83 1077 229 1136 videatur.
258 1076 454 1137 Dacuaronuu
468 1091 611 1135 nocuum.
638 1075 705 1134 Non
725 1074 820 1135 recito
837 1076 990 1135 decretum
1006 1074 1108 1134 allicio
1157 1112 1160 1119 ·

83 1159 184 1232 aliquo
204 1174 388 1232 expressum
407 1157 568 1218 vicinitatis
592 1164 643 1217 aut
664 1157 822 1218 clientelae
842 1166 893 1218 aut
911 1156 1034 1231 hospitii
1054 1173 1108 1231 pu·

83 1242 153 1301 blici
175 1248 228 1300 aut
247 1240 419 1301 ambitionis
440 1248 492 1300 aut
512 1240 782 1301 commendationis
804 1241 914 1314 gratia:
941 1241 997 1300 sed
1013 1240 1108 1300 recito

83 1323 257 1385 memoriam
274 1322 425 1397 perfuncti
439 1322 575 1397 periculi,
592 1323 849 1397 praedicationem
864 1323 1042 1398 amplissimi
1056 1323 1108 1383 be·

83 1405 191 1478 nelloii,
205 1405 305 1467 vicem
317 1404 410 1466 ollicii
423 1405 601 1481 praesentis
614 1406 818 1467 testimonium
829 1406 981 1481 praeteriti
993 1415 1109 1481 tempo·
1133 1405 1136 1413 '

80 1489 132 1551 ris.
172 1486 223 1550 11.
244 1491 346 1563 Atque
361 1489 420 1549 illis
437 1490 623 1563 temporibus
642 1489 768 1564 iisdem,
793 1507 886 1565 quum
902 1490 962 1550 iam
977 1490 1109 1564 Capuam

81 1581 162 1633 metu
174 1571 294 1632 Sestius
306 1571 474 1651 liberasset,
490 1573 595 1632 urbem
607 1581 731 1633 senatus
743 1581 835 1647 atque
849 1589 955 1633 omnes
969 1572 1041 1632 boni
1055 1574 1108 1632 de·

85 1653 244 1730 prehensis
265 1662 358 1728 atque
379 1654 539 1730 oppressis
562 1654 738 1715 domesticis
754 1655 893 1715 hostibus
908 1672 957 1715 me
974 1656 1053 1716 duce
1069 1671 1109 1714 ex

80 1737 224 1812 periculis
239 1736 379 1803 maximis
394 1737 606 1808 extraxissent,
626 1753 683 1811 ego
701 1736 807 1796 litteris
818 1738 849 1795 P.
863 1737 996 1796 Sestium
1006 1738 1110 1810 capua

81 1818 229 1883 arcessivi
244 1835 312 1881 cum
326 1819 377 1881 illo
392 1820 543 1892 exercitu,
567 1835 658 1892 quem
674 1828 735 1879 tum
752 1835 855 1877 secum
871 1819 1010 1878 habebat.
1040 1817 1108 1891 Qui-

81 1903 137 1965 bus
153 1902 203 1962 hic
217 1901 324 1964 tinais
335 1903 421 1962 lectis
436 1904 476 1962 ad
491 1903 595 1961 urbem
608 1900 767 1960 confestim
777 1900 946 1961 incredibili
958 1900 1109 1961 celeritate

81 1985 243 2049 advolavit.
265 1987 367 2059 Atque
378 1993 411 2046 ut
424 1984 504 2044 illius
516 1982 661 2059 temporis
673 1983 859 2044 atrocitatem
870 1984 1025 2045 recordari
1036 2000 1123 2059 pos.

84 2069 162 2139 sitis,
192 2067 295 2129 audite
314 2067 429 2129 litteras
449 2075 480 2127 et
499 2077 631 2128 vestram
647 2068 821 2127 memoriam
838 2068 878 2147 ad
892 2067 1007 2127 timoris
1021 2083 1108 2143 prae·

82 2150 158 2212 lariti
173 2151 387 2225 cogitationem
402 2151 541 2214 excitate.
570 2151 722 2211 erreana
738 2150 896 2212 &canorus
910 2166 1058 2210 consutrs.

163 2234 202 2294 V.
223 2233 289 2295 Hoc
310 2235 442 2295 adventu
463 2234 494 2292 P.
510 2233 601 2294 Sestii
621 2234 806 2294 tribunorum
829 2234 927 2308 plebis
951 2249 1109 2302 novorum,

82 2316 217 2392 qui-turn
235 2317 380 2378 extremis
397 2318 506 2379 diebm
522 2318 698 2379 consulatus
713 2316 835 2377 meires
849 2332 919 2384 eas,
943 2332 1021 2390 quas
1040 2330 1108 2390 ges-

82 2416 190 2473 seram,
208 2414 323 2461 vexare
340 2400 510 2474 cupiebant,
531 2400 730 2475 reliquaeque
748 2397 1108 2472 coniurationis‘impetus
1166 2424 1169 2439 ι

80 2492 105 2544 et
115 2490 249 2545 conatus
261 2491 332 2543 sunt
341 2484 493 2563 retardati.
524 2481 572 2545 ta.
588 2486 635 2543 Ac
645 2490 754 2559 postea
767 2498 857 2556 quam
870 2490 918 2542 est
927 2481 1109 2542 intellectum

77 2562 114 2626 Μ.
131 2566 249 2627 Catone
264 2566 382 2626 tribuno
399 2565 511 2640 plebis,
531 2566 695 2627 fortissimo
711 2573 803 2639 atque
819 2565 932 2640 optimo
950 2564 1024 2637 civi,
1045 2581 1110 2624 rem

73 2648 233 2722 publicam
245 2649 436 2721 defendente,
452 2664 507 2723 per
519 2665 553 2708 se
564 2649 667 2724 ipsum
679 2657 817 2709 senatum
830 2650 1037 2724 populumque
1049 2648 1109 2707 Ro-

73 2746 203 2793 manum
217 2730 283 2791 sine
299 2731 423 2792 militum
441 2731 595 2806 praesidio
614 2731 689 2794 tueri
709 2733 798 2792 lacile
814 2748 907 2806 quum
923 2729 1109 2790 maiestatem

71 2831 164 2877 suam
186 2822 250 2875 tum
270 2813 444 2888 dignitatem
464 2831 582 2886 eorum,
606 2814 658 2888 qui
679 2817 805 2877 salutern
824 2828 1014 2876 communem
1031 2809 1109 2883 peri-

70 2899 146 2960 culo
162 2912 223 2959 suo
240 2896 464 2969 defendissent,
482 2895 602 2957 Sestius
620 2913 688 2957 curn
703 2896 754 2957 illo
770 2897 906 2957 exercitu
919 2910 977 2954 suo
993 2907 1110 2955 summa

70 2980 235 3043 eeleritate
248 2988 295 3040 est
304 2978 469 3041 Antonium
484 2982 679 3041 consecutus.
707 2979 764 3039 Hic
778 2994 835 3052 ego
850 2977 924 3052 quid
937 2973 1109 3048 praedicem

70 3063 193 3140 quibus
207 3061 255 3121 hic
269 3063 362 3122 rebus
377 3061 536 3122 consulem
548 3062 588 3120 ad
601 3077 665 3120 rem
678 3060 845 3134 gerendam
858 3056 1016 3119 excitarit?
1030 3073 1109 3129 quos

70 3145 221 3208 stimulos
239 3144 407 3205 admoverit
428 3142 542 3203 bomini
563 3143 701 3207 studioso
719 3143 851 3202 sortasse
871 3138 1031 3211 victoriae,
1048 3139 1111 3199 sed

70 3239 179 3292 lamen
196 3225 319 3291 nimium
334 3242 525 3287 communem
539 3226 666 3285 Martem
680 3223 751 3284 belli
766 3238 933 3297 casumque
948 3223 1110 3282 maurenti?

70 3314 218 3385 Longum
235 3318 286 3370 est
305 3325 342 3370 ea
362 3309 479 3382 dicere,
500 3309 556 3368 sed
576 3307 635 3368 hoc
655 3307 748 3367 breve
765 3305 879 3367 dicam:
905 3305 932 3365 si
946 3305 986 3364 Μ.
1001 3303 1109 3366 Petraii

70 3411 138 3459 non
158 3393 315 3453 excellens
335 3392 453 3453 animus
469 3399 499 3451 et
520 3406 606 3455 amor
626 3389 670 3450 rei
691 3390 846 3465 publicae,
862 3406 928 3453 :uon
945 3396 1109 3463 praestans

1108 3598 1148 3624 'a‘
