2356 3854
360 162 442 223 cAP.
457 170 589 227 stt-tt.
611 168 637 229 S·
653 171 817 229 Uib-1²6·
1040 168 1102 233 289

69 313 203 388 empori
218 328 286 373 meo
302 313 478 384 doluerunt,
494 328 593 387 eaque
608 315 741 388 populus
752 317 908 378 Romanus
925 332 987 377 noa
1004 319 1104 379 solum

68 399 202 469 rlausu‚
227 396 283 457 sed
303 394 393 455 etiarn
413 395 526 471 gemitu
549 413 606 455 suo
631 399 856 472 compr-abavia
886 407 986 461 utrum
1013 398 1104 474 igitur

68 495 144 541 iaec
159 480 321 552 Aesopum
336 478 438 554 potius
453 496 510 554 pro
525 495 574 539 me
587 488 640 540 aut
653 480 783 541 Accium
799 482 901 543 dicere
916 481 1058 558 oportuit,
1076 483 1103 544 si

69 563 209 639 >opulus
222 562 379 624 Romanus
394 562 584 634 liberasset,
605 579 644 625 aa
659 563 814 639 principes
830 565 983 628 eivitatisl
1001 567 1101 625 Nomi-

69 648 165 708 ratim
185 661 255 705 sum
274 647 446 720 appellatus
461 645 492 706 in
507 647 618 707 Bruto=
644 647 1014 722 manumittendum
1025 653 1103 711 clvi-

69 745 117 791 vur
136 729 333 791 stabiliverat.
360 729 482 792 Miliens
503 738 678 799 revocatum
694 739 751 792 est.
778 730 927 791 Parumne
945 731 1103 792 videbatur

69 813 210 887 repulus
223 812 379 873 &manus
400 812 536 874 iudicare
558 813 590 874 id
608 830 627 872 a
642 830 689 875 me
704 822 766 875 eta
781 823 889 875 senatu
904 830 975 875 esse
991 815 1101 875 consti-

69 905 185 966 tutine,
209 895 292 969 quod
309 895 420 971 perditi
435 896 519 956 cives
537 898 689 958 sublatum
703 914 760 973 per
774 913 832 958 nos
848 895 1103 958 criminabantur?

69 976 394 1041 [cardamatem
420 980 528 1055 populi
547 981 676 1041 Romani
698 980 844 1042 iudicium
868 979 1004 1041 universi
1030 996 1102 1040 con-

69 1078 165 1125 sessu
179 1061 360 1136 gladiatorio
377 1063 563 1124 declaratum
578 1072 634 1124 est.
665 1064 738 1125 Erat
760 1063 840 1125 enim
856 1080 966 1123 munus
984 1061 1100 1138 Scipio·

69 1146 115 1207 ris
132 1144 264 1220 dignum
278 1154 308 1206 et
322 1161 359 1207 eo
375 1145 444 1220 ipso
462 1154 492 1206 el
504 1146 556 1206 illo
572 1146 605 1219 Q.
617 1146 754 1222 Metello,
769 1147 818 1207 cui
832 1148 969 1208 dabatur.
999 1146 1033 1206 ld
1049 1163 1102 1206 au·

70 1246 131 1289 em
148 1228 318 1303 spectaculi
331 1246 430 1303 genus
445 1237 518 1301 erat,
535 1231 618 1304 quod
634 1230 715 1291 omni
730 1229 901 1306 frequentia
914 1239 1006 1305 atque
1021 1228 1102 1290 omni

69 1326 188 1384 genere
203 1311 358 1373 hominurn
375 1312 558 1385 celebratur,
574 1329 635 1387 quo
650 1313 808 1375 multitudo
823 1311 955 1375 maxime
969 1314 1101 1375 delecta-

71 1412 127 1456 ur.
160 1394 193 1453 lu
211 1394 292 1454 bunc
308 1410 490 1456 consessum
504 1396 536 1454 P.
553 1396 688 1470 Sestius,
707 1397 847 1459 tribunus
869 1396 985 1473 plebis,
1008 1414 1103 1472 quum

69 1486 180 1554 ageret
195 1476 269 1537 nihii
284 1478 368 1538 aliud
382 1480 412 1538 irr
427 1494 465 1538 eo
480 1479 658 1555 magistratu
675 1480 734 1541 nisi
750 1498 848 1541 meam
863 1496 1004 1553 causam,
1019 1481 1103 1541 venit

70 1571 98 1623 et
113 1577 153 1622 se
168 1561 286 1635 populo
301 1561 394 1633 dedit,
407 1578 468 1623 non
481 1565 609 1638 plausus
621 1565 795 1638 cupiditate,
807 1564 864 1625 sed
874 1572 908 1624 ut
918 1563 978 1638 ipsi
988 1563 1101 1623 inimici

70 1643 170 1705 uestri
185 1644 371 1704 voluntatem
389 1645 523 1705 universi
538 1646 644 1721 populi
658 1646 805 1707 viderent.
835 1645 942 1718 Venit,
956 1653 990 1705 ut
1005 1645 1100 1718 scitis,

70 1728 111 1788 ad
133 1727 309 1789 columnam
323 1726 483 1788 Maeniam.
511 1730 624 1789 Tantus
640 1737 742 1789 estex
760 1727 901 1788 omnibus
917 1727 1101 1802 spectaculis

70 1826 172 1885 leque
187 1826 209 1869 a
222 1808 380 1885 capitolio,
394 1819 496 1871 antus
510 1826 550 1870 ex
565 1810 623 1871 lori
639 1809 781 1870 cancellis
800 1811 927 1884 plausus
942 1808 1100 1881 excitatus,

70 1903 102 1955 at
125 1909 295 1968 numquam
318 1894 414 1954 maior
435 1893 601 1953 consensio
626 1901 679 1953 aut
696 1892 831 1968 apertior
851 1890 959 1966 populi
972 1889 1102 1951 Romani

70 1976 210 2039 universi
232 1977 328 2038 luisse
350 1979 413 2037 ulla
426 1975 456 2035 in
472 1992 567 2037 causa
581 1977 740 2036 diceretur.
773 1974 842 2037 125.
865 1974 924 2035 Ubi
940 1983 1025 2035 erant
1039 1983 1102 2036 tum

70 2060 111 2121 lli
127 2059 309 2121 contionum
322 2061 547 2133 moderatores,
565 2061 666 2134 legum
683 2058 812 2133 domini,
829 2057 940 2119 civium
955 2060 1101 2133 expulso-

70 2150 144 2205 rent
162 2142 284 2204 aliusne
298 2152 346 2204 est
359 2142 470 2217 aliquis
485 2143 631 2219 improbis
646 2142 763 2203 civibus
779 2141 941 2218 peculiaris
955 2144 1100 2219 populus,

70 2227 119 2289 sni
134 2242 197 2287 nos
214 2226 325 2287 offensi
339 2226 491 2301 invisique
507 2226 675 2287 luerimust

154 2310 231 2369 LIX.
257 2310 408 2385 Equidem
429 2309 569 2370 existimo
592 2311 706 2370 nullum
725 2317 846 2384 tempus
868 2324 938 2369 esse
959 2310 1100 2383 trequen-

70 2391 157 2455 tiaris
164 2392 281 2468 populi
296 2410 387 2468 quam
403 2393 477 2454 illud
492 2393 704 2468 gladiatorium
719 2409 820 2467 neque
834 2390 995 2466 contionis,
1009 2391 1100 2451 ullius

70 2492 173 2553 neque
193 2494 268 2537 vero
289 2478 419 2537 ullorum
439 2477 638 2539 comitiorum.
669 2478 753 2537 Haec
771 2475 861 2551 igitur
874 2473 1100 2536 innumerabilis

71 2557 228 2621 bominum
251 2559 425 2631 multitudo,
446 2560 523 2619 haec
544 2561 651 2637 populi
665 2559 793 2620 Romani
815 2568 898 2621 tanta
919 2557 1099 2635 significatio

71 2642 140 2705 rino
161 2644 225 2703 ulla
246 2645 392 2704 varietate
413 2643 564 2716 universi,
588 2661 681 2719 quum
701 2643 761 2704 illis
781 2643 859 2720 ipsis
874 2643 984 2703 diebus
999 2644 1038 2703 de
1052 2656 1101 2701 me

71 2734 173 2787 sctum
190 2725 227 2786 iri
245 2734 418 2802 putaretur,
443 2726 517 2803 quid
539 2726 704 2788 declaravit
718 2727 778 2788 nisi
792 2726 974 2803 optimorum
990 2724 1101 2786 civium

71 2810 201 2872 miutem
215 2818 246 2870 et
260 2810 438 2884 dignitatem
453 2812 569 2885 populo
581 2808 719 2870 Romano
731 2827 832 2871 caram
847 2827 918 2871 esse
935 2809 1102 2870 universo?

71 2890 145 2955 tao.
173 2896 215 2952 At
230 2909 302 2953 vero
318 2893 378 2967 ille,
395 2892 579 2967 quideme,
596 2910 657 2953 non
673 2893 782 2967 patris,
799 2893 857 2959 avi.
875 2891 990 2966 proavi,
1006 2887 1100 2948 maio-

71 2992 140 3037 rum
164 2975 297 3050 denique
319 2993 444 3051 suorum
470 2976 618 3050 omnium,
644 2977 701 3036 sed
723 2976 940 3035 Graeculorum
964 2972 1099 3032 instituto

71 3057 247 3133 contionem
262 3060 449 3135 interrogare
463 3061 594 3119 solebat=
610 3061 749 3119 velletne
759 3074 807 3118 me
820 3056 936 3118 redire:
952 3063 991 3127 et,
1007 3070 1100 3128 quum

71 3150 136 3203 erat
149 3144 346 3205 reclamatum
363 3141 519 3204 semivivis
534 3141 789 3201 mercenariorum
798 3139 937 3211 vocibus,
954 3137 1100 3212 populum

71 3224 242 3305 Romanum
255 3241 368 3301 negare
383 3225 517 3298 dicebat,
531 3224 574 3296 is,
591 3241 684 3299 quum
693 3218 812 3285 ‘cotidie
827 3220 1011 3298 gladiatores
1029 3237 1099 3296 spe-

72 3316 181 3382 ctaret,
199 3310 366 3384 numquam
379 3317 427 3369 est
441 3315 641 3385 conspectus,
659 3324 750 3382 quum
766 3306 890 3377 veniret.
919 3305 1100 3378 Emergebat

72 3391 188 3466 subito,
212 3410 304 3467 quum
325 3393 384 3453 sub
404 3393 523 3454 tabulas
549 3392 760 3466 subrepserat,
780 3398 813 3452 ut
826 3390 927 3530 Μὶιξν
939 3398 967 3451 tc
981 3391 1098 3466 appello

142 3490 199 3535 cic.
216 3489 306 3533 oanr.
