2356 3854
380 198 572 262 caan-e
594 205 735 267 ar-e.
999 185 1071 271 'aaa

91 329 94 335 ·
184 333 187 340 .
322 315 327 341 Ι

46 349 117 408 dum
131 346 188 409 luit
200 357 252 409 aut
265 364 320 423 pro
331 364 384 408 reo
397 349 734 424 disputandum-tamen
746 350 905 426 adgrediar
916 353 956 411 ad
967 352 1071 414 dicen·

46 431 133 503 dum,
154 445 193 490 ne
212 445 281 490 mea
296 431 499 506 propugnatio
516 431 545 491 ei
561 432 751 506 potissimum
769 434 904 495 defuisse
919 434 1067 512 videatur,

46 529 99 588 per
115 528 205 587 quem
220 521 268 573 est
286 514 454 588 perlectum
469 529 509 572 ne
529 513 657 575 caeteris
672 515 789 575 civibus
804 517 935 578 deesset.
964 522 1066 594 Atque

46 610 100 671 ego
115 595 162 654 sic
177 602 285 668 statuo·
300 594 427 669 iudices,
444 612 521 655 ame
531 597 562 656 in
576 597 634 657 hac
647 613 740 657 causa
751 607 842 673 atque
856 600 915 659 hoc
929 610 1063 662 exuemo

46 676 164 738 dicendi
176 679 244 739 loco
259 677 379 754 pietatis
392 678 494 754 potius
507 696 597 752 quam
610 679 806 754 defensionis,
822 684 963 755 querelae
975 702 1065 759 quam

46 761 250 836 eloquentiae,
277 759 392 833 doloris
419 777 509 836 quam
534 761 646 836 ingenii
669 770 771 836 partes
797 778 867 822 esse
893 776 1064 841 susceptas.

46 843 69 904 l.
90 845 199 918 ltaque
219 843 247 905 si
266 851 317 903 aut
330 844 431 904 acrius
447 857 541 918 egero
557 853 607 904 aut
623 843 746 905 liberius
764 862 853 919 quam
869 845 1003 919 quiante
1015 866 1064 908 me

46 927 199 1000 dixerunt,
212 932 283 1021 peto
300 942 319 985 a
333 925 437 998 vobis
455 936 489 987 ut
502 936 565 987 tant
566 945 615 986 um
632 926 760 986 orationi
776 944 863 987 meae
879 929 1065 1004 concedatis,

46 1018 188 1085 quantum
203 1017 234 1069 et
247 1009 298 1083 pio
315 1009 411 1068 dolori
425 1017 456 1069 et
468 1009 567 1069 iustae
577 1009 753 1070 iracundiae
766 1011 993 1073 concedendum
1008 1029 1063 1087 pu-

46 1091 119 1152 letis
144 1092 223 1157 ‚Nam
233 1107 333 1164 neque
348 1091 449 1151 olficio
465 1091 654 1152 coniunctior
670 1094 758 1154 dolor
771 1093 873 1153 ullius
871 1109 951 1153 esse
963 1102 1064 1168 potest

46 1191 134 1250 quam
156 1173 204 1233 hio
225 1190 312 1233 meus
329 1183 492 1248 susceptus
511 1191 550 1233 ex
567 1161 696 1235 hominis
716 1177 755 1235 de
772 1193 821 1236 me
838 1176 950 1252 optime
966 1177 1065 1237 meriti

46 1257 176 1333 periculo
202 1255 301 1330 neque
328 1256 485 1316 iracundia
513 1257 609 1330 magis
634 1258 696 1318 ulla
723 1259 876 1319 laudanda
900 1277 990 1335 quam
1015 1275 1061 1344 ea,

46 1355 122 1414 qaae
136 1356 185 1401 me
199 1338 364 1398 inflammat
378 1355 484 1400 eorum
500 1340 630 1413 scelere,
654 1340 707 1416 qui
726 1358 795 1402 cum
815 1343 954 1403 omnibus
976 1359 1064 1407 meae

46 1420 146 1489 salutis
161 1420 374 1482 defensoribus
387 1422 498 1483 bellum
509 1440 579 1484 esse
594 1423 653 1484 sibi
666 1427 831 1500 gerendum
844 1425 1064 1486 iudicaverunt.

46 1499 68 1564 5.
95 1504 160 1567 Sed
181 1504 325 1581 quoniam
344 1505 470 1580 singulis
495 1506 670 1569 criminibus
695 1507 807 1568 caeteri
829 1510 1062 1584 responderunt

46 1589 139 1649 licam
156 1605 215 1663 ego
231 1590 270 1649 de
293 1589 374 1647 omni
391 1590 514 1667 statuP,
530 1589 635 1662 Sestii,
655 1591 693 1650 de
712 1606 824 1664 genere
838 1592 931 1663 vitae,
952 1593 990 1650 de
1011 1608 1063 1651 na

46 1682 119 1743 ura,
141 1670 345 1743 demonibus,
368 1673 406 1731 de
421 1672 589 1731 incredibili
603 1689 706 1733 amore
722 1673 751 1730 in
767 1673 882 1743 bonos,
906 1674 944 1732 de
962 1673 1062 1734 studio

46 1755 270 1814 conservandae
292 1754 399 1813 salutis
418 1755 585 1814 communis
606 1764 697 1830 atque
718 1752 791 1825 ocii,
812 1756 1063 1829 contendam‘que,

46 1838 63 1896 ιι
77 1838 171 1900 modo
186 1836 218 1896 id
232 1836 381 1910 consequi
393 1845 510 1912 potero,
526 1845 558 1896 ut
571 1839 600 1895 in
612 1838 671 1896 hac
681 1837 810 1896 confusa
820 1844 909 1911 atque
920 1837 1064 1897 universa

46 1919 219 1981 defensione
233 1919 307 1979 nibil
327 1936 346 1978 a
363 1935 411 1977 me
429 1919 510 1993 quod
531 1919 571 1977 ad
590 1928 722 1978 vestram
744 1921 968 1994 quaestionem,
990 1919 1064 1979 nihil

46 2004 124 2078 quod
136 2003 177 2063 ad
190 2019 283 2075 reum,
299 2001 373 2061 nihil
387 2003 471 2077 quod
484 2001 596 2061 adrem
609 2002 767 2076 publicam.
771 2001 920 2076 pertineat
930 2011 1063 2076 praeter·

46 2086 165 2147 nissum
177 2102 248 2146 esse
261 2086 407 2146 videatur.
431 2085 469 2144 Et
481 2085 623 2158 quoniam
633 2084 664 2144 in
674 2085 862 2160 gravissimis
875 2084 1063 2160 temporibus

46 2168 168 2230 avimus
189 2177 281 2242 atque
294 2168 325 2227 in
339 2168 435 2228 ruinis
451 2183 577 2228 eversae
596 2177 688 2243 atque
709 2167 849 2228 adflictae
863 2162 909 2228 ‘rei
923 2167 1063 2243 publicae

46 2252 68 2312 Ρ.
82 2251 180 2315 Sestii
192 2251 360 2311 tribunatus
376 2259 424 2312 est
437 2267 456 2310 a
471 2251 590 2310 lortuna
603 2244 672 2326 ipsa
687 2252 863 2322 collocatus,
880 2251 1062 2322 non-adgre-

46 2335 104 2396 liar
119 2336 162 2396 ad
177 2333 229 2394 illa
242 2335 372 2394 maxima
392 2342 482 2409 atque
498 2332 685 2408 amplissima
699 2333 800 2408 prius,
824 2349 914 2408 quam
928 2335 1063 2393 docuero

46 2418 150 2492 quibus
175 2416 267 2478 initiis
292 2433 328 2478 ac
353 2417 556 2494 fundamentis
573 2416 635 2498 ‘hae
652 2423 751 2479 antae
774 2416 900 2476 summis
920 2416 950 2476 in
970 2416 1065 2479 rebus

46 2501 145 2563 laudes
161 2500 311 2561 excitatae
327 2502 396 2560 sint.
603 2515 606 2519 ’

118 2580 217 2643 11136.
237 2584 363 2643 Parente
376 2583 408 2642 P.
424 2582 543 2644 Sestius
559 2590 720 2654 natusest,
736 2581 862 2656 iudices,
883 2582 1013 2654 homine,
1031 2589 1066 2642 ut

46 2666 176 2741 plerique
198 2665 391 2738 meministis,
419 2675 449 2727 et
468 2668 606 2743 sapiente
629 2675 660 2727 et
682 2672 786 2725 sancto
808 2673 838 2723 et
857 2680 982 2724 severo·
1012 2662 1065 2737 qui

46 2764 131 2824 qutun
156 2749 296 2809 tribunus
324 2748 422 2824 plebis
449 2749 565 2823 primus
592 2749 669 2809 inter
693 2748 831 2810 homines
856 2746 1064 2808 nobilissimos

46 2829 227 2907 emporibus
243 2830 363 2907 optimis
379 2833 477 2891 lactus
495 2839 586 2903 esset,
603 2831 729 2909 reliquis
744 2828 912 2890 honoribus
927 2845 990 2888 non
1004 2836 1064 2886 tam

46 2916 77 2976 ιιι
98 2914 197 2976 voluit
219 2931 309 3010 quam
330 2914 456 3010 dignus
460 2912 567 2972 videri.
595 2915 642 2973 Eo
662 2921 787 2972 auctore
809 2912 895 2974 duxit
913 2908 1064 2972 honestis-

46 2998 104 3059 imi
121 3005 153 3057 et
169 2996 384 3071 spectatissimi
401 2995 473 3067 ιιιιι,
495 2995 657 3067 cattini,
681 2993 787 3066 liliam,
809 3009 849 3052 ex
869 3010 929 3067 qua
949 2991 1000 3056 hle
1017 3000 1066 3051 est

46 3097 113 3142 »uer
130 3088 163 3139 et
176 3089 269 3153 nupta
283 3079 341 3138 iam
359 3079 429 3137 fllia.
460 3076 587 3138 Duobus
601 3076 649 3137 his
666 3075 863 3152 gravissimae
878 3072 1065 3147 antiquitatis

48 3163 109 3225 iris
130 3161 177 3222 sic
191 3162 336 3237 probatus
351 3159 419 3232 luit,
442 3161 562 3234 utrique
576 3175 682 3220 eorum
696 3165 729 3219 ιιι
743 3165 773 3218 et
787 3172 877 3218 carus
892 3157 1021 3218 maxime
1035 3172 1066 3218 et

46 3245 189 3310 ucuudus
211 3253 304 3305 esset
346 3242 468 3303 Ademit
486 3243 598 3303 Albino
619 3241 719 3302 soceri
739 3256 850 3301 nomen
870 3257 954 3301 mors
973 3239 1063 3312 filiae,

47 3331 91 3391 ed
107 3327 263 3390 cuiatem
273 3327 355 3387 lllius
370 3323 604 3387 necessitudinis
619 3332 649 3385 et
661 3322 904 3385 benevolentiam
919 3340 979 3384 non
991 3324 1063 3383 ade·

46 3413 97 3474 ait.
133 3409 234 3473 Hodie
248 3410 295 3470 sic
310 3411 399 3469 huno
406 3408 515 3483 diligit,
534 3416 568 3468 ιιι
582 3424 639 3470 vos
654 3405 793 3467 facillime
811 3407 939 3482 potestis
953 3421 994 3468 err
1005 3407 1063 3465 hac

1037 3538 1108 3632 ai
