2356 3854
389 217 454 266 PttR
470 215 578 268 ANNOS
594 217 741 270 DIGESTA.

73 514 107 569 m
149 521 184 574 43
219 513 254 562 lio
273 521 298 562 et
316 512 429 565 Ciceroni
449 518 616 567 mandandam
635 533 691 567 esse
711 520 881 579 censuissent,
905 518 990 569 Cicero
1027 526 1062 579 64

219 580 360 644 Philippica
374 585 517 635 duodecima
531 586 633 650 negavit
646 600 734 648 pacem
744 602 801 635 cum
811 588 921 636 Antonio
937 587 991 636 fieri

218 663 309 713 posse,
334 650 453 715 illamque
476 654 629 718 legationem
652 654 798 717 deprecatus
824 663 869 705 est.
904 655 991 705 Paullo

217 727 277 781 post
294 719 377 768 Pausa
394 722 497 770 consule
515 722 548 770 ed
566 721 658 770 bellum
676 721 803 784 proiecto,
823 739 879 772 cum
899 724 931 772 de
949 723 991 772 lit-

217 786 279 835 t'eris
298 786 332 834 Μ.
349 789 451 838 Aemilii
467 790 557 853 Lepidi
581 789 614 838 ad
631 798 744 838 senatum
762 791 846 839 missis
865 800 988 855 ageretur,

218 852 390 916 quibuscum
414 859 446 907 ad
463 872 551 922 pacem
570 873 626 906 cum
645 859 755 906 Antonio
773 857 914 907 iaciendum
931 859 989 909 hor-

217 922 325 982 tabatur,
344 923 430 974 Cicero
448 927 590 988 Philippica
607 926 700 975 decom
713 927 789 975 tertia
807 927 897 974 iterum
916 927 989 975 istam

214 1003 305 1054 pecem
322 992 442 1042 dissuasit
460 994 604 1057 litterasque
620 995 651 1043 ab
668 996 778 1044 Antonio
794 994 828 1044 ad
842 994 950 1043 Hirtium
966 1004 989 1044 et
1043 1014 1054 1025 ·

215 1057 380 1109 Octavianum
394 1064 485 1111 missas
498 1064 620 1121 recitavit,
639 1064 674 1111 ita
687 1071 715 1111 ut
733 1062 846 1128 singulas
863 1064 917 1112 eius
933 1078 989 1111 sen·

91 1153 95 1161 ·
158 1148 162 1153 -
214 1128 308 1176 tentiae
322 1129 470 1182 confutaret.
489 1131 567 1181 XVll.
583 1129 637 1179 Kal.
654 1131 734 1180 Meias
748 1132 875 1180 Antonius
889 1131 987 1196 proelio
1075 1158 1078 1163 ·

214 1194 250 1244 ad
267 1195 389 1246 Mutinam
407 1209 546 1263 superatus·
559 1206 609 1259 est,
633 1199 658 1247 in
676 1215 726 1262 quc
744 1199 807 1248 alter
823 1215 876 1250 cos.
894 1200 987 1249 Hirtius

214 1264 314 1325 cecidit,
333 1267 395 1316 alter
408 1270 491 1318 Pausa
504 1268 649 1318 vulneratus
667 1275 704 1316 est
719 1276 744 1317 et
758 1270 846 1332 paucis
859 1277 918 1333 post
934 1269 987 1317 die·

214 1333 262 1381 bus
274 1332 402 1384 Bononiae
416 1344 537 1387 mortuus.
564 1337 642 1386 Laeto
657 1344 741 1385 antem
756 1339 847 1386 nuncio
863 1338 894 1386 de
908 1338 986 1386 victo-

213 1401 253 1449 ria
269 1401 405 1452 Mutinensi
422 1405 528 1454 Romam
548 1405 632 1465 allato,
651 1404 737 1455 Cicero
756 1406 787 1453 ab
807 1406 904 1469 ingenti
921 1405 985 1454 mul-

212 1469 320 1519 titudine
343 1474 454 1523 maximo
477 1474 569 1539 plausu
599 1475 625 1522 in
649 1472 799 1538 Capitolium
827 1475 930 1533 ductus,
959 1475 986 1522 iu

119 1564 122 1568 -
144 1535 154 1571 ·'
212 1537 311 1587 Rostris
330 1541 478 1601 collocatus,
498 1543 557 1592 inde
577 1543 676 1592 domum
696 1542 812 1591 reductus
833 1549 880 1594 est.
916 1542 983 1590 Prid.

212 1606 312 1656 vinetia
328 1608 360 1658 X.
379 1610 435 1659 Knl.
452 1610 531 1659 Maias
550 1609 635 1660 Cicero
653 1611 743 1660 habuit
759 1609 922 1672 Philippicom
942 1610 984 1658 de-

212 1675 297 1724 stinam
311 1678 446 1741 'qtrartatm
476 1695 525 1741 qua
547 1681 622 1728 trium
646 1679 737 1728 ducum
762 1678 851 1737 Hirtii,
877 1680 983 1737 Pansae,

212 1737 327 1793 Caesaris
342 1744 472 1812 Qctaviani
490 1747 591 1796 nomine
609 1747 791 1808 quinquaginta
810 1747 907 1794 dierum
925 1758 983 1807 sup-

211 1810 371 1874 plicationem
394 1815 591 1873 decernendam,
613 1814 800 1872 militibusque,
826 1813 868 1873 qui
893 1826 938 1875 pru
956 1825 983 1858 re

212 1879 280 1942 publ.
296 1882 447 1941 interierint,
460 1889 647 1930 monumentum
661 1880 804 1929 laciendum
820 1881 925 1929 censuit.
940 1879 980 1928 IV.

200 1947 266 2001 ittet.
284 1948 337 1999 Iun.
356 1951 389 2002 M.
405 1950 517 2014 Lepidus
536 1965 563 1998 se
581 1965 637 1998 cum
654 1948 764 1998 Antonio
784 1948 982 2013 post-proelium

211 2014 351 2067 Mutinense
373 2018 452 2082 Alpes
475 2027 632 2083 transgresso
654 2016 784 2067 coniunxit
801 2024 825 2065 et
842 2017 906 2080 prid.
926 2015 979 2067 Kal.

117 2486 121 2517 t

172 656 174 660 ,
207 640 211 661 l

212 2083 295 2142 Quint.
310 2084 392 2136 hostie
411 2087 534 2137 iudicatus
554 2096 600 2139 est.
625 2086 712 2137 Paullo
730 2093 788 2151 post
805 2083 897 2134 Caesar
910 2085 981 2134 Octa·

210 2152 299 2201 vienus
319 2169 422 2205 causam
444 2157 602 2220 optimatium
622 2154 733 2205 deseruit
750 2155 936 2216 Antoniumque
956 2161 980 2201 et

210 2219 333 2283 Lepidum
347 2225 373 2272 in
392 2225 490 2273 Italiam
506 2225 649 2283 arcessivit,
670 2232 766 2275 etcum
783 2221 812 2280 Q.
827 2222 905 2272 Pedio
922 2236 979 2269 con-

210 2287 249 2335 sul
272 2293 425 2341 creatus·X.
444 2293 498 2342 Hal.
519 2292 572 2342 (ici.
597 2291 753 2342 consulatum
774 2290 845 2339 adiit.
882 2288 980 2337 Deinde
1043 2288 1047 2295 “

209 2370 270 2419 pace
286 2357 352 2408 facta
367 2361 431 2409 inter
441 2361 572 2411 Caesarem
587 2360 752 2421 Octavianum
767 2365 791 2406 et
802 2358 939 2406 Antonium
956 2364 980 2405 et

209 2424 347 2489 Lepidum,
367 2429 436 2492 apud
454 2431 606 2479 confluentes
624 2430 690 2479 inter
706 2426 837 2478 Perusiam
856 2433 880 2474 et
898 2425 979 2474 Bono·

209 2494 276 2542 niam
295 2510 453 2560 congressos,
473 2498 595 2560 convenit,
610 2504 638 2545 ut
654 2497 704 2561 ipsi
722 2495 845 2545 triumviri
857 2494 894 2542 rei
906 2494 976 2558 publ.

209 2563 398 2613 constituendae
421 2580 468 2629 per
491 2565 689 2628 quinquennium
707 2568 805 2623 essent,
830 2571 853 2612 et
871 2569 899 2610 ut
919 2577 979 2612 suos

208 2632 314 2693 quisque
337 2633 453 2682 inimicos
476 2635 651 2697 proscriberet.
690 2634 778 2695 Itaque
801 2632 928 2679 Antonius
952 2631 978 2678 in

209 2695 361 2760 Ciceronem,
376 2701 420 2762 qui
435 2701 499 2752 Urbe
514 2702 601 2750 relicta
616 2704 733 2751 Asturam
748 2699 904 2764 confugerat,
919 2714 977 2763 per-

207 2781 322 2818 cussores
342 2769 447 2819 immisit
466 2771 618 2820 Herennium
641 2771 811 2819 centurionem
833 2777 858 2816 et
876 2768 909 2818 M.
929 2769 977 2816 Po-

205 2835 293 2950 qtilium
308 2837 454 2899 Laenatem,
473 2854 488 2888 a
504 2841 595 2902 quibus
609 2839 663 2890 VII.
680 2838 717 2887 ld.
733 2837 882 2886 Decembres
900 2836 976 2884 inter-

217 2913 288 2954 eotus
306 2914 353 2957 est.

271 3108 359 3175 „Nihil
385 3117 436 3157 tam
460 3110 593 3174 iudignum
615 3109 657 3159 illo
682 3118 794 3173 tempore
813 3107 875 3169 luit,
900 3117 974 3166 quam

203 3179 271 3240 quod
288 3186 331 3227 aut
351 3176 442 3227 Caesar
459 3178 568 3238 aliquem
584 3179 741 3242 proscribere
758 3183 860 3224 coactus
878 3180 916 3221 est
932 3179 976 3222 aut

203 3247 233 3296 ab
249 3245 301 3296 ullo
321 3245 407 3295 Cicero
424 3247 580 3309 proscriptus
598 3253 636 3294 est
652 3247 800 3306 abscisaque
817 3240 911 3291 scelere
923 3242 974 3291 An-

144 3338 149 3343 ·
201 3316 264 3364 touii
286 3330 338 3364 vox
360 3313 462 3378 publica
488 3322 543 3377 est,
569 3327 627 3362 cum
645 3315 699 3362 eius
716 3311 822 3360 salutem
840 3325 912 3360 nemo
931 3312 974 3361 de-

202 3382 338 3448 fendisset,
362 3383 406 3444 qui
429 3396 476 3446 per
492 3389 529 3430 tot
544 3396 624 3431 annos
642 3389 665 3430 et
682 3380 809 3445 publicam
827 3379 933 3449 civitatis
950 3386 974 3427 et

202 3451 327 3517 primm
344 3451 438 3503 civium
456 3450 613 3501 defenderat.
649 3449 717 3500 Nihil
734 3457 818 3502 tamen
835 3450 919 3516 egisti,
937 3448 971 3497 M.

678 3596 686 3621 b
