2356 3854
14 224 17 229 ⁴
88 214 133 280 ee
233 184 237 191 ’
330 213 369 272 ιιι
382 211 414 272 o.
430 211 596 272 vannum
610 211 693 272 nor.
709 213 746 270 ιι.
757 166 829 272 nm.
842 167 894 271 iv.

87 367 119 427 id
134 364 160 424 si
174 362 402 436 impetrassent,
419 368 481 423 tum
495 371 528 422 ut
542 377 656 422 morem
672 371 805 422 veterem
818 363 1024 424 Hennensium
1038 379 1092 425 oon·

88 453 259 516 servarent,
276 445 395 519 publice
407 444 436 502 in
452 461 535 517 eum,
552 444 670 505 tametsi
685 453 829 505 vexasset
845 444 992 519 Siciliam,
1005 455 1092 519 tamen,

87 529 232 604 quoniam
247 528 323 587 baec
339 526 532 589 amarioribus
543 529 679 589 instituta
694 529 898 602 accepissent,
912 528 1092 590 testimonim

86 612 226 686 nequod
247 610 396 671 dicerent:
418 611 464 670 sin
486 619 587 673 autem
608 627 646 671 ea
666 628 727 671 non
742 609 942 683 reddidisset,
962 621 1025 673 tum
1037 613 1092 674 utin

85 694 199 755 iudicio
210 695 362 765 adessent,
379 702 440 754 turn
451 702 485 755 ιιι
499 695 574 755 de
547 711 614 755 erus
628 694 743 754 iniuriis
758 694 875 754 iudices
888 695 1039 767 docerent,
1054 695 1094 756 scd

85 776 218 838 maxime
232 779 272 838 de
285 776 432 861 religione
449 786 655 853 quererentur.
678 777 759 851 Quas
776 777 895 838 illorum
911 778 1093 851 querimonias

86 863 194 934 nolite,
217 877 273 936 per
289 862 364 920 deos
390 851 597 935 immortales,
611 859 785 956 aspernari,
807 859 900 935 polite
921 869 1094 922 contemnere

85 960 125 1006 ac
150 944 319 1022 negligere,
339 943 467 1004 iudices
499 948 639 1019 Aguntur
666 943 792 1004 iniuriae
815 943 987 1004 sociorum·
1001 924 1119 1021 agitur*

88 1027 137 1090 vis
158 1032 274 1124 legum.
296 1025 394 1100 agitur
414 1027 595 1088 existimatio
612 1027 788 1123 veritasque
808 1026 999 1089 iudiciorum.
1029 1029 1119 1102 Quae

85 1121 159 1174 sunt
173 1110 272 1173 omnia
285 1126 460 1184 permagna,
476 1127 580 1171 verum
594 1111 668 1171 illud
682 1112 858 1170 maximum:
872 1118 955 1171 tanta
968 1110 1093 1186 religione

86 1195 233 1255 obstricta
248 1201 310 1253 tota
324 1193 483 1268 provincia
498 1203 560 1268 est,
574 1202 657 1255 tanta
674 1193 850 1268 superstitio
865 1209 906 1252 ex
924 1192 1014 1256 istius
1034 1195 1093 1254 lacto

84 1285 202 1337 mentes
216 1274 347 1337 omnium
362 1276 533 1337 Siculorum
548 1279 725 1352 occupavit,
742 1285 789 1351 ut,
805 1292 1019 1352 quaecumque
1034 1275 1095 1337 acci·

84 1359 160 1419 dant
177 1360 297 1433 publice
312 1359 513 1435 privatimque
534 1359 742 1433 incommoda,
766 1369 892 1437 propter
906 1375 977 1423 eom
989 1369 1094 1421 causan

85 1443 213 1503 sceleris
234 1442 322 1503 istius
344 1443 467 1503 evenire
489 1442 658 1504 videantur.
690 1441 760 1505 114.
789 1442 928 1504 Audistis
947 1441 1094 1518 Centauri

84 1541 159 1597 nos,
174 1526 393 1602 Agyrinenses,
409 1526 602 1599 catinenses,
618 1530 805 1600 Aetnenses,
818 1527 1018 1588 Herbitenses
1031 1542 1095 1589 cou-

85 1608 253 1685 pluresque
267 1608 345 1669 alios
356 1611 478 1684 publice
493 1609 610 1683 dicere,
628 1627 707 1685 quae
722 1610 853 1672 solitudo
868 1611 899 1670 in
924 1611 1007 1686 agris
1021 1616 1095 1706 esset,

83 1707 166 1767 quae
180 1693 320 1765 vastitas,
339 1709 419 1768 quae
436 1693 508 1789 luga
521 1702 688 1765 aratorum,
705 1710 796 1767 quam
812 1695 942 1766 deserta,
965 1710 1054 1768 quarn
1064 1693 1096 1752 in

82 1774 179 1846 culta,
198 1793 288 1851 quam
302 1777 407 1838 relicta
423 1776 534 1838 omnia.
555 1775 600 1836 Ea
615 1778 732 1838 tametsi
750 1775 850 1836 multis
872 1776 962 1837 istius
975 1774 1098 1838 etvariis

83 1856 201 1920 iniuriis
214 1847 398 1933 acciderunt,
414 1869 515 1923 mmen
526 1859 602 1921 haec
615 1876 675 1921 una
689 1875 783 1920 causa
796 1859 826 1919 in
842 1876 989 1934 opinione
996 1861 1098 1922 Srculo

84 1959 153 2004 rum
166 1944 327 2016 plurimum
341 1945 439 2040 valet,
454 1944 538 2018 quod
552 1943 661 2004 Cerere
677 1943 788 2003 violata
806 1959 912 2004 omnes
927 1939 1031 2005 cultus
1051 1943 1100 2002 tru-

83 2033 212 2099 ctusque
227 2026 377 2086 Cereris
369 2044 400 2086 m
419 2026 458 2087 iis
475 2025 551 2086 loeis
566 2026 706 2088 interisse
726 2025 917 2087 arbitrantur.
949 2021 1100 2088 medemini

79 2108 222 2185 religioni
243 2108 413 2182 sociorum,
439 2108 573 2169 iudiccs=
605 2117 786 2171 conservate
816 2118 959 2170 vestram.
1007 2112 1100 2185 Neque

82 2191 163 2253 enim
179 2192 256 2252 haec
280 2201 404 2252 externa
429 2190 517 2252 vobis
533 2201 580 2253 est
603 2193 709 2268 religio
734 2206 835 2268 neque
856 2193 965 2252 aliena.
997 2189 1101 2268 Quodsi

9 2308 15 2321 =
83 2284 182 2348 esset,
202 2275 228 2336 si
250 2274 408 2348 suscipere
429 2291 495 2335 eam
508 2277 652 2350 nolletis,
677 2283 776 2337 tamen
794 2276 824 2338 in
841 2293 878 2336 eo
897 2276 950 2350 qui
964 2275 1101 2338 violasset

82 2361 202 2420 sancire
223 2374 278 2420 vos
299 2358 378 2418 velle
400 2367 561 2432 oporteret.
593 2358 663 2421 115.
696 2361 782 2421 Nune
807 2362 933 2420 veroin
961 2357 1101 2421 communi

82 2441 217 2502 omnium
243 2440 376 2516 gentium
397 2441 544 2516 religione
564 2443 656 2518 inque
677 2441 715 2502 iis
741 2442 851 2515 sacris,
874 2459 954 2518 quae
979 2443 1100 2504 maiores

82 2525 178 2586 nostri
193 2524 232 2584 ab
246 2524 359 2585 exteris
378 2524 550 2587 nationibus
566 2528 661 2587 ascita
674 2535 766 2608 atque
780 2526 928 2587 arcessita
943 2528 1099 2593 coluerunt,

82 2623 163 2683 quae
178 2622 280 2681 sacra,
295 2616 327 2669 ut
342 2617 428 2670 erant
441 2625 474 2669 re
490 2626 576 2684 vera,
589 2609 634 2670 sie
649 2609 795 2683 appellari
811 2610 927 2669 Graeca
942 2612 1100 2679 voluerunt,

81 2690 271 2766 negligentes
286 2707 322 2751 ac
338 2691 477 2755 dissoluti
494 2693 521 2754 si
536 2693 693 2768 cupiamus
710 2708 781 2754 esse
797 2691 851 2767 qui
873 2699 1060 2767 possumus?

163 2775 224 2834 Lll.
256 2775 353 2836 Unius
370 2776 458 2837 etiam
473 2775 555 2838 urbis
571 2776 704 2836 omnium
720 2775 941 2852 pulcherrimae
955 2784 1047 2852 atquc
1059 2787 1099 2833 or·

82 2858 274 2930 notissimae,
293 2859 530 2937 Syracusarum,
552 2858 753 2934 direptionem
768 2861 1014 2920 commemorabo
1036 2853 1099 2918 etin

80 2943 213 3004 medium
227 2944 394 3016 proferam,
411 2942 538 3015 indicos,
552 2951 585 3002 ut
599 2942 763 3017 aliquando
780 2951 872 3003 totam
883 2942 973 3003 huius
990 2938 1098 3018 generis

81 3026 250 3088 orationem
273 3027 453 3088 concludam
468 3035 560 3101 atque
578 3025 729 3087 deliniam.
772 3026 867 3089 Nemo
888 3026 953 3086 lere
976 3033 1099 3086 vestran

80 3109 219 3183 estquin
237 3110 515 3185 quemadmodum
530 3117 637 3184 captae
653 3109 712 3170 sint
728 3127 746 3170 a
761 3109 801 3168 Μ.
815 3109 959 3169 Marcello
978 3109 1097 3184 Syracu·

82 3205 136 3248 sae
152 3207 247 3267 saepe
260 3192 402 3266 audierit,
418 3209 478 3254 non
491 3210 655 3269 numquam
667 3193 757 3254 etiam
772 3192 801 3252 in
819 3191 982 3253 annalibus
997 3185 1097 3266 legerit·

81 3271 223 3334 Conferte
237 3275 316 3336 hano
331 3293 437 3351 pacem
452 3294 521 3340 cum
533 3279 585 3338 illo
600 3277 707 3349 bello:
721 3276 811 3337 huius
831 3276 982 3350 praetoris
998 3276 1096 3335 adven·

81 3362 146 3414 tum
174 3372 243 3417 cum
266 3358 345 3421 illius
371 3359 728 3435 imperatorisnictoria,
760 3358 851 3421 buius
877 3359 1031 3422 cohortem
1053 3354 1097 3414 im·

82 3453 192 3514 puram
220 3456 288 3500 cum
318 3441 399 3503 illius
426 3444 563 3505 exercitu
592 3441 845 3510 innominatus
872 3442 1015 3504 libidines
1039 3449 1095 3499 cum

1021 3698 1030 3727 x
1057 3687 1061 3693 .
