2356 3854
299 165 532 273 cauea-at.
555 173 725 243 §.te-at
753 213 764 235 .·
966 171 1029 238 ³27

103 312 163 372 sed
188 313 277 372 ctiam
292 313 523 375 benevolentiae
545 316 931 394 significationcadtigari:
954 310 1028 384 nihil

97 404 158 454 taur
174 394 384 469 inhumanum,
405 405 464 456 tam
476 396 622 472 imm'auc,
645 408 704 461 tam
726 402 821 461 lerum
838 421 928 477 quam
946 421 1028 465 com-

70 493 109 537 ·e
127 487 160 538 ut
172 477 321 538 beneticio
338 495 397 539 non
410 480 509 540 dicam
524 481 683 555 indiguus,
703 484 761 551 scd
782 487 879 546 victus
897 502 968 548 esse
983 489 1026 546 vi-

71 604 90 617 .
139 558 289 633 820uae
305 579 397 635 quum
412 563 453 622 ita
469 562 538 635 sint,
553 562 612 623 iam
626 566 832 640 succumbam,
843 569 1025 642 Laterensis,

76 643 259 714 morimini,
282 660 392 720 meque
408 645 438 706 in
454 661 491 706 eo
508 647 594 720 ipso,
616 645 646 705 iu
669 664 729 722 quo
753 649 825 708 nihil
840 659 940 724 potest
955 670 1026 714 esse

72 743 134 798 an,
151 726 294 801 quonium
310 729 350 787 ita
368 737 400 788 tu
414 729 476 801 vis,
490 728 613 789 nimium
625 739 743 804 gratum
754 748 829 793 ,esse
844 736 1025 794 concedam:

70 826 158 883 nque
174 827 193 870 a
207 809 310 882 vohis,
331 810 464 883 iudices,
480 820 512 872 ut
525 828 593 872 eum
608 812 757 872 beneficio
774 816 1024 890 complectamini,

100 893 152 966 qui
170 893 423 968 reprehenditur
436 911 472 955 eo
485 895 690 969 reprehendit,
708 897 792 970 quod
808 905 923 970 gratum
939 915 1026 972 prae·

70 977 178 1035 odom
201 975 283 1036 dicat
305 993 385 1059 esse
428 978 534 1053 Neque
557 979 647 1038 enim
658 979 733 1039 iliud
753 979 793 1038 ad
814 979 1026 1052 negligendam

70 1075 86 1114 ι
108 1059 232 1131 gratiam
248 1046 339 1118 debet
354 1061 463 1129 valere,
481 1061 563 1134 quod
579 1061 653 1121 dixit
669 1062 759 1132 idem,
775 1079 831 1122 vos
844 1077 901 1123 nec
913 1077 1026 1121 nocen-

70 1155 114 1200 ec
129 1141 278 1216 litigiosus
294 1158 374 1213 esse,
391 1160 451 1236 quo
469 1144 568 1203 minus
584 1161 632 1203 me
646 1145 729 1218 apud
746 1160 802 1204 vos
819 1147 920 1204 valere
927 1161 1027 1240 'opor-

70 1243 82 1276 =
106 1224 278 1299 quasivero
291 1224 321 1282 in
336 1224 466 1286 amicitia
483 1242 550 1286 mea
568 1243 626 1286 non
640 1228 716 1287 haec
731 1228 893 1303 praesidia,
908 1227 1027 1302 siquae

93 1307 202 1369 suntin
221 1325 284 1378 me,
307 1315 411 1381 parata
426 1325 548 1382 semper
561 1309 666 1370 amicis
681 1327 752 1371 esse
767 1309 922 1371 maluerim
935 1327 1027 1386 quam

70 1392 179 1450 sooria.
221 1391 338 1450 Etenim
353 1407 410 1465 ego
428 1392 466 1450 de
480 1409 528 1452 me
542 1400 655 1454 tantum
672 1395 771 1455 audeo
786 1394 903 1467 dicere,
919 1393 1027 1458 amici·

72 1487 177 1532 aucam
194 1475 341 1547 voluptati
356 1475 492 1547 pluribus
510 1484 600 1550 quam
617 1477 771 1551 praesidio
788 1479 901 1538 luisse:
915 1492 1026 1551 meque

70 1566 190 1616 rarenter
205 1557 284 1616 vitae
302 1573 388 1616 meae
403 1560 579 1632 poeniteret,
597 1558 624 1617 si
638 1559 668 1619 in
684 1576 751 1619 mea
766 1559 965 1620 familiaritate
980 1562 1025 1620 lo·

70 1648 151 1699 esset
167 1639 279 1699 nemini
297 1639 359 1713 nisi¹
373 1640 505 1713 litigioso
521 1649 572 1701 aut
586 1644 715 1702 nocenti.

70 1717 189 1782 utttv.
204 1722 255 1785 83.
271 1722 332 1782 Sed
349 1723 424 1781 haec
440 1724 543 1794 nescio
559 1739 620 1798 quo
642 1724 733 1783 modo
749 1725 923 1795 frequenter
937 1722 967 1780 in
978 1738 1027 1782 me

70 1806 194 1878 :essisti,
215 1821 352 1879 saneque
367 1806 396 1863 in
413 1822 450 1865 eo
469 1807 576 1866 creber
590 1805 688 1877 luisti,
709 1814 739 1865 te
761 1804 875 1863 idcirco
889 1803 920 1862 in
934 1804 1027 1863 ludos
1084 1830 1087 1839 ·

71 1902 118 1948 am
134 1889 287 1949 coniicere
304 1887 450 1962 notuisse,
466 1904 504 1947 ne
519 1904 575 1962 ego
592 1903 659 1946 mea
676 1884 897 1947 consuetudine
911 1884 1028 1959 aliquid

70 1972 140 2031 msis
155 1970 382 2032 misericordiae
395 1987 487 2031 causa
499 1970 638 2041 dicerem,
657 1970 740 2044 quod
754 1970 784 2028 in
798 1967 865 2029 aliis
876 1967 1026 2029 aedilibus

82 2054 231 2115 iecissem.
274 2055 339 2113 Non
356 2053 427 2113 nihil
444 2053 532 2129 egisti
549 2054 607 2115 hoc
622 2054 706 2114 loco:
722 2069 789 2112 nam
805 2051 877 2118 mihi
891 2050 1027 2127 eripuisti

70 2146 207 2198 mentum
223 2136 368 2197 orationis
381 2152 481 2196 meae:
501 2137 670 2209 deridebor,
687 2136 713 2195 si
728 2135 910 2195 mentionem
925 2144 1027 2195 tensa·

79 2223 189 2293 fecero,
207 2238 298 2294 quum
323 2229 353 2281 tu
364 2220 395 2280 id
408 2220 616 2295 praedixerist
642 2220 708 2282 siue
726 2218 822 2279 tensis
839 2229 939 2301 autem
952 2215 1026 2292 quid
1090 2254 1094 2258 -

71 2321 104 2363 ro
121 2305 243 2365 diceret
261 2305 316 2363 llic
340 2305 428 2364 etiam
450 2303 596 2363 addidisti
611 2319 659 2362 me
676 2297 790 2363 idcirco
806 2317 874 2360 mea
891 2301 958 2374 iege
974 2314 1027 2358 ex·

87 2389 232 2449 ambitum
257 2387 416 2461 sanxisse,
436 2396 468 2448 ut
490 2387 726 2451 miserabiliores
748 2385 887 2460 epilogos
902 2397 1028 2457 possem
1109 2436 1115 2443 .

70 2488 109 2533 re.
132 2473 198 2532 Non
213 2471 300 2541 vohis
321 2471 440 2531 videtur
454 2487 521 2530 cum
534 2469 637 2544 aliquo
656 2469 868 2540 declamatore,
883 2478 944 2525 non
959 2481 1029 2525 cum
1076 2469 1086 2536 J

70 2554 109 2613 ris
135 2563 165 2614 et
188 2553 244 2614 lori
259 2554 408 2626 discipulo
425 2553 601 2628 disputaret
627 2550 676 2613 et.
691 2551 791 2612 Rhodi
809 2549 902 2622 enim,
921 2547 1028 2624 inquit,

72 2654 134 2696 non
150 2637 206 2697 sui:
227 2653 275 2696 me
292 2635 354 2694 vult
371 2635 482 2695 luisse:
505 2637 561 2696 sed
575 2634 632 2708 lui,
648 2635 760 2710 inquit,
779 2669 820 2679 -
841 2634 983 2708 putabam
997 2633 1029 2699 iu

70 2719 146 2780 meis
162 2720 310 2779 dicturum
326 2750 369 2762 -
383 2717 431 2777 bis
445 2719 475 2776 ln
486 2718 636 2795 Bithynia.
669 2719 703 2778 Si
716 2721 805 2778 locus
821 2717 912 2777 habet
925 2729 1029 2789 repre·
1074 2716 1085 2739 ·“

70 2802 155 2862 tionis
176 2820 281 2862 ansam
302 2802 450 2875 aliquam,
479 2801 584 2860 nescio
606 2817 659 2860 cur
681 2802 867 2861 severiorem
886 2799 1029 2858 Nicaeam

70 2903 192 2963 squam
207 2885 362 2944 Rhodum·
377 2900 411 2942 st
426 2878 593 2956 speranda
605 2899 699 2943 causa
714 2893 777 2954 est
793 2891 824 2942 θι
837 2890 870 2941 ιιι
884 2897 914 2938 tn
925 2877 1028 2953 Bithy

70 2985 186 3028 summa
210 2984 279 3028 cum
301 2965 445 3040 dignitate
465 2965 547 3027 suisti
567 2972 598 3025 et
622 2981 680 3038 ego
699 2965 800 3025 Rhodi
820 2979 881 3023 non
902 2960 1029 3020 minore.

70 3052 197 3126 quod
190 3069 219 3110 ιιι
234 3067 271 3110 θο
288 3067 336 3110 me
351 3047 590 3123 reprehendisti,
612 3049 697 3122 quod
712 3046 835 3105 nimium
850 3045 961 3103 multos
977 3042 1029 3101 de·

70 3151 166 3204 erem,
184 3135 297 3194 utinam
312 3141 341 3194 et
355 3141 400 3203 tu,
417 3131 468 3204 qui
483 3138 588 3205 putes,
601 3137 631 3189 et
645 3128 776 3202 caeteri,
797 3145 850 3202 qur
841 3126 918 3185 'lde
916 3124 1029 3200 ugiunt,

70 3226 112 3277 nt
133 3233 180 3276 me
201 3219 306 3278 labore
325 3215 389 3274 hoc
403 3215 520 3273 levaret
543 3212 605 3272 Sed
624 3213 771 3272 htvestra
784 3207 954 3283 diligentia,
977 3207 1031 3283 qui

72 3301 100 3360 is
117 3299 321 3374 ponderandis
338 3313 443 3358 omnes
459 3296 521 3356 lere
535 3293 718 3370 repudiatis,
737 3301 770 3354 ut
783 3293 825 3353 ad
839 3309 897 3353 nos
914 3293 1030 3367 plerae-

73 3382 245 3457 confluant,
268 3382 321 3458 qui
336 3379 455 3441 miserie
470 3388 500 3440 et
513 3377 721 3439 laborantibus
741 3391 855 3452 negare
868 3375 941 3436 nihil
956 3390 1030 3451 pos·
