2356 3854
322 147 552 217 canes-ae.
573 156 743 218 §.eos-ro.
907 250 913 265 ,
987 158 1053 227 lae
1086 164 1089 178 ·

78 297 162 355 locus
183 301 214 356 et
227 292 261 355 in
281 294 362 357 eirca
384 306 414 359 et
427 298 464 359 -in
485 302 551 361 loro
568 301 692 364 daretur
704 303 810 365 amicis
827 313 856 368 et
869 304 1048 372 tribulibust

64 394 106 438 ree
119 376 259 447 homines
274 380 429 441 tenuiores
447 425 576 442 .......
595 385 678 458 quia
693 386 757 447 suis
771 386 929 453 tribulibus
946 399 1047 453 vetere

64 460 156 522 stituto
170 461 487 536 adsequebantur***
561 515 564 520 .
781 486 785 504 ·

194 584 198 591 ·
405 549 494 609 Deest
508 566 566 609 nnn
580 552 663 610 nibil

64 626 139 687 lxv
161 624 212 691 78.
236 625 424 693 Praefectum
443 633 559 691 fabrum
577 633 672 692 semel
690 634 791 694 locum
805 634 964 699 tribulibus
983 640 1046 702 suis

64 708 162 770 uisse·
187 708 261 784 quid
277 714 430 772 statuent
422 730 452 772 ιιι
466 713 550 774 viros
565 715 741 790 primarios,
758 717 810 791 qui
824 717 855 778 in
869 719 951 781 circo
967 730 1045 784 totas

64 785 164 852 beruas
184 792 337 854 tribulium
358 809 451 856 eausa
473 805 706 873 compararunt?
731 799 815 859 Ηοοο
833 802 932 862 omnia
949 814 1046 867 secta·

64 878 417 974 munspeclaculornm,
438 880 634 954 prandiorum
654 880 735 941 item
743 881 867 942 crimina
885 887 1046 948 amultltu-

65 975 97 1018 ne
114 958 144 1018 in
164 968 247 1020 tuam
267 959 388 1020 nimiam
405 961 607 1037 diligentiam,
624 963 726 1036 Servi,
748 966 885 1027 coniecta
906 964 1046 1028 sunnin

64 1040 135 1103 ltus
159 1050 260 1103 ιοιιιοιι
285 1043 412 1104 Murena
439 1045 478 1104 ab
509 1053 633 1107 senatus
661 1047 838 1109 auctoritate
867 1050 1046 1111 detenditur.

64 1123 212 1185 uidenirnt
233 1125 362 1187 Senatus
374 1129 578 1188 numobviam
588 1129 711 1204 prodire
723 1129 836 1190 crimen
847 1139 950 1206 putata
970 1133 1045 1208 Non,

64 1207 240 1269 duacena·
259 1209 415 1270 convince
443 1211 519 1271 Num
535 1213 645 1273 sectari
658 1213 732 1273 mult
720 1220 790 1273 tos?
808 1213 885 1287 Non,
902 1217 958 1275 sed
976 1232 1045 1275 corr·

64 1304 144 1382 ternae
160 1293 249 1353 doce.
269 1292 346 1352 Num
358 1295 458 1353 locum
469 1296 509 1354 ad
521 1297 720 1369 spectandum
732 1297 825 1356 darot
840 1305 892 1358 aut
904 1299 944 1358 ad
955 1315 1045 1373 pran-

64 1370 264 1436 nmintitarel
283 1374 414 1449 Minime,
432 1379 488 1437 sed
502 1394 607 1452 vuaso,
623 1378 748 1454 passim
777 1379 854 1452 Quid
870 1389 917 1441 ost
930 1389 1047 1442 vuteot

64 1457 198 1519 riversos.
225 1449 314 1517 an
306 1458 410 1534 igitur,
428 1460 500 1520 siL.
515 1462 616 1534 Νοιιο,
634 1478 752 1523 summo
767 1464 836 1524 loco
853 1464 1044 1537 adolescens,

64 1538 124 1603 liet
143 1558 205 1616 quo
221 1539 321 1601 animo
342 1540 401 1602 iarn
417 1543 466 1606 sit
477 1552 507 1604 et
527 1545 625 1619 qualis
639 1544 688 1604 vir
709 1547 826 1606 iuturus
844 1546 884 1606 sit
896 1546 1044 1621 videmus,

71 1623 205 1699 equitum
220 1623 363 1686 centuriis
379 1625 475 1686 voluit
488 1643 559 1687 esse
574 1636 604 1687 et
623 1628 662 1686 ad
681 1628 741 1688 hoe
758 1627 891 1689 officium
911 1629 1045 1690 necessi-

64 1704 132 1769 lats
148 1715 179 1769 et
194 1707 233 1768 ad
247 1706 397 1783 reliquum
411 1716 531 1783 tempus
546 1706 714 1783 gratiosus,
735 1711 767 1768 ld
787 1710 843 1769 erit
859 1709 925 1770 eius
940 1711 1045 1780 vitrico
1069 1766 1071 1771 ,

64 1788 118 1863 udi
132 1798 186 1867 aut
200 1789 325 1864 crimini,
341 1807 408 1863 nec,
426 1790 453 1849 si
464 1790 549 1866 virgo
565 1791 708 1864 Vestalis,
723 1791 813 1851 huius
827 1791 1000 1866 propinqua
1017 1800 1047 1852 et

64 1873 209 1947 tessaria,
226 1874 326 1934 locum
343 1890 431 1935 suum
446 1874 655 1948 gladiatorium
670 1873 825 1934 concessit
838 1873 924 1948 huic,
941 1891 1002 1933 non
1017 1881 1047 1937 et

64 1979 70 2017 t
90 1955 144 2032 pie
160 1955 233 2019 iecit
248 1965 282 2018 et
301 1956 351 2016 hic
371 1958 496 2030 aculpa
516 1963 564 2016 est
582 1965 728 2034 remotus
759 1955 865 2017 Omnia
883 1957 960 2017 haec
977 1964 1047 2017 sunt

64 2039 123 2101 leia
141 2039 400 2112 necessariorum,
431 2041 591 2101 commoda
611 2040 795 2141 tenuiorum,
821 2039 922 2100 munia
944 2040 1047 2101 candi»
1089 2036 1092 2041 “

64 2131 171 2197 lerum

67 2186 153 2271 ’.74
174 2207 215 2268 Αι
234 2204 316 2268 enim
330 2206 392 2282 agit
404 2223 534 2266 mecum
538 2216 659 2268 austere
675 2215 706 2267 et
722 2206 823 2268 Stoice
840 2207 922 2266 Cato.
952 2207 1048 2280 Negat

64 2304 125 2351 tuln
141 2305 215 2369 esse
235 2288 326 2351 adlici
346 2289 589 2351 benevolentiam
609 2290 692 2351 cibo·
718 2299 808 2365 negat
828 2289 970 2350 iudicium
992 2288 1048 2348 ho
1052 2343 1054 2351 .

64 2388 131 2435 turn
146 2371 188 2433 ‘in
213 2373 437 2449 magistralibus
462 2373 643 2433 mandandis
667 2372 819 2448 corrumpi
842 2369 1047 2445 voluptatibus

64 2464 172 2519 oriere.
205 2456 286 2531 Ergo
307 2457 348 2517 ad
367 2473 495 2518 coenam
514 2456 669 2531 petitionis
690 2473 799 2527 cansa,
822 2454 848 2515 si
865 2454 934 2529 quis
949 2462 1053 2527 vocat,

64 2541 247 2601 idemnetur.
285 2538 419 2615 Quippe,
444 2539 556 2615 inquit,
575 2548 608 2600 tu
624 2538 696 2599 mihi
711 2553 859 2599 summum
880 2537 1048 2612 imperium,

64 2639 168 2683 nmam
183 2623 399 2695 auctoritatem,
415 2632 447 2684 ιιι
465 2623 669 2697 gubernacula
683 2621 728 2682 rei
742 2623 883 2698 publicae
899 2630 986 2695 petas
1004 2623 1048 2681 lo·-

64 2704 128 2767 ndis
143 2705 299 2766 hominum
311 2708 454 2768 sensibus
467 2715 496 2767 et
507 2704 688 2766 deliniendis
700 2705 809 2766 animis
824 2713 854 2765 et
868 2702 1048 2764 adhibendis
1103 2736 1108 2745 =

64 2788 248 2866 luptatitust
275 2792 380 2850 Utrum
400 2789 598 2861 lenocinium,
619 2784 731 2863 irlqult,
753 2806 771 2849 a
792 2803 884 2863 grege
901 2786 1049 2846 delicatae

64 2872 184 2935 tentatis
199 2890 238 2933 an
251 2874 335 2937 orbis
350 2881 495 2934 terrarum
513 2871 670 2954 imperium
685 2888 703 2930 a
718 2872 834 2946 populo
846 2872 984 2929 Romano
996 2882 1060 2946 po,
1125 2938 1127 2943 Ι

64 2964 127 3016 »ast
147 2955 307 3017 Horribilis
323 2957 434 3016 oratlo=
446 2955 512 3015 sed
529 2972 594 3014 eam
608 2971 700 3027 usus,
715 2953 792 3025 vita,
809 2967 926 3022 mores,
941 2947 1049 3008 civitas
1100 2968 1106 2988 ι

64 3055 88 3099 ιο
107 3039 236 3115 respuit.
277 3040 384 3113 Neque
404 3046 503 3099 tamen
527 3036 775 3108 Lacedaemonii,
797 3042 938 3094 auctores
961 3030 1049 3091 istius

64 3139 100 3183 ae
123 3131 217 3199 atque
242 3120 403 3194 orationis,
430 3120 483 3195 qui
507 3119 667 3183 cotidianis
692 3119 805 3194 epulis
815 3117 846 3176 in
869 3115 1050 3175 robore-ac·

64 3207 173 3280 mbunt,
191 3222 292 3282 neque
305 3220 379 3269 tero
393 3205 505 3275 cretes,
524 3218 753 3278 quorumnemo
765 3199 1049 3277 gustavitumquam

64 3291 146 3362 bans,
162 3290 271 3352 melius
287 3306 378 3366 quam
391 3286 520 3349 Romani
534 3284 682 3356 homines,
699 3283 752 3359 qui
764 3291 902 3357 tempora
912 3284 1049 3358 volupia

82 3374 259 3448 laborisque
288 3371 562 3449 depertinentes
588 3365 726 3448 publicas
751 3365 1049 3535 οιιοῗδιοιίιιιιοιιιιιιι

68 3465 123 3509 erc
142 3467 232 3511 naar.
