2356 3854
52 117 55 128 Ι
93 173 157 239 428
246 171 335 231 runt.
349 169 547 229 ausonium
563 123 703 227 onorio
717 136 933 228 nurnrnrrcn
946 170 984 229 11.

221 285 223 289 ⁸
1021 292 1026 314 l

26 317 31 332 “
96 323 243 395 fatebare,
274 335 374 394 poena
405 319 557 379 adfectum
582 319 760 393 querebare.
801 318 862 391 Ita,
891 319 978 394 quod
1005 320 1117 395 proprie

95 422 193 468 meum
210 411 271 476 est,
291 401 436 462 laudasti:
458 402 542 475 quod
561 409 655 461 totum
669 408 717 461 est
730 408 871 472 senatus,
892 401 1119 478 reprehendisti.

95 491 170 549 Nam
184 484 417 560 comprehensio
433 483 565 545 sontium
579 500 661 557 mea,
676 484 903 545 animadversio
918 494 1048 560 senatus
1063 487 1120 549 fuit

95 572 193 630 Homo
208 569 339 630 disertus
354 583 415 627 nou
431 566 566 642 intelligit
576 583 661 640 eum,
676 583 767 642 quem
784 575 892 627 contra
907 567 998 642 dicit,
1013 569 1121 630 laudari

96 671 115 714 a
133 669 182 712 ser
198 667 269 725 eos,
287 651 369 726 apud
385 667 463 724 quos
479 649 564 723 dicit,
583 649 755 724 vituperari.
799 649 849 712 ltt.
866 651 932 711 lam
949 651 1028 712 illud
1042 652 1120 713 cuius

96 743 157 809 est,
179 751 239 796 uon
262 733 330 794 dico
351 734 497 793 audaciae
510 766 553 777 —
568 735 651 807 cupit
671 733 748 791 enim
763 748 798 792 se
811 734 966 795 audacem
984 769 1040 808 -,
1062 735 1119 807 sed,

96 818 180 893 quod
194 817 314 876 minime
336 818 412 889 vult,
434 814 590 886 stultitiae,
616 833 677 890 qua
698 815 790 874 vincit
807 831 930 889 omnes,
957 818 1030 878 clivi
1045 818 1118 892 capi·

94 900 180 962 tolioi
195 899 376 960 mentionem
390 899 506 972 facere,
523 915 615 973 quum
629 899 705 958 inter
720 898 864 958 subsellia
880 909 993 960 nostra
1008 917 1118 960 versen-

95 994 143 1046 tur
156 985 282 1043 armatii
297 999 388 1056 quum
404 981 434 1041 in
448 984 505 1041 bac
521 983 597 1041 cella
608 980 811 1054 Concordiae,
828 982 858 1041 di
874 981 1080 1044 immortales!
1093 983 1116 1042 in

96 1084 157 1142 qua
170 1083 218 1127 me
234 1068 360 1126 consule
384 1066 532 1126 salutares
544 1065 719 1125 ,sententiae
733 1063 832 1124 dictae
846 1074 932 1137 sunt,
957 1068 1069 1142 quibus
1086 1067 1114 1126 ad

95 1151 173 1210 banc
194 1149 273 1209 diem
297 1148 441 1220 viximus,
469 1164 538 1208 cum
561 1147 669 1222 gladiis
695 1146 834 1207 homines
861 1151 1010 1211 collocati
1031 1156 1113 1211 steutl

94 1238 218 1293 Accusa
231 1240 384 1293 senatum:
406 1247 518 1291 accusa
538 1237 710 1305 equestrem
727 1230 879 1303 ordinem,
906 1233 963 1307 qui
983 1243 1046 1294 tum
1060 1249 1114 1292 cun

96 1324 203 1375 senatu
220 1317 380 1389 copulatus
398 1315 466 1374 luit=
490 1329 603 1375 accusa
622 1321 727 1374 omues
745 1313 883 1387 ordines,
905 1331 1019 1377 omnes
1036 1317 1114 1387 cives

96 1399 167 1458 dum
184 1397 347 1457 confiteare
364 1398 444 1457 hunc
459 1396 595 1457 ordinem
609 1397 668 1456 boc
689 1397 759 1472 ipso
779 1401 918 1472 tempore
938 1401 980 1459 ab
1003 1399 1114 1461 Ituraeis

96 1479 319 1539 circumsederi.
348 1480 433 1562 Haec
451 1488 484 1539 tu
505 1496 565 1539 non
582 1488 707 1555 propter
725 1479 885 1540 audaciam
899 1480 982 1543 dicis
998 1491 1056 1544 tam
1071 1483 1113 1542 im-

96 1562 260 1636 pudenter,
282 1563 338 1622 sed
354 1562 425 1637 quia
444 1570 556 1623 tantam
570 1579 669 1624 rerum
683 1563 915 1638 repugnantiam
929 1582 996 1627 non
1010 1567 1112 1626 videas.

95 1645 174 1704 Nihil
189 1647 326 1720 profecto
343 1645 437 1722 sapis.
465 1646 543 1719 Quid
561 1655 608 1706 est
620 1645 698 1707 enim
715 1647 886 1708 dementius
902 1665 1014 1723 quam,
1035 1664 1114 1725 quum

82 1729 139 1788 'rei
164 1726 302 1804 publicae
324 1728 497 1804 perniciosa
519 1746 602 1790 arma
631 1729 699 1804 ipse
719 1729 860 1811 ceperis,
883 1730 1022 1792 obiicere
1042 1730 1115 1792 alteri

96 1813 260 1872 salutaria?
300 1812 351 1874 20.
373 1815 415 1873 nt
434 1813 522 1873 etiam
541 1813 673 1888 quodam
687 1814 755 1874 loco
771 1814 888 1875 facetus
903 1814 1116 1877 essevoluisti.
1160 1842 1162 1849 ·

97 1895 233 1968 Quamld
244 1904 289 1967 te,
307 1896 338 1955 di
348 1895 436 1967 boni,
454 1913 514 1956 non
533 1896 674 1957 decebat!
694 1897 727 1956 ln
746 1913 807 1971 quo
822 1903 870 1958 est
885 1905 939 1958 tua
955 1901 1048 1974 culpa
1064 1913 1116 1957 non

98 1981 187 2040 nulla.
227 1979 351 2052 Aliquid
366 1980 458 2049 ‚enim
478 1979 551 2039 salis
572 1980 699 2039 amima
723 1996 819 2040 uxore
840 1980 976 2067 ualere,
991 1980 1116 2057 potuisti.

97 2077 209 2120 cunnus
221 2077 426 2121 nnnnroonn.
454 2062 553 2135 Quidt
566 2070 627 2121 tum
642 2079 742 2123 nonne
758 2071 941 2124 cesserunt?
965 2067 1007 2126 At
1018 2068 1116 2140 postea

95 2142 156 2204 tuis
174 2144 264 2204 armis
280 2145 374 2205 cessit
388 2154 466 2220 toga.
492 2145 678 2218 Quaeramus
691 2147 781 2220 igitur
795 2155 893 2207 utrum
908 2147 1020 2208 melius
1038 2147 1117 2207 fuerit

96 2227 224 2287 libertati
240 2228 346 2303 populi
362 2229 491 2290 Romani
507 2231 719 2311 sceleratorum
736 2247 818 2289 arma
832 2247 871 2289 an
887 2229 1057 2292 libertatem
1071 2246 1116 2289 no-

97 2319 189 2369 stram
209 2311 301 2372 armis
317 2311 377 2371 tuis
399 2314 518 2372 cedere.
560 2313 622 2372 Nec
643 2329 715 2372 vero
736 2312 848 2373 libide
871 2312 1017 2380 versibus
1039 2316 1117 2389 plura

95 2394 306 2466 respondebo:
328 2403 441 2456 tantum
463 2397 560 2472 dicam
580 2395 726 2468 breviter,
758 2404 787 2456 te
808 2413 909 2469 neque
928 2386 1001 2457 illos
1025 2411 1117 2471 neque

95 2474 174 2534 ullas
192 2477 313 2536 omnino
329 2478 444 2539 litteras
458 2495 568 2538 nosse=
587 2495 635 2538 mc
656 2478 770 2539 neerei
784 2479 924 2554 publicae
941 2497 1001 2542 nec
1020 2480 1116 2541 amicis

95 2573 239 2631 umquam
265 2559 416 2638 defuisse,
444 2570 598 2621 ettamen
626 2561 706 2620 omui
726 2578 838 2637 genere
859 2574 1117 2626 monumentorum

96 2656 232 2699 meorum
247 2643 414 2714 perfecisse
426 2644 526 2718 operis
542 2644 723 2718 subsecivis,
737 2652 770 2704 ut
784 2661 869 2706 meae
883 2645 1007 2721 vigiliae
1025 2659 1115 2706 meae-

97 2738 156 2798 que
174 2722 289 2783 litterae
307 2733 337 2783 et
356 2726 501 2786 iuventuti
523 2727 656 2787 utilitatis
678 2736 708 2787 et
730 2728 843 2788 nomini
862 2729 1004 2790 Romano
1025 2726 1115 2790 laudis

97 2807 210 2882 aliquid
227 2808 388 2869 adferrent.
420 2807 482 2869 Sed
496 2810 571 2870 haec
586 2827 646 2871 non
662 2809 752 2871 huius
766 2811 927 2887 temporis:
945 2812 1064 2872 maiora
1079 2810 1115 2868 vi·

96 2891 231 2950 deamus
987 2949 993 2963 ,

157 2975 204 3034 ΙΧ.
227 2974 275 3036 21.
288 2976 320 3034 P.
337 2974 472 3036 Clodium
487 2993 555 3036 meo
571 2975 699 3036 consilio
714 2976 902 3037 interfectum
920 2994 994 3038 esse
1011 2976 1115 3037 dixisu.

96 3051 242 3123 Quidnam
262 3060 401 3119 homines
423 3067 575 3133 putarent,
598 3059 624 3118 si
645 3068 705 3120 tum
726 3059 847 3120 occisus
862 3069 962 3133 esset,
985 3079 1078 3136 quum
1091 3068 1115 3118 tu

94 3135 177 3195 illum
192 3139 221 3198 io
238 3142 302 3202 foro
320 3142 508 3216 inspectante
524 3144 637 3217 populo
648 3144 785 3202 Romano
800 3142 902 3216 gladio
920 3144 1028 3205 stricto
1045 3142 1114 3202 inse

95 3225 183 3276 cutus
199 3238 233 3281 es
248 3225 472 3300 negociumque
485 3224 704 3300 transegisses,
720 3225 780 3285 nisi
794 3242 828 3285 se
846 3225 897 3285 ille
912 3226 943 3284 in
959 3230 1061 3287 scalas
1080 3235 1115 3283 tn·

94 3297 206 3359 hernae
226 3305 365 3366 librariae
386 3309 568 3368 coniecisset
587 3307 687 3384 iisque
708 3308 850 3383 oppilatis
872 3308 1021 3384 impetum
1041 3318 1116 3369 tuum

43 3453 49 3464 .
95 3385 352 3457 compressisset?
386 3390 472 3461 Quod
499 3391 620 3464 quidem
642 3408 700 3466 ego
728 3391 843 3451 favisse
868 3408 916 3450 me
942 3393 998 3452 tibi
1019 3393 1116 3460 fateor,
