2356 3854
291 667 333 749 ll.
364 667 499 763 TULLII
525 665 734 749 CICERONIS

70 768 520 938 lignariorum
558 807 771 901 aarum
813 808 992 902 rnrrrl

88 1009 91 1013 ·
310 965 352 1045 ΙΝ
372 963 532 1047 SENlTU
558 966 715 1046 llllllll.

255 1339 708 1447 'lnannnnnnn

71 1483 97 1535 L.
111 1482 219 1548 Sergius
239 1482 353 1545 Catilina,
369 1485 445 1534 homo
464 1487 564 1550 patricii
582 1487 692 1549 generis,
709 1499 800 1550 magna
817 1487 842 1534 vi
861 1493 886 1533 et
901 1487 980 1534 animi
995 1495 1019 1535 et

70 1552 122 1610 orla,
140 1552 185 1602 sed
196 1553 297 1615 ingenio
315 1552 380 1602 malo
395 1569 532 1618 pravoque,
550 1554 700 1618 praetorIus,
719 1555 763 1616 qui
781 1554 832 1602 iam
846 1567 871 1604 a.
886 1568 912 1602 u.
924 1569 946 1603 c.
957 1551 1017 1606 689.

70 1635 101 1668 em
124 1620 254 1670 consulum
275 1620 358 1670 lacere
379 1637 458 1684 eaque
483 1621 550 1672 iacta
566 1635 651 1669 rerum
670 1622 746 1684 potiti
764 1622 940 1685 constituerat,
957 1636 1017 1670 casu

70 1688 233 1738 naconsilio
251 1690 411 1753 exsequendo
429 1689 569 1754 prohibitus
586 1698 653 1748 erat,
673 1687 759 1736 ascitis
776 1688 810 1736 ad
828 1686 962 1736 consilium
981 1690 1017 1736 rei

70 1760 115 1805 'cae
132 1757 313 1821 opprimendae
329 1756 473 1806 hominibus
488 1757 569 1806 omnis
580 1756 681 1820 generis
692 1749 869 1819 perditissimis
884 1762 959 1817 atqua
974 1771 1018 1804 au·
1071 1805 1073 1810 ,

70 1825 155 1883 ulmis,
183 1841 246 1888 qnos
264 1825 365 1890 inopia,
390 1825 530 1888 cupiditas,
556 1823 651 1875 scelera
668 1823 842 1882 stimulabant,
862 1823 1018 1873 consulatum

70 1907 134 1940 mum
148 1889 208 1944 691.
226 1908 253 1957 p.
272 1909 296 1942 a.
316 1909 337 1946 c.
361 1893 465 1957 petivit,
504 1893 550 1943 sed
570 1907 648 1955 quum
669 1906 733 1954 quae
756 1893 783 1940 in
809 1892 892 1941 animo
911 1891 1019 1942 habebat

70 1961 139 2009 ,cicsa
155 1961 191 2010 rei
211 1960 326 2025 publicae
345 1960 452 2010 consilia
469 1975 558 2025 parum
575 1960 699 2010 occultata
717 1967 814 2020 esseut,
832 1961 922 2025 studiis
941 1961 1018 2010 bono-

73 2030 180 2077 cmnium
197 2027 232 2080 M.
239 2029 337 2079 'l'nlliua
354 2028 440 2079 Cicero
458 2044 582 2080 unacum
601 2027 628 2082 0.
641 2030 751 2078 Antonio
769 2029 858 2080 consul
872 2028 959 2089 factas,
970 2038 1017 2079 est.

70 2112 93 2145 re
110 2105 249 2146 commotus
266 2098 296 2150 L.
309 2097 416 2148 Catilina
433 2097 467 2150 Μ.
481 2098 599 2148 Cicerone
617 2095 643 2148 0.
655 2098 764 2161 Antonio
779 2096 928 2167 consulibus
947 2098 1018 2161 cupi·
1060 2160 1064 2167 .

72 2166 143 2213 etiam
162 2179 209 2214 sua
226 2165 332 2216 consilia
347 2166 456 2230 recepit,
474 2167 564 2229 quibua
581 2167 691 2216 maxims
707 2165 833 2216 Ciceronis
854 2165 964 2214 consulis
980 2165 1018 2216 di·

70 2234 100 2281 tia
118 2234 221 2292 restitit,
235 2235 268 2283 ad
285 2249 358 2298 quem
376 2233 498 2284 Catilinae
512 2237 615 2299 alasque
634 2235 761 2284 sociorum
779 2233 886 2287 camilla
900 2248 916 2281 a
930 2231 1018 2283 luivia

70 2316 99 2348 tre
112 2301 200 2362 nobili,
217 2316 345 2363 quaeram
359 2303 467 2353 habebat
482 2319 538 2353 cum
554 2304 582 2364 Q.
594 2302 677 2360 curro,
693 2304 735 2365 qui
752 2303 878 2366 particeps
898 2301 945 2351 lnit
959 2316 1018 2350 con-

70 2369 139 2418 lionis
154 2369 233 2429 illins,
253 2371 437 2422 deferebantur.
464 2371 546 2430 Quum
564 2379 649 2422 autem
660 2372 710 2421 ista
725 2370 792 2420 mala
808 2369 914 2419 consilia
932 2376 1016 2420 contre

70 2438 154 2487 smrei
170 2438 288 2504 publicae
303 2455 319 2488 a
333 2440 470 2489 coniuratis
485 2441 547 2489 inita
565 2441 676 2504 apertius
695 2440 745 2489 iam
758 2439 925 2503 agitarentur,
944 2453 1017 2488 sena-

72 2505 197 2555 onsultnm
213 2506 305 2556 lactum
324 2516 370 2567 est,
390 2508 482 2558 darent
498 2519 599 2570 operam
616 2511 738 2572 consules,
756 2523 787 2558 ne
805 2508 865 2572 qaid
877 2508 1017 2558 detrimenti

70 2581 98 2622 et
113 2575 277 2636 respublica,
297 2575 462 2638 effectumque
482 2584 528 2636 est,
546 2584 574 2626 ut
589 2576 695 2626 Catilina
709 2590 756 2641 spe
769 2575 922 2636 consulatus,
943 2592 1018 2639 quem

70 2644 172 2691 oximum
185 2658 277 2692 annum
294 2645 403 2707 petebat,
422 2645 556 2705 excideret,
573 2645 813 2710 desIgnarenturque
827 2643 857 2694 D.
875 2643 974 2693 Silanus
993 2651 1018 2692 et

70 2725 152 2764 turena.
181 2710 250 2769 Quae
267 2726 344 2774 quum
359 2714 395 2762 ita
410 2722 507 2774 essent,
522 2714 553 2763 L.
569 2712 688 2772 Catilina,
706 2713 749 2776 qui
767 2714 817 2763 iam
833 2716 891 2761 ante
908 2727 953 2775 per
967 2713 1017 2760 Ita·

71 2778 102 2827 ad
119 2778 234 2828 homines
249 2780 397 2839 seditiosos,
409 2783 525 2830 maxime
542 2789 639 2831 veteres
656 2782 686 2834 L.
704 2780 789 2830 Sullas
807 2779 913 2846 milites,
932 2778 1017 2827 conci-

70 2859 84 2893 s
102 2848 207 2896 nuncios
224 2848 336 2908 miserat,
351 2849 384 2898 ad
402 2847 429 2900 0.
448 2849 569 2909 Mallium,
588 2851 631 2912 qui
649 2848 769 2899 Faesulas
789 2849 815 2896 ln
839 2846 926 2894 urbem
944 2847 1017 2893 Etru-

70 2916 185 2963 munitam
202 2929 304 2965 manum
319 2924 471 2966 armatorum
489 2920 615 2981 coegerat,
633 2917 760 2981 proficisci
775 2914 904 2964 constituit
922 2920 946 2961 et
963 2912 1017 2961 bel-

70 2983 159 3044 patriae
176 2982 282 3042 inferre,
301 2987 494 3046 convocatisque
512 2993 599 3045 nocte,
620 2999 684 3046 qnae
698 2987 763 3033 inter
780 2982 847 3030 VIII.
864 2987 888 3028 et
905 2981 959 3034 Vll.
977 2981 1015 3031 Id,
1101 3024 1105 3030 .

70 3050 146 3098 mbres
167 3060 235 3112 eret,
260 3053 343 3101 socios
364 3053 391 3099 in
414 3053 516 3101 domum
532 3052 566 3103 M.
585 3052 670 3101 Porcii
686 3051 783 3099 Laecae
800 3047 935 3099 consilium
949 3050 1017 3110 quod

70 3124 93 3165 at
103 3120 211 3182 aperuit.
233 3120 287 3179 Qua
297 3119 492 3184 congregatione
509 3127 632 3167 nocturna
649 3120 698 3168 duo
718 3115 930 3181 equilesltompni
945 3114 1016 3168 Cice·
1094 3149 1100 3164 .

70 3199 79 3232 1
96 3186 225 3237 consulem
242 3189 285 3238 illa
303 3190 360 3251 ipsa
375 3193 447 3236 nocte
461 3191 519 3235 ante
532 3186 622 3243 lucem,
638 3200 715 3248 quum
730 3185 796 3235 siam
811 3183 1016 3236 succurrimus

72 3267 94 3300 m
108 3255 255 3315 Intrassent,
270 3255 468 3304 interficiendum
483 3260 638 3318 receperunt.
655 3253 688 3307 Μ.
706 3251 793 3303 cicaro
806 3252 890 3304 vitatis
905 3255 1015 3313 insidiis,
1028 3250 1035 3260 “

70 3335 105 3370 mo
132 3323 186 3381 dic,
210 3324 253 3385 qui
272 3324 319 3372 luit
338 3338 361 3372 a·
382 3323 406 3375 d.
423 3323 465 3375 Vl.
485 3323 523 3371 ld.
542 3321 694 3372 Novembres
717 3320 847 3386 dispositis
869 3323 1016 3386 praesidiis,

70 3402 108 3438 nm
118 3391 145 3461 jn
160 3392 360 3457 templumllcvis
373 3391 480 3440 Statoris
494 3391 650 3452 convocavit,
669 3392 808 3473 qno'qpum
821 3388 929 3442 Catilina
943 3382 1016 3452 quala
1075 3440 1084 3449 ,
