2356 3854
38 229 41 232 ,
108 126 183 226 εει
363 156 437 218 rao
453 157 492 215 u.
506 156 713 217 nuncnunc
730 155 882 218 cunno.

110 311 264 373 hominum
281 308 311 368 in
328 307 549 367 contemnenda
564 315 660 367 morte
674 304 880 380 prudentium
896 306 962 367 noli
972 315 1128 382 nostrope

107 395 205 455 riardo
225 407 297 451 esse
326 389 460 462 sapiens.
492 387 612 463 'Saepe
632 388 712 448 enim
733 385 814 448 veuit
829 389 978 450 adames
1003 400 1129 462 menate

109 477 189 537 idem
208 474 287 534 istud
305 472 393 531 nimis
408 472 516 532 crebro
530 471 632 531 dicere
646 469 701 530 tibi
715 477 745 529 ιε
759 469 836 531 satis
856 471 987 533 vixisse.
1032 473 1131 534 Credet

110 560 243 619 sedtum
259 556 289 615 id
307 554 459 625 audirem,
481 553 508 614 si
523 553 577 614 tibi
594 553 652 614 soli
667 554 786 612 viveres
802 562 855 614 aut
868 553 896 615 si
911 553 968 616 tibi
984 555 1073 616 etiam
1086 555 1133 616 eoi

109 650 198 700 natus
212 655 315 700 esses:
332 654 414 698 nunc
425 654 518 713 quum
533 636 665 697 omnium
675 637 802 696 salutem
817 636 930 698 civium
944 645 1133 714 cunctamque

88 774 91 779 ,
110 739 174 783 rem
197 722 349 799 publicam
367 737 417 779 res
438 729 507 780 tuae
521 727 627 794 gestae
642 721 819 794 complexae
834 720 910 793 sint,
933 729 1054 783 tautum
1072 722 1134 782 abet

112 803 332 880 &perfectione
353 803 552 862 maximorum
570 818 711 877 operum,
736 810 770 863 ιιι
791 802 993 866 fundamenta
1014 805 1135 866 nondum

110 904 190 963 quae
204 886 321 962 cogitas
347 885 467 945 leceris.
509 884 565 944 Hic
585 893 618 946 tu
631 886 754 947 modum
777 886 857 946 vitae
877 893 951 946 tuae
968 903 1035 948 nou
1049 890 1133 947 seam

82 1038 85 1051 Ι
109 972 154 1031 rei
172 971 330 1045 publicae,
348 970 403 1029 sed
419 967 569 1044 aequitate
586 966 676 1028 animi
693 967 842 1028 deliniant
857 968 948 1042 Quid,
967 971 993 1030 si
1011 971 1133 1032 istudne

110 1052 227 1128 gloriae
246 1061 316 1112 tuae
337 1051 459 1125 quidem
486 1050 560 1110 satis
581 1057 649 1110 εειι
674 1049 760 1111 cuius
782 1059 811 1111 ιε
832 1065 904 1112 εεεε
921 1053 1132 1125 avidissimum,

111 1134 251 1210 quamvis
272 1135 316 1194 sis
331 1133 474 1207 sapiens,
494 1149 554 1195 non
569 1133 704 1207 negabia
747 1133 797 1194 ιιι.
811 1133 967 1196 Parumne
980 1135 1083 1211 igitur,
1099 1135 1140 1213 in⁴

112 1219 210 1292 quiea,
225 1217 349 1290 gloriam
365 1231 505 1290 magnam
515 1215 744 1290 relinquemus?
758 1217 852 1276 immo
869 1233 946 1278 vero
958 1218 1033 1280 aliis
1045 1234 1130 1295 quau·

110 1301 158 1359 vis
178 1298 279 1358 multis
294 1299 385 1369 satis,
402 1298 454 1357 libi
469 1298 521 1358 uni
536 1315 651 1372 parum.
695 1297 848 1373 Quidquid
863 1307 912 1360 εει
927 1300 1030 1374 enim,
1045 1316 1130 1377 quem

112 1380 159 1440 vis
175 1382 306 1454 amplum
322 1380 374 1452 sil,
392 1389 440 1440 εει
456 1389 536 1440 εειιε
551 1397 655 1455 pamm
669 1389 755 1454 tunc,
776 1397 869 1454 quum
884 1390 935 1442 εει
951 1383 1072 1460 aliquid
1084 1399 1131 1444 aar·

114 1462 205 1537 plius.
254 1461 341 1534 Quod
363 1461 389 1521 si
403 1478 502 1521 rerum
519 1471 634 1523 tuarum
649 1463 875 1536 immortalium,
894 1465 927 1524 c.
946 1465 1077 1536 Caesam
1095 1465 1131 1525 iic

111 1546 213 1604 exitus
227 1545 344 1603 iuturus
358 1543 423 1616 luit,
436 1553 469 1604 ut
483 1545 610 1607 devictis
621 1546 806 1606 adversariis
814 1562 880 1606 rem
890 1548 1053 1621 publicam
1062 1549 1091 1609 in
1103 1562 1130 1607 eo

91 1666 95 1671 ,
112 1634 191 1687 statu
206 1628 412 1701 relinquerem
426 1627 457 1686 in
476 1645 537 1702 quo
554 1645 634 1689 nunc
649 1636 710 1702 est,
723 1628 809 1702 ride,
823 1646 960 1704 quaeso,
977 1648 1023 1694 ne
1038 1641 1088 1693 tua
1098 1629 1130 1690 ιιι
1169 1662 1172 1701 =

111 1709 183 1769 vina
203 1709 298 1770 virtus
319 1710 526 1770 admirationis
550 1714 620 1785 plus
640 1712 679 1772 sit
700 1710 838 1772 habitura
855 1728 948 1787 quam
963 1709 1131 1788 gloriamsi

113 1792 234 1867 quidem
260 1793 357 1867 gloria
382 1802 430 1853 est
454 1794 579 1853 illustris
602 1810 638 1854 ae
658 1803 824 1869 pervagata
841 1811 1030 1870 magnorum
1051 1796 1131 1857 velin

112 1892 188 1935 suos
202 1877 249 1935 vel
265 1875 295 1934 in
311 1877 435 1950 patriam
458 1878 506 1936 vel
529 1877 559 1935 in
575 1893 664 1937 omne
677 1893 774 1951 genua
788 1877 945 1938 lromiuum
962 1881 1048 1940 tama
1060 1877 1131 1939 meri
1170 1910 1172 1927 ι

112 1966 219 2024 lorum.
262 1959 311 2016 lX.
334 1958 385 2022 27.
406 1960 488 2019 Haec
508 1959 599 2034 igilur
611 1959 663 2020 tibi
678 1960 795 2034 reliqua
812 1976 884 2035 pars
898 1970 963 2022 εειι
985 1962 1039 2023 lric
1055 1966 1133 2022 restat

112 2048 213 2109 uetus,
236 2041 265 2099 iu
283 2041 341 2100 hoc
357 2042 572 2101 elaborandum
589 2050 647 2116 est,
667 2050 700 2102 ut
715 2059 778 2102 rem
795 2042 946 2117 publicam
963 2046 1132 2115 constituas,

113 2138 212 2196 eaque
234 2122 315 2182 tuin
338 2124 442 2197 primis
462 2141 530 2184 cunr
555 2141 672 2184 summa
689 2125 905 2200 tranquillitate
932 2136 963 2188 et
985 2128 1058 2189 ocio
1078 2143 1132 2203 per·

25 2206 30 2213 '
113 2206 226 2265 inuare:
248 2213 311 2282 tpm
326 2216 369 2277 le,
392 2206 418 2266 si
435 2209 536 2278 voles,
559 2225 651 2282 quum
665 2208 781 2282 patriae
795 2209 877 2284 quod
895 2211 998 2271 debes
1016 2209 1133 2273 solveris

111 2298 142 2349 ει
157 2298 291 2349 naturam
308 2289 407 2365 ipsam
428 2290 603 2365 expleveris
622 2293 759 2352 satietate
773 2290 912 2365 vivendi,
936 2293 1018 2355 satis
1038 2292 1133 2355 diur'e

111 2373 198 2430 xisse
218 2372 320 2433 dicito.
364 2373 440 2446 Quid
460 2374 540 2433 enim
557 2382 603 2434 est
618 2373 741 2434 omnino
752 2375 812 2434 hoc
826 2374 930 2450 ipsum
945 2376 1020 2452 diu
1040 2377 1134 2452 inquo

111 2461 159 2512 εει
186 2453 301 2528 aliquid
327 2463 517 2516 extremum?
536 2457 619 2529 quod
642 2473 736 2531 quum
756 2458 852 2530 venit,
878 2457 981 2518 omnis
1004 2464 1134 2536 voluptas

110 2537 272 2608 praeterita
288 2538 449 2611 pronihilo
466 2548 522 2612 εει,
538 2540 609 2613 quia
626 2548 734 2614 postea
748 2541 889 2600 nullaest
900 2541 1016 2606 lutura.
1041 2544 1135 2618 Qram·

112 2634 202 2691 quam
217 2617 275 2677 iste
292 2627 360 2678 tuus
375 2620 493 2681 animus
508 2638 671 2697 numquam
686 2622 734 2681 his
750 2622 914 2697 angustiis,
937 2641 1021 2698 quas
1044 2634 1136 2686 umora

110 2699 199 2759 nobis
213 2702 252 2759 ad
268 2699 433 2762 vivendum
448 2704 545 2776 dedit,
568 2714 726 2766 contentus
742 2703 812 2778 luit,
832 2722 956 2780 semper
972 2706 1136 2771 immortali·

109 2784 179 2843 latis
201 2799 304 2843 amore
324 2782 472 2859 flagravit.
514 2787 564 2850 28
587 2788 690 2847 Νεε
671 2804 745 2848 vero
766 2789 843 2847 haec
857 2797 909 2849 tua
932 2788 1000 2850 vita
1020 2791 1137 2853 emula

110 2875 171 2936 εει,
196 2880 275 2941 quae
296 2883 425 2943 corpore
446 2879 476 2930 et
500 2871 606 2944 spiritu
630 2871 807 2931 continetur
848 2871 1082 2950 llla,1nquam,
1096 2873 1138 2933 illt

109 2949 229 3010 vitaest
240 2959 300 3024 tua,
316 2968 394 3026 quae
407 2952 520 3026 vigebit
531 2953 875 3024 memoriasaeculorum
888 2955 1041 3032 omnimo,
1057 2958 1136 3034 quam

23 3102 25 3106 ¹
109 3034 274 3101 posteritas
289 3036 358 3105 alet,
374 3051 463 3108 quam
479 3035 547 3109 ipsa
564 3036 726 3097 aeternitas
741 3053 863 3111 semper
881 3037 1030 3102 tuebitur
1072 3036 1135 3100 liae

109 3114 163 3171 ιιι·
156 3118 316 3189 inservias,
332 3118 401 3177 lruic
416 3127 445 3176 te
461 3126 596 3179 ostentes
614 3128 745 3193 oportet,
759 3136 839 3193 quae
853 3121 982 3196 quidem
999 3141 1081 3200 quae
1093 3118 1134 3181 ni·

109 3198 212 3253 retur
204 3215 263 3258 ram
276 3200 393 3273 pridem
407 3202 500 3261 multa
511 3201 616 3261 habet:
627 3218 707 3261 nunc
719 3202 809 3262 etiam
821 3220 901 3289 quae
912 3204 1024 3268 laudet
1038 3218 1136 3280 exsp&

110 3279 178 3332 ctat.
221 3281 447 3356 Obstupescent
461 3285 575 3359 posteri
592 3294 673 3345 certe
689 3284 829 3359 imperia,
853 3288 1054 3363 provincias,
1068 3287 1136 3349 tlte

109 3371 196 3430 num,
219 3359 388 3437 Oceanum,
408 3366 521 3442 Nilum,
540 3383 662 3443 pugnas
676 3366 927 3443 innumerabilem
949 3370 1141 3434 incredibiles.
