2356 3854
361 210 556 275 eant-a
578 221 715 281 §.u-r.
977 180 1038 287 ras

69 359 267 436 reipublicae
280 379 381 437 poena
395 374 545 425 remorata
559 372 626 425 cstt
659 370 699 427 ‚tt
714 385 771 429 nos
787 369 964 430 vicesimum
978 369 1037 430 iam

70 463 93 504 m
106 446 241 520 patimur
254 445 421 508 hebescere
437 449 534 507 aciem
548 447 655 509 horum
669 451 873 519 auctoritatis,
882 453 1036 514 Habemus
1103 462 1106 472 “

70 547 90 587 n
104 528 233 588 huiusce
247 529 330 589 modi
344 540 467 591 senatus
483 533 661 604 consultum,
673 550 778 594 verum
792 535 941 595 inclusum
952 536 982 595 in
995 546 1037 597 ta·

70 614 101 684 is,
116 620 271 686 tamquam
285 613 315 671 'm
329 613 436 687 vagina
443 616 640 685 reconditum,
655 633 715 690 quo
726 635 765 677 cx
780 627 903 678 senatus
916 621 1037 680 consul-

72 695 216 755 onlestlm
228 704 258 756 tc
272 697 461 758 interiectum
476 714 555 770 esse,
572 698 711 770 Catilina,
728 701 878 761 convenit.
893 702 991 775 Vivis,
1007 711 1038 763 et

70 795 88 838 s
105 795 167 838 non
183 779 228 838 ad·
237 779 464 854 deponendam,
487 782 542 840 sed
557 783 597 840 ad
612 782 848 841 confirmandam
869 785 1035 844 audaciam.
1082 780 1104 805 ²

70 861 116 933 io,
134 869 237 935 patres
252 863 426 938 conscripti,
441 880 489 923 me
507 880 577 924 csse
594 865 898 940 clementem=·cupio
920 867 951 925 in
970 875 1035 926 tan-

70 945 106 1004 ,ιιι
119 943 263 1019 publicae
280 946 423 1020 periculis
438 964 560 1006 menon
578 947 759 1008 dissolutum
774 947 886 1021 videri,
907 950 963 1008 sed
976 948 1036 1008 iam

71 1028 141 1102 ipse
157 1028 283 1089 inertiae
300 1030 515 1105 nequitiaeque
529 1032 710 1091 condemno.
746 1029 775 1092 5.
801 1031 906 1092 Castra
921 1034 1036 1092 suntin

70 1129 93 1170 ‚a
110 1120 219 1170 contra
232 1115 378 1187 populum
392 1116 560 1174 Romanum
576 1113 606 1173 in
620 1114 758 1175 Etruriae
779 1115 916 1174 faucibus
941 1117 1034 1174 collo-

70 1215 92 1252 t:
109 1194 338 1256 crescitin‘dies
351 1198 486 1277 singulos
498 1197 630 1258 hostium
641 1214 799 1258 numerus:
816 1214 920 1257 eorum
934 1207 1033 1259 autem
1101 1207 1106 1212 '

70 1286 179 1338 trorum
196 1278 407 1352 imperatorem
424 1281 593 1356 ducemque
610 1281 742 1341 hostium
762 1282 839 1342 intra
859 1282 978 1342 moenia
992 1290 1035 1342 at·
1070 1288 1073 1293 “

70 1361 164 1420 =adeo
180 1360 211 1419 in
226 1371 333 1422 senatu
349 1362 470 1437 videtis,
491 1364 663 1426 intestinam
684 1365 815 1438 aliquam
836 1364 947 1424 cotidie
965 1381 1035 1439 per·

70 1460 118 1504 em
132 1444 178 1503 rei
194 1445 333 1518 publicae
347 1446 526 1507 molientem.
554 1448 586 1508 Si
600 1457 630 1509 te
644 1448 718 1520 iam,
736 1448 875 1519 Catilina,
897 1463 1032 1522 compre·

70 1528 109 1599 di,
126 1527 155 1587 si
169 1527 296 1588 interfici
312 1531 438 1604 iussero,
456 1533 561 1603 credo,
579 1532 634 1591 erit
650 1533 814 1591 verendum
828 1530 954 1591 mihine
972 1547 1033 1591 non

82 1612 187 1685 potius
210 1627 316 1672 omncs
336 1613 409 1673 boni
430 1616 536 1674 scrius
542 1632 561 1673 a
576 1631 624 1674 me
640 1631 729 1688 quam
746 1614 908 1688 quisquam
927 1602 1033 1673 crude

82 1695 196 1754 iactum
218 1711 288 1755 esse
309 1697 397 1757 dicat.
428 1698 542 1757 Verum
563 1713 620 1772 ego
643 1698 718 1769 hoc,
743 1696 851 1770 quod
843 1712 902 1753 uam
917 1695 1034 1769 pridem

70 1794 121 1837 um
135 1792 208 1837 esse
224 1781 364 1852 oportuit,
380 1768 463 1840 certa
477 1781 515 1839 de
530 1795 624 1839 causa
638 1781 773 1839 nondum
792 1778 929 1836 adducor
942 1786 976 1836 ut
991 1778 1034 1835 la-

70 1862 199 1920 nTum
212 1861 345 1937 denique
359 1862 549 1933 interficiere,
566 1880 658 1936 quum
672 1862 731 1922 iam
746 1877 835 1922 nemo
853 1869 911 1919 lam
923 1859 1032 1934 impro—

70 1991 72 2009 .
89 1953 153 2004 tam
167 1944 314 2019 perditus,
330 1955 389 2005 tam
405 1947 447 2006 tui
462 1945 591 2006 similis
583 1945 710 2006 inveniri
725 1944 836 2021 poterit
853 1942 905 2019 qui
924 1943 956 2003 id
973 1958 1033 2003 non

86 2028 201 2087 lactum
218 2045 288 2088 esse
305 2031 441 2089 fateatur.
467 2030 495 2090 6.
513 2029 605 2103 Quam
622 2029 673 2089 diu
691 2031 851 2104 quisquam
867 2026 922 2086 erit
937 2025 989 2103 qui
1005 2034 1034 2086 te

70 2111 173 2170 andere
191 2112 315 2184 audeat,
335 2112 438 2187 vives,
453 2123 482 2173 et
497 2112 582 2173 vives
597 2112 652 2185 ita,
677 2120 710 2173 ιιι
726 2111 821 2184 vivis,
842 2111 943 2172 multis
958 2109 1033 2169 meis
1066 2184 1068 2189 A

71 2192 146 2253 rmis
160 2196 324 2268 praesidiis
343 2197 505 2269 obsessus,
528 2213 566 2256 ne
587 2212 779 2256 commovere
800 2204 830 2255 tc
846 2203 950 2255 contra
970 2208 1033 2250 rem

68 2277 158 2336 licam
172 2278 288 2374 possis
317 2279 476 2340 Multorum
491 2289 520 2341 te
534 2278 624 2340 etiam
641 2280 721 2340 oculi
736 2288 765 2339 et
781 2294 871 2338 aures
889 2293 949 2336 non
965 2291 1032 2335 sen-

70 2368 143 2434 tem,
180 2361 260 2422 sicut
289 2363 389 2424 adhuc
417 2367 569 2436 lecerunt,
594 2360 835 2439 speculabuntur
863 2369 954 2434 atque
982 2373 1032 2418 cu-

70 2442 149 2503 liant.
209 2478 216 2495 ι
684 2456 687 2489 t
719 2482 721 2486 ·

87 2527 138 2585 ΙΙΙ.
153 2527 272 2587 Etenim
288 2528 362 2603 quid
377 2536 432 2602 est,
447 2530 587 2602 Catilina,
605 2530 710 2604 quod
703 2546 762 2588 ram
778 2526 909 2602 amplius
924 2541 1032 2600 exspe-

77 2655 85 2684 ,
114 2609 142 2671 si
164 2628 265 2686 neque
287 2629 350 2672 nox
370 2613 503 2673 tenebris
520 2615 685 2674 obscurare
706 2621 814 2673 coetus
829 2611 961 2671 nefarios
977 2624 1033 2669 nec

70 2701 124 2753 ata
140 2696 250 2754 domus
265 2696 430 2770 parietibus
449 2698 603 2758 continere
620 2713 713 2757 voces
729 2695 945 2756 coniurationis
963 2702 1033 2753 tuae

70 2776 127 2836 ιειι
144 2778 170 2837 si
185 2776 379 2850 illustrantur,
400 2781 426 2840 si
442 2790 603 2856 erumpunt
626 2779 748 2841 omnia?
774 2777 880 2838 Muta
872 2794 932 2836 ram
945 2776 1036 2835 istam

70 2867 150 2932 tem,
179 2861 250 2921 mihi
283 2864 389 2935 crede,
420 2864 602 2924 obliviscere
628 2863 733 2923 caedis
759 2871 851 2936 atque
877 2855 1032 2918 incendio·

72 2934 248 3005 .Teneris
266 2946 417 3021 undique·
445 2949 513 3007 luce
531 2956 601 3008 sunt
626 2946 755 3007 clariora
774 2944 900 3004 nobist
889 2950 940 3001 tua
962 2954 1033 2998 con-

70 3073 72 3083 .
92 3027 210 3102 omnia,
233 3047 311 3103 quae
332 3029 391 3089 iam
411 3045 530 3089 mecum
546 3030 616 3091 licet
632 3044 850 3104 recognoscas.
886 3022 914 3084 7.
926 3022 1032 3081 Memi-

70 3108 116 3169 lne
134 3128 183 3171 me
200 3119 269 3172 ante
284 3114 365 3173 dicm
378 3129 433 3171 x11.
448 3113 602 3174 Kalendas
616 3113 806 3173 Novembres
822 3107 925 3168 dicere
939 3105 970 3166 in
985 3120 1028 3167 se
1122 3102 1130 3115 '

70 3194 184 3254 lore
176 3199 308 3267 inarmis
323 3207 406 3258 certo
426 3197 485 3266 die,
502 3197 553 3270 qui
568 3184 858 3256 diesluturusesse't
873 3188 1033 3252 antediem

70 3277 128 3336 ιιι.
150 3279 353 3353 Novembres,
377 3280 407 3339 G.
424 3279 572 3351 Mallium,
595 3277 742 3338 audaciae
762 3284 810 3337 eat
797 3272 921 3355 tellitei't't
934 3282 1033 3350 atquc

73 3361 213 3422 inistrum
227 3372 319 3424 tuae?
343 3327 419 3424 uum
436 3364 527 3422 niele
510 3327 617 3435 elellit,
635 3360 776 3445 Catilina,
797 3376 860 3427 nou
875 3356 973 3441 modo
980 3372 1033 3417 res

70 3453 168 3517 utam
183 3452 273 3507 atrox
288 3457 411 3526 tamque
425 3446 625 3524 incredibilis,
650 3460 790 3581 ιοιιιιιιῖἶ·
830 3448 854 3483 ·'
922 3528 928 3535 Ι
969 3522 985 3551 ,Ι
1032 3530 1038 3545 Ι
