2356 3854
96 164 138 232 ‘lo
315 176 354 232 m
376 175 406 233 c.
428 173 588 232 vannum
607 174 691 232 nor.
706 175 904 255 umam.

91 323 200 386 nuncio
214 320 277 383 rein
289 325 480 395 demonstrat,
496 324 654 396 negat-ullo
672 324 762 383 modo
777 325 960 400 ilcriposse.
983 327 1079 391 xntt

91 410 192 480 Atque
206 405 282 464 haec
295 437 338 450 —
351 404 422 462 nihil
442 404 518 463 enim
534 405 828 478 praetermittendum
849 408 888 467 de
908 407 996 469 istius
1009 409 1081 485 impr
1102 420 1117 457 ι

90 489 191 549 dentia
206 489 379 546 videtur-
395 487 560 561 agebantur
573 486 603 545 in
619 497 777 562 conventu,
792 491 907 563 palam,
925 491 970 551 de
981 493 1080 553 sellatt
1112 500 1117 523 ’-

89 572 210 631 deloco
227 570 392 643 superiore.
423 571 495 629 Erat
510 569 605 629 hiems
620 587 749 641 summa,
766 580 946 647 tempestaS,
961 582 994 633 ιιι
1005 575 1081 649 ipsun
1103 618 1115 623 -

89 653 250 726 Sopatrum
265 652 365 711 dicere
378 652 512 725 audistis,
532 653 702 727 perfrigida,
724 654 818 712 imber
832 655 981 715 maximus
989 672 1082 752 ,quun

87 735 145 796 iste
160 735 287 808 imperat
301 734 470 808 lictoribus,
486 743 518 795 ut
536 734 695 809 Sopatrum
712 737 749 795 de
763 737 898 810 porticu,
913 738 945 796 in
963 755 1021 812 qua
1034 740 1082 833 ipat
1109 756 1117 787 ²-

89 819 223 906 sedebat,
246 817 441 891 praecipitem
461 817 492 876 in
516 819 614 877 lorum
639 817 780 878 deiiciant
768 820 976 894 laudumque
995 820 1082 882 consti

87 887 180 962 tuant‘.
207 899 268 959 Vix
284 906 346 958 erat
360 900 418 959 hoc
432 901 521 974 plane
536 899 722 974 imperatum,
739 919 830 976 quum
843 901 928 962 illum
944 903 1082 978 spoliatum

89 985 291 1080 stipatumque
304 981 459 1043 lictoribus
475 982 603 1042 videres
637 982 746 1042 Omnes
761 983 823 1043 idl
822 1000 875 1044 ore
887 987 1045 1059 putabant,
1060 992 1083 1045 ut

88 1067 180 1126 miser
195 1073 286 1138 atque
304 1064 450 1123 innocens
464 1064 558 1139 virgis
576 1066 828 1124 caedereturel
784 1067 813 1125 le
816 1066 890 1128 lellit
905 1067 954 1126 hic
968 1067 1082 1127 hominm

88 1148 201 1222 opinio.
226 1147 328 1221 Virgis
345 1147 403 1206 iste
424 1148 565 1206 caederet
584 1147 649 1206 sine
672 1164 765 1208 causa
783 1151 902 1213 ¹socium
924 1151 1028 1225 populi
1040 1152 1084 1210 llo

86 1229 166 1289 mani
177 1237 267 1303 atque
279 1229 428 1293 amicum‘l
442 1230 507 1288 Non
521 1247 619 1304 usquc
634 1246 670 1289 eo
685 1234 732 1290 est
743 1231 914 1305 improbus=
930 1249 991 1292 non
1006 1230 1083 1293 omnia

87 1311 197 1372 suntin
213 1328 273 1371 uno
288 1312 372 1371 vitia:
393 1327 555 1386 numquam
577 1312 632 1371 luit
647 1312 788 1373 crudelis.
800 1317 809 1335 ⁶
819 1315 940 1374 Leniter
953 1314 1083 1374 hominen

86 1396 308 1467 clementerque
322 1395 455 1471 accepit.¹
469 1396 636 1468 Equestres
651 1402 720 1456 sunt
734 1395 833 1455 medio
851 1396 883 1455 in
900 1399 967 1457 loro
979 1397 1082 1458 Marcel

85 1478 181 1537 lorum
204 1484 334 1550 statuae,
363 1477 440 1536 sicut
467 1478 529 1535 lere
552 1477 679 1536 caeteris
705 1478 736 1536 in
760 1478 883 1552 oppidis
905 1479 1037 1539 Siciliae:
1056 1493 1085 1538 cx

87 1560 197 1634 quibus
215 1559 272 1619 iste
290 1559 321 1617 C.
335 1559 469 1619 Marcelli
484 1567 611 1619 statuam
627 1560 750 1634 delegit,
766 1561 853 1620 cuius
866 1562 968 1621 officia
981 1562 1011 1620 in
1024 1563 1085 1621 illan

86 1642 235 1702 civitatem
250 1652 402 1717 totamque
413 1641 599 1715 provinciam
610 1642 819 1702 recentissima
830 1652 915 1704 erant
926 1654 955 1704 et
966 1647 1085 1704 maxima

84 1726 118 1783 ln
133 1739 169 1782 ea
183 1724 357 1797 Sopatrum,
379 1725 528 1784 hominem
545 1741 636 1800 quum
657 1725 738 1784 domi
760 1725 891 1785 nobilem
906 1735 967 1786 tum
990 1740 1085 1787 summo

17 1858 18 1865 ,
85 1805 259 1880 magistratu
277 1808 461 1883 praeditum,
484 1807 692 1873 divaricarilac
708 1807 832 1881 deligari
849 1809 942 1869 iubet.
973 1808 1023 1872 87.
1037 1810 1086 1883 Qut

86 1889 219 1950 cruciatu
237 1891 274 1950 sit
288 1885 426 1951 adlectus
445 1886 547 1951 venire
560 1891 591 1950 in
605 1899 734 1953 mentem
750 1907 879 1952 neccsse
895 1900 942 1951 est
956 1893 1087 1965 omnibus,

86 1989 178 2053 quum
194 1982 276 2033 esset
290 1974 371 2033 vinct
373 1991 408 2033 us
360 1973 539 2034 tnudus
532 1990 561 2031 m
573 1977 651 2044 aere,
665 1972 694 2029 in
708 1972 823 2045 imbri,
816 1991 845 2030 ιιι
863 1976 986 2048 frigore.
1002 1976 1088 2049 Neque

83 2064 183 2115 tamen
198 2055 266 2113 linis
281 2055 372 2114 huic
364 2055 490 2116 iniuriae
503 2055 731 2127 crudelitatique
743 2056 842 2127 fiebat,
860 2058 958 2117 donec
971 2059 1117 2147 populus¹

85 2148 177 2212 atque
189 2153 332 2196 universa
342 2138 509 2210 multitudo
522 2138 676 2198 atrocitate
687 2153 731 2196 rer
742 2138 1014 2214 miserrcordraquc
1025 2155 1089 2201 conr
1110 2132 1117 2225 ι’

86 2229 176 2292 mota,
194 2228 331 2279 senatum
347 2221 478 2280 clamore
494 2220 607 2294 coegit,
621 2228 654 2278 ut
668 2218 717 2278 isti
733 2221 925 2281 simulacrum
941 2224 1016 2288 illud
1027 2224 1117 2282 Mer-u·

86 2301 376 2376 curiipolliceretur.
408 2303 678 2373 commembro,
697 2310 729 2361 ut
749 2303 808 2377 ipsi
829 2321 863 2363 sc
877 2305 908 2362 di
922 2306 1117 2367 immortalcst

86 2386 268 2447 ulciscerent
256 2385 615 2465 tur=.hominem·interea
626 2382 725 2458 perire
737 2385 878 2446 innocent
880 2403 927 2446 em
939 2405 1002 2448 non
1017 2402 1102 2463 opor·

64 2466 69 2477 '
84 2477 157 2528 lere.
172 2467 246 2526 Tum
259 2468 402 2542 lrequens
415 2477 538 2528 senatus
549 2469 588 2527 ad
600 2468 690 2526 istum
701 2469 796 2528 venit:
808 2469 1090 2546 pollicetursignum.

84 2551 129 2610 Ita
140 2549 270 2644 Sopater
284 2551 322 2610 de
339 2560 437 2610 statua
452 2552 483 2610 C
497 2551 639 2622 Marcelli,
661 2567 753 2623 quum
769 2550 828 2610 iam
843 2569 942 2626 paene
958 2552 1090 2628 obriguis-

85 2641 146 2735 εει,
165 2632 218 2690 vix
231 2631 321 2692 vivus
335 2634 478 2693 aufertur.

122 2716 233 2774 Non
249 2731 376 2788 possum
390 2715 560 2790 disposite
552 2725 641 2775 istum
656 2695 817 2787 accusare,
835 2715 861 2774 si
877 2714 1012 2791 cupiam:
1027 2729 1092 2790 opus

84 2805 132 2873 est
149 2815 210 2856 non
225 2798 348 2856 solum
341 2800 471 2871 mgenio,
486 2815 591 2858 verum
607 2798 695 2857 etiam
710 2797 836 2857 artificio
854 2800 988 2873 quodam
1005 2799 1105 2872 singu'

82 2868 147 2938 lari.
176 2880 250 2940 XLI.
273 2879 322 2941 88
345 2881 444 2939 Unum
466 2882 525 2941 hoc
548 2881 659 2940 crimen
681 2879 887 2940 videturesse
908 2890 938 2940 ct
955 2892 1092 2955 amepro

1 3016 2 3020 ,
69 2965 144 3022 ‘uno
157 2964 293 3037 ponitur,
317 2963 355 3021 de
373 2963 522 3023 Mercurio
537 2962 755 3038 Tyndaritano:
777 2965 864 3037 plura
887 2972 972 3038 sunt,
996 2963 1048 3024 sed
1064 2975 1092 3020 ct

83 3060 151 3140 quo·
168 3057 258 3120 pacto
275 3044 460 3120 distinguere
480 3063 516 3105 ac
539 3061 682 3121 separare
697 3046 813 3120 possim
834 3046 950 3108 nescio
979 3047 1033 3106 Est
1050 3059 1091 3119 pe

82 3127 239 3190 curiarum
255 3137 417 3204 captarum,
434 3131 515 3203 quod
532 3128 648 3202 signum
661 3130 698 3187 ab
711 3128 803 3188 sociis
816 3129 966 3202 pecuniae
979 3138 1092 3201 magnac

83 3210 212 3273 sustulit
228 3213 283 3272 Est
296 3213 460 3286 peculatus,
474 3211 829 3286 quodpublrcumpopulr
836 3211 965 3269 Romam
977 3212 1091 3305 signum

81 3290 122 3350 'de
145 3294 259 3365 praeda
272 3294 403 3355 hostium
421 3303 556 3370 captum,
577 3293 710 3368 positum
731 3293 923 3363 imperatoris
939 3293 1035 3353 nostri
1048 3304 1090 3350 no
1115 3312 1117 3319 ·

80 3371 178 3446 mine,
201 3390 261 3434 non
283 3376 428 3439 dubitavit
449 3379 577 3439 auferre.
604 3376 659 3437 Est
678 3374 856 3447 maiestatiS,
880 3377 963 3448 quod
988 3365 1089 3459 imperii
