2356 3854
360 121 784 255 cumpace-a.
1023 158 1086 226 am

58 304 135 368 lonis
157 318 281 380 semper
300 313 442 367 asenatu
458 305 587 382 probata
603 315 661 368 est.
703 307 857 370 Videbam
870 308 951 371 enim
966 312 1088 386 saplen-

58 388 166 450 llss'imi
179 387 318 449 homines
336 389 405 450 lacti
419 390 582 463 maonem,
603 392 805 464 praesentiam
819 392 918 466 animi,
934 394 1088 466 detensio-

58 470 101 533 nis
127 471 339 533 constantiam.
381 474 430 532 An
451 489 525 532 vero
538 472 622 533 obliti
639 472 730 548 estis,
749 474 882 549 iudices,
900 477 1015 537 recenti
1035 478 1087 540 illo

58 553 166 616 nuncio
191 554 276 614 neeis
297 554 460 615 Clodianae
481 572 541 634 non
559 557 650 616 modo
671 555 861 617 inimicorum
879 557 1001 619 Milonis
1023 576 1087 620 ser·
1133 579 1142 605 a

58 652 161 699 nones
177 645 207 697 et
222 636 398 711 opiniones,
420 638 559 699 sednon
581 639 729 699 nullorum
751 639 840 699 etiam
861 640 1088 716 imperitorumt

58 721 211 796 legebant
220 735 289 780 eum
305 721 431 782 Romam
451 736 522 782 esse
543 721 719 782 rediturum.
763 720 813 782 63.
829 722 900 782 Sive
918 724 997 784 enirn
1012 726 1088 787 illud

58 804 155 865 mimo
178 803 255 881 irato
275 819 311 863 ac
327 805 442 880 percito
458 804 595 874 lecisset,
617 812 650 864 ut
669 805 815 864 incensus
836 804 908 865 odio
923 809 1088 870 trucidaret

58 885 218 958 nimicum,
234 886 454 951 arbitrabantur
465 904 538 947 eum
556 887 629 948 tanti
643 895 771 947 mortem
785 887 816 945 P.
833 886 931 947 Clodii
950 897 1086 965 putasse,

58 980 75 1032 ‚t
93 984 205 1044 aequo
222 967 322 1029 animo
339 970 437 1045 patria
452 964 589 1042 cureret,¹
607 986 702 1044 quum
729 968 878 1044 sanguine
899 969 1012 1030 inimici
1033 988 1086 1031 ex·

58 1055 173 1114 ›lesset
186 1049 289 1111 odium
304 1069 407 1113 suum:
425 1054 490 1113 sive
505 1055 595 1114 etiam
609 1051 689 1114 illius
704 1061 800 1112 morte
815 1052 942 1127 patriam
957 1054 1086 1114 liberare

60 1133 212 1209 oluissct,
227 1149 289 1194 non
305 1136 507 1195 dubitaturum
521 1137 627 1196 fortem
646 1135 742 1196 ubam
758 1134 840 1209 quin,
856 1152 1086 1211 quamsaepe

58 1219 149 1280 iculo
174 1217 301 1278 salutem
321 1217 365 1277 rei
381 1218 519 1292 publicae
532 1218 697 1290 attulisset,
720 1219 850 1279 'cederet
871 1235 970 1293 aequo
985 1216 1086 1280 animo

58 1300 190 1376 cgibus,
211 1316 314 1367 secum
331 1302 463 1361 auferret
485 1301 613 1375 gloriam
638 1300 868 1376 sempiternam,
894 1300 983 1362 nobis
1008 1302 1085 1362 llaec

58 1382 182 1445 ruenda
194 1382 393 1458 relinqueret,
418 1400 497 1458 quae
511 1384 579 1459 ipse
589 1391 757 1451 ,servasset
799 1383 884 1445 Multi
899 1386 989 1445 etiam
1006 1384 1084 1446 Gati-

58 1482 143 1528 ,nam
167 1473 257 1540 atque
279 1465 329 1526 illa
353 1474 492 1540 portenta
508 1467 721 1542 loquebantur=
741 1467 904 1543 Erumpet,
922 1466 1086 1542 occupabit

58 1551 185 1626 liquem
201 1550 316 1621 locum,
332 1551 443 1609 bellum
459 1549 572 1624 patriae
586 1550 686 1614 faciet.
730 1549 862 1610 Miseros
877 1551 1026 1611 interdum
1043 1551 1084 1610 oi·
1102 1614 1107 1627 ¹

58 1650 103 1695 'es
130 1630 245 1707 optime
269 1632 307 1691 de
326 1633 499 1708 republica
518 1634 657 1704 meritos,
678 1632 708 1691 in
730 1632 841 1705 quibus
864 1632 1003 1692 homines
1020 1648 1098 1693 non-

58 1715 144 1777 nodo
165 1728 215 1772 res
235 1714 495 1789 praeclarissimas
517 1715 750 1785 obliviscuntur,
771 1715 828 1773 sed
848 1714 936 1773 etiam
951 1714 1083 1774 nefarias

60 1795 262 1872 uspieanturt
291 1794 342 1858 ol,
365 1797 445 1870 Ergo
471 1796 522 1856 illa
544 1797 621 1856 lalsa
646 1796 783 1867 luerunt,
806 1811 884 1870 quae
906 1804 987 1855 certe
1011 1811 1083 1855 vera

58 1879 249 1952 txstitissent,
268 1878 295 1938 si
309 1878 382 1939 blilo
399 1878 573 1938 admisisset
592 1874 708 1952 aliquid
730 1878 813 1952 quod
828 1893 888 1937 non
906 1877 1083 1959 possetho·

58 1973 139 2026 teste
153 1978 288 2037 vereque
303 1962 477 2021 defendere.
800 2033 803 2039 ἡ

111 2044 220 2106 XXIV.
244 2044 342 2118 Quint
362 2060 441 2120 quae
461 2052 569 2119 postea
589 2050 660 2103 sunt
678 2041 709 2102 in
726 2058 794 2104 eum
816 2051 975 2117 congesta,
1004 2058 1084 2119 quae

58 2129 192 2206 puemvis
207 2127 297 2189 etiam
312 2127 509 2188 mediocrium
529 2126 707 2187 delictorum
730 2126 917 2187 conscientia
933 2125 1083 2200 perculis·

58 2221 129 2283 tent,
151 2218 185 2272 ut
201 2210 359 2282 sustinuit,
380 2210 412 2270 di
434 2210 632 2271 immortalest
656 2209 819 2270 sustinuit?
840 2207 930 2269 immo
956 2225 1029 2268 vcro
1050 2213 1084 2268 ut

58 2293 237 2369 contempsit
250 2310 286 2353 ac
301 2310 356 2370 pro
372 2293 464 2359 nihilo
481 2292 606 2370 putavit,
623 2308 702 2367 quae
717 2308 818 2366 neque
834 2293 965 2350 maximo
981 2289 1082 2349 animo

58 2392 171 2440 locens
200 2393 302 2451 neque
329 2377 477 2438 innocens
504 2376 563 2436 nisi
587 2374 771 2452 fortissimus
794 2373 839 2432 vir
858 2374 1013 2447 negligere
1027 2389 1083 2447 po·

58 2462 176 2524 uisset!
201 2460 375 2535 Scutorum,
408 2461 592 2535 gladiorum,
617 2460 865 2518 ferramentorum
878 2456 1083 2531 pilorumque

58 2545 143 2607 etiarn
154 2543 312 2603 multitudo
324 2543 510 2617 deprehendi
523 2559 616 2618 posse
627 2540 829 2601 indicabatur:
842 2540 954 2600 nullum
966 2539 995 2599 in
1009 2540 1084 2600 urbe

58 2630 169 2699 ticum,
185 2627 297 2687 nullum
312 2625 502 2701 angiportum
517 2642 587 2686 esse
605 2624 744 2685 dicebant
765 2623 796 2683 in
818 2638 879 2697 quo
901 2639 962 2683 non
978 2619 1084 2682 Miloni

58 2711 205 2772 conducta
216 2717 299 2770 esset
315 2710 440 2768 domus:
461 2708 545 2767 arma
565 2707 596 2767 in
613 2708 713 2768 villam
731 2706 939 2766 Ocriculanam
954 2707 1084 2765 devecta

58 2792 162 2862 liberi,
178 2792 299 2852 domum
315 2793 344 2851 in
360 2791 439 2851 clivo
455 2789 623 2864 Capitolino
639 2789 734 2850 scutis
747 2792 898 2861 refertam,
912 2790 1004 2864 plena
1018 2801 1083 2845 om·

58 2876 102 2936 ria
116 2875 327 2935 malleolorum
339 2873 378 2933 od
392 2873 476 2933 urbis
490 2872 632 2932 incendia
646 2880 905 2945 comparatorum:
926 2870 1004 2928 haec
1018 2880 1082 2925 non

58 2959 154 3019 lelata
175 2959 289 3029 solum,
319 2957 375 3017 sed
404 2971 504 3031 paene
525 2954 639 3014 credita
659 2969 718 3012 nec
741 2961 810 3013 unte
830 2951 990 3026 repudiata
1011 2953 1083 3009 sunt

58 3057 145 3118 guam
167 3040 314 3114 quaesita.
357 3036 407 3100 65.
428 3037 602 3097 Laudabam
626 3034 767 3110 equidem
787 3031 994 3092 incredibilem
1016 3029 1082 3088 dili·

58 3123 185 3200 gentiam
201 3123 254 3182 Cn.
268 3121 419 3195 Pompeii,
437 3121 493 3180 sed
507 3119 620 3191 dicam,
635 3126 669 3178 ut
690 3116 803 3188 sentio,
818 3115 946 3176 iudices.
988 3112 1083 3171 Nimis
1134 3149 1148 3167 .

58 3209 146 3268 nulta
161 3214 310 3281 coguntur
324 3203 430 3263 audire
447 3217 548 3275 neque
562 3199 648 3260 aliter
660 3201 762 3258 lacere
776 3192 908 3272 possunt
925 3195 955 3268 ii,
971 3195 1082 3269 quibus

58 3298 117 3350 tota
141 3289 305 3348 commissa
328 3294 376 3346 est
395 3301 446 3345 res
462 3283 592 3359 publica.
645 3281 826 3355 Quinetiam
842 3277 1083 3340 luitaudiendus

58 3387 139 3448 popa
152 3370 287 3430 Licinius
307 3368 413 3430 nescio
434 3368 486 3441 qui
507 3368 545 3426 de
560 3365 646 3424 Circo
666 3363 816 3438 maximo,
838 3377 947 3423 servos
960 3360 1082 3422 Milonis
