2356 3854
103 155 115 162 ”
368 158 746 239 οΑΡ.ι-ι.5.5-,-ιι.
894 124 897 129 ’
1005 144 1077 231 '103

59 320 96 370 es
113 307 334 386 exercitusque
347 327 532 388 permagnos
549 312 791 389 quibuscumque
808 333 847 377 ex
862 316 1003 393 gentibus
1018 336 1074 394 po·

58 392 156 454 uisset
172 402 384 468 comparasset
405 402 436 457 et
455 412 490 455 se
504 396 715 472 Bosphoranis
733 397 866 460 finitimis
882 402 947 462 suis
961 401 1073 463 bellum

58 477 155 535 nferre
169 476 340 551 simularet,
353 490 454 553 usque
470 478 501 537 in
512 478 690 554 Hispaniam
705 482 821 556 legatos
839 500 875 543 ac
890 483 1004 545 litteras
1019 484 1074 545 mi·

58 559 80 621 it
100 559 141 617 ad
163 575 220 618 eos
244 560 355 634 duceS,
381 561 562 635 quibuscum
586 572 647 623 tum
670 565 781 625 bellum
806 567 1003 639 gerebamus,
1031 577 1073 642 ut,

58 658 135 715 [uum
161 643 283 702 duobus
303 643 334 702 in
355 643 431 704 locis
452 643 699 710 disiunctissimis
724 647 916 723 maximeque
941 649 1080 723 diversis,
1119 658 1120 669 ¹

58 741 101 785 tuo
117 725 250 786 consilio
265 743 284 784 a
297 724 376 786 binis
392 726 523 788 hostium
539 728 637 802 copiis
652 730 764 788 bellum
778 738 858 790 terra
871 732 1008 807 marique
1019 750 1071 809 ge·

58 816 173 880 eretur,
191 824 250 868 vos
270 808 394 884 ancipiti
416 810 609 871 contentione
629 805 757 872 districti
777 812 816 871 de
837 813 963 889 imperio
986 815 1072 875 dimi-

58 891 162 952 aretis.
192 889 242 952 10.
268 891 331 952 Sed
345 902 445 953 tamen
459 893 582 954 alterius
599 895 694 969 partis
715 896 900 970 periculum,
924 897 1071 958 Sertoria-

58 991 96 1034 tae
117 982 211 1048 atque
225 974 452 1049 Hispaniensis,
475 993 554 1051 quae
574 979 667 1038 multo
689 980 759 1052 plus
774 979 952 1038 firmamenti
969 995 1005 1038 ac
1022 997 1071 1041 ro-

58 1055 124 1117 ·oris
139 1056 287 1132 habebat,
309 1058 360 1117 Cn.
372 1059 512 1139 Pompeii
533 1059 635 1121 divino
658 1061 786 1121 consilio
802 1078 838 1121 uc
854 1062 999 1136 singulari
1013 1061 1072 1120 vir-

58 1149 103 1200 ute
119 1141 283 1215 depulsum
298 1149 360 1202 est=
378 1141 408 1201 in
424 1145 518 1203 altera
530 1152 615 1217 parte
626 1143 668 1203 ita
678 1160 729 1204 res
741 1161 759 1203 a
770 1146 802 1204 L.
813 1145 940 1205 Lucullo
952 1161 1070 1206 summo

58 1224 107 1282 iro
126 1231 175 1284 est
196 1223 419 1298 administrata,
441 1234 473 1285 ut
493 1225 577 1285 initia
597 1227 649 1286 ilfa
668 1244 770 1288 rerum
791 1238 945 1303 gestarum
960 1244 1085 1303 magna>

58 1314 134 1382 uque
151 1309 311 1382 praeclara
332 1325 393 1368 non
417 1307 550 1369 felicitati
565 1309 646 1382 eius,
669 1311 725 1370 sed
740 1311 856 1384 virtuti,
877 1313 953 1372 haec
970 1321 1071 1372 autem

58 1397 190 1462 extrema,
214 1406 294 1465 quae
311 1407 410 1466 nuper
426 1391 617 1465 acciderunt,
637 1410 698 1454 non
713 1396 837 1468 culpae,
859 1396 915 1455 sed
930 1394 1070 1455 fortunae

58 1473 199 1533 ribuenda
214 1488 286 1533 esse
301 1475 468 1535 videantur.
506 1475 569 1535 Sed
582 1478 622 1536 de
634 1476 761 1537 Lucullo
773 1477 871 1536 dicam
885 1476 944 1537 alio
958 1478 1027 1538 loco
1040 1484 1071 1536 et

58 1564 80 1615 m
99 1555 215 1628 dicem,
237 1556 383 1630 Quirites,
404 1567 438 1618 ut
451 1573 551 1633 neque
567 1576 640 1618 vera
655 1561 722 1619 laus
738 1560 766 1618 ei
781 1561 916 1618 detracta
932 1559 1069 1622 oratione
1143 1607 1148 1617 ,

58 1647 144 1700 rostra
164 1656 266 1714 neque
286 1641 363 1713 falsa
380 1642 491 1702 adficta
507 1657 579 1701 csse
593 1642 745 1701 videatur:
777 1639 826 1701 11.
853 1643 891 1700 de
907 1642 1001 1701 vestri
1015 1641 1068 1700 im-

58 1721 114 1782 ·erii
129 1720 275 1796 dignitate
290 1732 381 1798 atque
396 1724 501 1798 gloria,
518 1723 660 1798 quoniam
675 1723 701 1782 is
717 1716 764 1782 est
777 1740 907 1782 exorsus
923 1723 1069 1783 orationis

58 1822 138 1879 reae,
153 1804 257 1867 videte
275 1823 367 1882 quem
382 1804 472 1867 vobis
487 1807 620 1866 animum
636 1805 864 1878 suscipiendum
879 1805 1006 1880 putetis.¹

118 1890 157 1948 V.
189 1888 322 1950 Maiores
344 1892 440 1950 nostri
461 1905 555 1964 saepe
575 1889 792 1948 mercatoribus
807 1896 860 1949 aut
873 1885 1068 1948 naviculariis

58 1970 219 2046 niurioslus
238 1972 373 2034 tractatis
394 1974 474 2033 bella
489 1980 665 2046 gesserunt:
690 1987 748 2031 vos
764 1978 807 2032 tot
819 1969 941 2031 milibus
957 1968 1068 2032 civiuni

58 2060 244 2127 lomanorum
254 2073 315 2117 uno
330 2057 442 2117 nuncio
458 2054 551 2132 atq'ue
564 2072 625 2117 uno
642 2054 910 2138 tempore‘necatis
927 2073 988 2130 quo
1002 2048 1067 2114 tari-

59 2144 106 2199 em'
122 2139 225 2200 eninm
242 2146 313 2200 esse
328 2140 469 2201 debetis?
481 2140 585 2213 Legati
601 2140 684 2215 quod
699 2148 784 2199 erant
800 2139 945 2213 appellati
960 2155 1067 2213 super·
1121 2164 1123 2169 .

57 2223 119 2295 ius,
141 2221 317 2284 Corinthum
340 2231 443 2298 patres
459 2222 552 2284 vestri
566 2223 659 2284 totius
677 2222 821 2281 Graeciae
837 2222 938 2282 lumen
954 2220 1072 2280 exstin-'

58 2315 115 2367 lum
130 2323 204 2383 esse
217 2304 394 2367 voluerunte
410 2322 467 2367 vos
483 2304 552 2366 eum
565 2322 669 2380 regem
680 2305 806 2365 inultum
819 2321 890 2365 esse
903 2302 1067 2379 patiemini,

58 2389 88 2449 ui
107 2391 243 2464 legatum
264 2389 371 2465 populi
384 2389 514 2450 Romani
529 2390 722 2450 consularem
739 2386 867 2458 vinculis
883 2402 918 2447 ac
934 2384 1067 2445 verberi·

58 2488 91 2531 us
102 2476 198 2547 atque
209 2472 292 2532 omni
303 2472 455 2548 supplicio
467 2471 673 2532 excruciatum
685 2469 827 2531 necavit?
841 2452 887 2528 llti
898 2469 1068 2557 libertatem

58 2556 223 2615 nminutam
245 2554 357 2617 civium
371 2557 576 2616 Romanorum
599 2556 828 2615 nontulerunt=
850 2569 908 2613 vos
932 2562 1068 2627 ereptam

58 2636 127 2698 itam
150 2637 332 2712 negligetis?
352 2638 403 2699 lus
427 2637 586 2713 legationis
608 2638 704 2698 verbo
727 2636 871 2721 violatum
896 2635 939 2694 illi
961 2650 1066 2712 perse-

58 2719 96 2780 nti
112 2727 198 2780 sunt=
219 2735 277 2779 vos
298 2719 427 2794 legatum
442 2721 523 2782 omni
540 2719 691 2796 supplicio
706 2719 897 2781 interfectum
913 2717 1066 2792 relinque-

58 2809 95 2863 sf
129 2801 179 2863 12.
203 2801 312 2862 Videte
323 2819 376 2874 ne,
394 2814 427 2865 ut
440 2804 499 2865 illis
515 2803 749 2879 pulcherrimum
765 2801 820 2863 fuit
844 2809 954 2861 tantam
974 2799 1066 2859 vobis

58 2883 156 2960 operii
173 2884 300 2960 gloriam
316 2887 449 2961 tradere,
469 2886 515 2946 sic
530 2887 622 2948 vobis
636 2884 844 2961 turpissimum
859 2883 913 2955 sit,
933 2881 965 2940 id
981 2881 1066 2956 quod

58 2968 218 3044 coepistis,
237 2967 312 3028 tueri
327 2977 357 3029 et
370 2983 556 3029 conservare
572 2986 633 3030 non
652 2984 756 3042 posse.

119 3051 214 3126 Quid,
239 3053 323 3126 quod
343 3053 427 3111 salus
449 3050 602 3111 sociorum
622 3066 772 3111 summum
791 3047 822 3107 in
844 3045 1012 3126 periculum
1029 3061 1065 3106 ac

57 3135 200 3196 iscrimen
216 3143 358 3205 vocator,
377 3149 438 3207 quo
456 3134 577 3192 tandem
595 3134 694 3193 animo
710 3135 788 3192 ferre
803 3127 944 3189 debetis?
959 3130 1066 3204 Regno

58 3228 83 3279 st
97 3219 247 3294 expulsus
263 3217 487 3277 Ariobarzanes
501 3231 571 3286 rex,
591 3214 695 3274 socius
710 3211 817 3289 populi
831 3211 959 3273 Romani
973 3222 1066 3289 atque

58 3301 169 3362 micus=
187 3300 343 3361 imminent
357 3301 418 3359 duo
435 3313 525 3372 reges
539 3296 593 3358 toti
605 3295 699 3357 Asiae
714 3312 775 3356 non
790 3296 888 3355 solum
905 3296 993 3357 vobis
1011 3295 1066 3355 ini-

58 3383 210 3467 ricissimi,
233 3385 290 3445 sed
312 3382 403 3444 etiarn
426 3379 537 3443 vestris
561 3377 655 3440 sociis
676 3387 767 3454 atque
784 3377 905 3453 amicis,
926 3379 1081 3440 civitates,

1041 3592 1108 3608 ⁴-
