2356 3854
86 160 151 224 364
219 228 222 238 g
303 160 422 220 PROT.
438 157 555 218 ANNIO
566 155 711 216 MILONE
726 154 936 216 ORATIO.

83 326 209 408 expers,
231 317 265 369 ut
279 306 411 368 nesciam
427 305 499 383 quid
515 309 554 367 de
567 314 666 387 morte.
677 304 772 366 clodii
787 303 937 366 sentiatis.
980 304 1025 364 Ile
1037 321 1092 379 qua,

84 394 111 455 si
128 393 187 452 iam
204 392 315 451 nollem
331 392 372 451 itu
386 389 500 450 diluere
512 383 640 461 crimen,
655 396 689 448 ιιι
702 387 784 459 dilui,
800 385 902 447 tamen
917 386 1039 461 impunc
1050 387 1090 446 lli

82 475 145 536 loni
154 475 254 549 palam
265 475 394 533 clamare
404 489 445 532 ac
456 471 572 532 mentiri
585 470 719 546 gloriose
733 470 852 530 liceret·
860 469 979 529 Occidi
981 468 1093 566 ,occidi

82 574 144 618 non
161 557 213 629 Sp.
228 554 384 628 Maelium,
409 553 461 629 qui
477 570 598 613 annona
614 554 743 612 levanda
762 550 955 628 iacturisque
969 552 1013 611 rei
1029 551 1096 611 lani·

82 641 179 711 liaris,
199 638 269 712 quia
283 637 372 698 nimis
386 638 526 711 amplecti
540 636 659 711 plebem
672 635 837 707 videbatur,
854 636 885 694 in
903 634 1097 710 suspicionem

82 721 188 787 incidit
201 719 286 795 regni
300 719 477 795 appetendi,
492 735 552 778 non
564 719 606 777 Ti.
621 717 807 788 Gracchum,
823 716 878 790 qui
893 719 1032 792 collegae
1047 733 1095 775 ma·

84 804 241 879 gistratum
259 818 314 876 per
325 800 503 862 seditionem
514 799 679 874 abrogavit,
691 815 819 895 quorum
830 798 1046 860 interfectores
1055 799 1098 858 in·

83 888 270 960 piaverunt
264 886 368 944 orbern
387 893 533 944 terrarum
555 882 686 941 nominis
707 881 754 941 sui
774 883 886 956 gloria,
911 884 971 943 sed
985 884 1051 942 auin
1066 911 1098 925 -

85 968 211 1041 auderet
222 968 301 1026 anim
314 966 424 1038 dicere,
437 982 528 1040 quum
539 963 664 1060 patriam
677 963 812 1048 periculo
824 980 882 1023 suo
895 962 1098 1033 liberasset-o

85 1050 172 1122 cuius
185 1050 348 1109 uelandum
363 1047 571 1108 adulterium
563 1062 592 1105 ln
614 1040 823 1120 pulvinaribus
839 1035 1044 1106 ‘sanctissimis
1057 1062 1097 1104 no

83 1132 248 1193 bilissimae
263 1133 392 1192 feminae
406 1130 711 1205 comprehenderunt·
727 1125 775 1190 73.
793 1143 872 1199 eum,
891 1128 983 1189 cuius
1001 1128 1098 1204 suppti-

12 1241 22 1285 ς
85 1216 132 1275 ιιι
156 1221 280 1274 senatus
306 1215 459 1273 sollennes
479 1211 641 1287 religiones
668 1209 835 1285 expiandas
863 1227 962 1285 saepe
984 1210 1098 1271 censuit:

85 1314 170 1370 eum,
193 1313 284 1369 quern
305 1311 372 1355 cum
396 1312 501 1355 sorore
522 1310 665 1370 germana
678 1292 988 1368 netariumstuprum
1003 1293 1098 1353 iecisse

83 1380 117 1438 L.
128 1379 270 1437 Lucullus
280 1377 396 1437 iuratus
408 1393 443 1437 se
455 1373 803 1453 quaestionibushabitis
818 1375 895 1437 dixit
905 1376 1098 1452 comperisse

86 1476 171 1532 eum,
194 1460 246 1534 qui
266 1460 378 1531 clvem,
400 1476 489 1534 quern
513 1468 653 1531 senatus,
681 1454 927 1554 quem‘populus
948 1460 1098 1529 Romanus

86 1559 176 1617 quem
190 1558 294 1602 omnes
310 1550 416 1617 gentes
431 1542 514 1602 urbis
528 1557 565 1601 ac
580 1541 659 1602 vitae
673 1539 782 1601 civium
800 1550 1051 1602 conservatorem
1066 1541 1098 1600 ιι

13 1613 21 1635 ’
85 1625 235 1699 dicarant,
252 1631 409 1684 servorum
424 1625 516 1685 armis
530 1624 756 1685 exterminavit.
770 1641 857 1706 eum,
881 1623 936 1698 qui
951 1623 1098 1719 regnadc

86 1707 137 1780 dit,
152 1707 278 1778 ademit,
301 1708 404 1768 orbem
427 1717 573 1769 terrarum
595 1707 774 1804 quibuscum
788 1707 885 1767 voluit
900 1706 1034 1780 partitus
1049 1713 1098 1765 est:

7 1808 16 1819 *
85 1801 169 1863 eum,
193 1791 245 1865 qui
272 1791 408 1865 piurimis
429 1790 603 1852 caedibus
596 1808 625 1850 ιι
648 1791 714 1850 loro
735 1789 822 1849 lactis
839 1788 990 1863 singulari
1008 1789 1099 1848 virtuto

87 1881 117 1932 et
129 1874 225 1948 gloria
239 1873 335 1934 civem
352 1875 473 1933 domum
489 1875 520 1933 vi
535 1883 565 1934 et
577 1873 668 1933 armis
686 1873 843 1946 compulite
864 1888 953 1945 eum,
977 1888 1028 1932 cur
1019 1869 1099 1930 'nibil

85 1971 228 2029 umquam
244 1959 329 2015 netas
348 1956 403 2017 luit
417 1973 473 2016 ιιι
488 1956 517 2015 ιι
533 1957 667 2016 ιιιιιοιι
680 1971 736 2015 ιιι
749 1955 779 2014 in
797 1953 940 2026 libidine,
964 1971 1049 2026 eum,
1059 1950 1099 2027 qui

86 2038 411 2114 aedem'Nympharum
425 2039 572 2110 incendit,
595 2047 627 2098 ut
649 2038 820 2099 memoriam
836 2036 992 2112 publicam
1010 2051 1098 2096 recen

86 2118 181 2178 sionis
199 2120 310 2179 tabulis
327 2121 455 2194 publicis
471 2122 648 2195 impressam
664 2120 884 2194 exstingueret:
905 2117 958 2181 74.
974 2136 1044 2180 eum
1059 2118 1097 2177 de
1136 2130 1138 2137 ·

86 2202 187 2276 nique,
202 2201 251 2261 cui
266 2202 325 2261 iam
341 2204 422 2263 nulla
438 2205 487 2262 lex
503 2212 576 2274 erut,
591 2205 703 2274 nullutn
720 2202 808 2262 civile
822 2202 879 2274 ius,
895 2203 970 2261 nulli
987 2217 1098 2276 posses·

15 2359 19 2366 ι
87 2285 206 2344 sionum
220 2283 354 2360 termini,
373 2284 424 2360 qui
440 2302 500 2345 non
517 2286 666 2346 calumnia
680 2286 788 2356 litium,
804 2301 863 2344 non
879 2284 1003 2345 iniustis
1019 2282 1098 2343 vindi·

87 2366 142 2425 ciis
162 2383 198 2426 ac
219 2369 416 2429 sacramentis
445 2368 562 2428 alienos
583 2369 713 2439 fundos,
736 2368 791 2427 sed
814 2368 941 2438 castris,
967 2369 1098 2433 exercitu,

88 2447 183 2520 signis
204 2451 369 2511 inserendis
391 2452 527 2525 petebat:
550 2452 601 2524 qui
622 2467 682 2510 non
703 2451 802 2509 solum
820 2449 969 2509 Etruscos
994 2462 1100 2508 —eos

88 2530 166 2588 enim
188 2532 307 2603 penitus
322 2541 547 2606 contempserat
557 2566 608 2606 -‚
621 2533 676 2593 sed
691 2532 770 2592 hunc
783 2532 815 2590 P.
829 2530 968 2603 Varium,
987 2529 1099 2592 tortissi-

85 2629 166 2671 mum
181 2622 271 2687 atque
287 2615 432 2687 optimum
449 2616 559 2687 civem,
578 2614 709 2674 iudicem
730 2623 880 2684 nostrum,
904 2615 1023 2686 pellere
1044 2628 1099 2688 pos·

86 2692 276 2754 sessionibus
293 2697 384 2755 armis
398 2697 567 2771 castrisque
581 2705 707 2757 conatus
719 2705 774 2767 est,
790 2695 925 2770 quicum
941 2693 1101 2757 architectis

86 2786 115 2837 et
136 2777 330 2851 decempedis
355 2778 442 2837 villas
462 2780 621 2838 multorum
642 2780 810 2852 hortosque
831 2779 1037 2852 peragrabat,
1063 2773 1104 2850 qui

84 2860 219 2919 laniculo
240 2868 270 2919 ιι
284 2860 414 2934 Alpibus
431 2877 517 2935 spem
539 2862 769 2935 possessionum
789 2859 965 2920 terminarat
980 2876 1103 2927 suarum,

85 2942 138 3016 qui
159 2960 251 3018 quum
265 2943 304 3001 ab
318 2943 421 3016 equite
434 2944 570 3016 Romano
588 2944 749 3017 splendido
764 2953 794 3003 et
809 2942 893 3015 lorti,
910 2942 954 3002 M.
968 2942 1101 3009 Paconio

84 3040 146 3085 non
155 3025 367 3100 impetrasset,
377 3035 421 3085 ¹ut
436 3024 494 3084 sibi
508 3026 635 3085 insulam
650 3027 680 3085 in
696 3027 763 3085 lacu
777 3026 865 3084 Prilio
881 3027 1048 3097 venderet,
1069 3039 1102 3082 ιι

85 3115 175 3178 pente
189 3108 327 3169 lintribus
343 3109 374 3168 in
392 3124 458 3168 eum
472 3106 602 3168 insulam
618 3110 781 3180 materiem,
802 3109 927 3179 calcem,
945 3115 1101 3172 caementa

85 3202 169 3246 arma
185 3190 328 3250 convexit
345 3190 532 3264 dominoque
546 3200 628 3252 trans
649 3190 745 3264 ripam
764 3191 958 3265 inspectante
981 3208 1046 3251 non
1061 3191 1103 3249 du·

83 3266 190 3328 bitavit
210 3281 368 3332 exstruere
388 3272 559 3334 aedilicium
582 3273 613 3334 in
632 3273 746 3333 alieno:
768 3271 818 3333 75.
840 3271 893 3345 qui
909 3272 983 3333 huic
997 3274 1030 3332 T.
1043 3273 1103 3332 Fur-

84 3347 176 3418 lunio,
190 3355 237 3411 cui
253 3354 340 3429 viror
353 3354 384 3413 di
398 3354 597 3417 immortales!
614 3367 658 3402 -·-
669 3357 754 3429 ·quid
771 3354 850 3414 enim
864 3369 925 3428 ego
941 3356 982 3416 de
997 3355 1104 3416 mulier¹

181 3600 253 3616 *
