2356 3854
102 157 167 221 toa
237 114 275 218 in
291 157 332 216 u.
348 155 547 262 turonium
563 136 704 214 oanrro
719 153 938 214 autumaret
951 153 1031 214 mv.

103 311 221 386 Quanto
242 306 321 366 enim
342 306 475 378 honore,
499 303 625 377 laetitia,
647 303 848 378 gratulatione
868 303 900 363 in
917 305 981 366 boe
1000 304 1127 378 templum

103 391 221 468 ingredi
235 391 348 448 debent
360 388 402 446 illi
417 389 476 462 ipsi
488 388 579 447 huius
592 386 676 447 urbis
690 387 879 458 liberatores,
892 405 991 463 quum
1002 388 1129 448 besterna

104 479 154 536 die
166 480 292 550 propter
304 488 410 531 eorum
423 486 473 529 res
480 480 585 546 gestas
593 486 641 529 me
653 477 793 530 ovantem
800 477 832 528 et
844 486 947 546 prope
961 470 1131 545 triumphan-

103 571 162 625 tem
184 556 320 630 populus
336 556 493 614 Romanus
513 553 544 612 in
559 551 738 627 capitolium
760 554 852 613 domo
874 550 997 625 tulerit,
1025 554 1133 614 domum

104 642 175 702 inde
199 639 375 697 reduxerit?
418 635 467 697 13.
494 638 525 695 ls
549 635 629 696 enim
644 636 765 696 demum
777 645 827 696 est
849 653 923 696 mea
940 637 1062 713 quidem
1076 653 1134 696 sen·

105 723 197 785 tentia
221 721 319 780 iustus
339 719 508 793 triumphus
527 735 565 778 ae
581 735 686 790 verus,
702 735 794 793 quum
814 719 895 780 bene
914 721 958 780 de
977 719 1134 794 republica

105 805 219 865 meritis
235 803 438 864 testimonium
452 819 471 861 a
484 818 640 862 consensu
655 801 783 862 civitatis
795 804 894 862 datur.
943 805 1023 863 Nam
1037 802 1134 863 sivein

106 887 260 962 communi
274 885 386 960 gaudio
405 885 511 960 populi
523 885 652 946 Romani
668 885 721 946 uni
736 886 990 960 gratulabantur,
1008 901 1133 961 magnum

105 972 260 1042 iudicium,
275 969 342 1029 sive
356 969 409 1028 nni
422 971 534 1043 gratias
549 970 692 1043 agebant,
708 984 745 1029 eo
760 968 867 1043 maius,
886 971 963 1030 sive
978 977 1132 1044 utrunque,

63 1080 67 1086 ·
106 1056 180 1115 nibil
197 1051 439 1128 magnificentius
456 1051 621 1127 excogitari
638 1057 749 1127 potest.

167 1139 212 1197 Tu
225 1138 314 1210 igitur
330 1135 397 1209 ipse
413 1135 452 1194 de
466 1143 517 1194 tet
540 1133 650 1195 dixerit
664 1135 825 1209 quispiam.
852 1135 1014 1211 Equidem
1031 1136 1128 1210 invitus,

108 1222 163 1281 sed
178 1219 305 1279 iniuriae
318 1219 406 1278 dolor
420 1219 491 1278 facit
502 1235 550 1277 me
565 1227 685 1293 praeter
696 1217 956 1280 consuetudinem
970 1222 1130 1296 gloriosum

107 1304 214 1362 Nonne
230 1302 372 1365 satisest
391 1302 429 1360 ab
451 1301 624 1361 bominibus
647 1301 763 1362 virtutis
784 1301 901 1376 ignaris
918 1307 1053 1378 gratiam
1071 1306 1132 1363 bena

108 1384 293 1444 merentibus
312 1401 372 1443 non
387 1385 515 1443 referri?
556 1383 696 1445 Etiam-in
713 1401 784 1456 eos,
806 1385 859 1458 qui
875 1401 991 1449 omnes
1010 1403 1131 1465 suaseu

107 1485 158 1527 ras
176 1469 205 1525 in
220 1466 265 1525 rei
280 1466 420 1540 publicae
435 1470 533 1527 salute
548 1468 699 1543 deligunt,
720 1467 868 1542 impetus,
883 1467 1006 1530 crimen
1022 1470 1130 1530 invidia·

109 1566 169 1625 que
184 1556 367 1625 quaeretur?
410 1547 458 1610 14.
482 1549 573 1611 Scitis
592 1550 669 1610 enim
687 1567 741 1625 per
762 1551 819 1611 hos
836 1550 905 1611 dies
931 1555 1130 1614 creberrimum

109 1633 205 1693 fuisse
221 1649 403 1706 sermonem,
419 1649 467 1692 me
484 1634 580 1708 pridie
597 1633 727 1707 Vinalia,
743 1634 795 1708 qui
810 1635 875 1694 dies
891 1636 991 1697 hodie
1007 1646 1064 1709 est,
1080 1650 1131 1697 eun

109 1717 243 1777 fascibus
265 1718 495 1777 descensurum.
538 1719 572 1776 In
590 1718 722 1792 aliquem
744 1718 837 1778 oredo
858 1717 925 1791 ,hoo
946 1721 1133 1794 gladiatorem

109 1809 161 1859 aut
174 1803 321 1860 latronem
337 1809 389 1859 aut
406 1800 561 1860 Catilinam
577 1816 647 1859 esse
662 1801 840 1872 confictum,
860 1817 925 1861 non
942 1803 973 1862 in
992 1821 1078 1875 eum,
1093 1799 1133 1876 qui

108 1884 236 1958 nequid
253 1884 312 1943 tale
330 1883 360 1941 in
375 1900 408 1942 re
424 1883 547 1957 publica
561 1883 626 1943 fieri
643 1892 750 1958 posset
762 1882 907 1944 effecerit.
953 1889 1004 1945 An
1029 1896 1060 1947 ut
1079 1900 1133 1960 ego,

110 1967 161 2041 qui
173 1966 328 2026 Catilinam
344 1966 419 2025 haee
433 1967 605 2027 molientem
621 1966 808 2039 sustulerim,
822 1967 1005 2042 everterIm,
1023 1968 1133 2029 odiliae

108 2049 180 2122 rim,
207 2049 279 2122 ipse.
300 2049 481 2109 exsisterem
512 2059 638 2125 repente
664 2049 808 2109 Catilina?
850 2050 970 2123 Quibus
998 2050 1133 2127 auspiciis

109 2133 185 2192 istos
203 2134 303 2193 fasces
319 2149 416 2206 augur
430 2134 621 2208 acciperem?
636 2141 784 2208 quatenus
799 2133 967 2193 haberem?
983 2136 1036 2196 eui
1050 2135 1132 2196 trade

108 2223 195 2275 rem?
237 2216 465 2290 Quemquamne
481 2217 577 2277 luisse
593 2225 652 2277 tam
665 2218 844 2277 sceleratum
860 2217 914 2290 qui
930 2218 993 2278 boo
1009 2221 1133 2293 tingeret,

109 2308 169 2360 tam
191 2299 337 2359 furiosum
359 2300 411 2374 qui
435 2302 592 2360 erederet?
633 2300 721 2360 Unde
742 2299 832 2374 igitur
851 2299 911 2359 ista
932 2303 1075 2378 suspicio
1096 2298 1135 2358 vel

109 2384 211 2457 potius
226 2383 306 2442 unde
321 2385 379 2443 iste
394 2392 515 2443 sermo?
557 2384 607 2442 Vl.
632 2381 681 2444 15.
704 2382 816 2457 Quum,
837 2389 869 2443 ut
886 2382 993 2456 seitiS,
1017 2386 1076 2445 hoe
1094 2382 1136 2445 tri·

110 2466 171 2523 duo
190 2466 238 2522 vel
254 2465 424 2539 quadriduo
440 2467 533 2528 tristis
548 2485 566 2527 a
580 2467 695 2527 Mutina
712 2469 792 2525 fama
806 2475 952 2548 manaret,
970 2466 1072 2529 inflati
1085 2470 1136 2526 lae

108 2547 176 2620 titia
188 2555 279 2620 atque
295 2548 458 2610 insolentia
475 2550 559 2624 impii
571 2551 658 2610 aives
675 2567 767 2609 unum
783 2565 817 2610 se
831 2549 861 2609 in
878 2551 996 2625 locum,
1013 2554 1054 2612 ad
1068 2551 1138 2610 illam

110 2631 225 2691 curiam
251 2631 388 2705 partibus
413 2633 515 2706 potius
541 2633 606 2693 suis
637 2650 726 2706 quam
751 2632 795 2693 rei
820 2633 963 2708 publicae
994 2635 1137 2695 infelicem

110 2715 344 2789 congregabant.
387 2715 431 2773 lbi
446 2731 538 2790 quum
560 2715 720 2777 eonsilium
740 2715 848 2776 inirent
864 2717 903 2774 de
926 2719 1029 2779 caede
1044 2726 1139 2779 nosba

108 2799 351 2874 partirenturque
366 2796 443 2858 inter
458 2816 492 2858 se
507 2799 559 2874 qui
577 2800 772 2874 Capitolium,
789 2799 840 2873 qui
857 2806 978 2872 rostra,
996 2802 1051 2876 qui
1064 2798 1138 2862 urbis

109 2893 213 2957 portas
230 2889 428 2956 occuparent,
445 2884 546 2943 adme
563 2899 746 2943 coneursum
762 2884 891 2942 futurum
909 2882 1048 2945 civitatis
1064 2893 1139 2959 puu-

110 2965 191 3026 bant.
236 2966 323 3038 Quod
346 2974 380 3026 ut
403 2982 471 3026 oum
492 2965 607 3025 invidia
626 2982 694 3025 mea
716 2965 802 3026 fleret
822 2974 941 3026 etcum
958 2966 1044 3029 vitae
1060 2967 1138 3028 etiam

111 3049 262 3122 periculo,
280 3051 389 3109 famam
401 3048 490 3110 istam
505 3048 631 3111 fascium
649 3047 889 3124 dissipaverunt:
907 3049 1017 3111 fasces
1034 3050 1094 3126 ipsi
1105 3046 1136 3107 ad

110 3146 158 3189 me
175 3132 301 3192 delaturi
315 3135 443 3193 fuerunt.
487 3133 575 3206 Quod
591 3149 683 3207 quum
699 3140 784 3192 esset
799 3131 887 3207 quasi
901 3148 972 3192 mea
990 3136 1134 3195 votunute

111 3211 236 3288 factum,
258 3224 319 3277 tum
335 3217 363 3276 iu
382 3233 429 3277 me
445 3217 575 3291 impetus
594 3217 812 3276 conductorum
828 3214 989 3281 hominum
1013 3217 1098 3294 quasi
1109 3212 1135 3271 in

111 3301 272 3370 tyrannum
287 3301 464 3375 parabature
490 3316 528 3359 ex
548 3315 608 3374 quo
624 3300 736 3359 caedes
757 3306 840 3359 esset
857 3300 995 3359 omnium
1012 3309 1135 3361 vestrum

67 3410 70 3419 ·
112 3388 287 3440 consecuta.
332 3383 416 3456 Quae
435 3399 488 3443 res
507 3382 661 3458 patefecit,
681 3389 783 3458 patres
798 3381 981 3458 conscripti,
1010 3385 1066 3445 sed
1085 3395 1135 3443 suo
