2356 3854
58 204 102 270 aa
288 213 327 272 ιιι
350 213 382 272 c.
404 183 665 273 mannulos.
681 213 717 271 tt.
732 203 803 272 ιιιι.
818 214 870 272 tv.
957 171 960 177 ¹

60 373 93 427 ut
115 358 324 436 conservaret,
356 378 461 422 verum
484 371 518 424 ut
538 369 709 437 asportaret
727 360 897 437 requisivit.
926 363 997 424 LIX.
1020 365 1065 424 lan

60 448 126 520 illa,
141 462 220 520 quae
234 448 350 527 leviora
364 445 558 518 videbuntur,
576 445 646 504 ideo
658 445 845 520 praeteribo:
869 447 955 520 quod
968 440 1068 508 me‘nsts

60 527 223 604 Delphicas
246 545 442 604 amarmore,
463 538 596 590 crateras
620 545 659 588 ex
680 545 751 589 aere
770 528 1004 605 pulcherrimas,
1024 531 1067 589 vin

59 612 221 673 maximam
238 629 381 674 vasorum
396 613 618 680 Corinthiorum
635 627 675 671 ex
691 612 832 672 omnibus
849 608 978 674 aedibus
992 612 1069 674 sacris

28 736 31 741 -
59 696 183 770 abstulit
211 696 383 772 Syracusis.
420 696 490 757 132.
519 697 639 770 ltaque,
661 695 795 769 iudices,
817 694 853 768 ii,
877 695 930 772 qui
951 697 1070 772 hospites

60 780 169 852 adea,
194 797 273 855 quae
294 781 423 840 visenda
439 788 523 852 sunt,
546 781 647 839 solent
667 780 780 838 ducere
800 788 830 839 et
844 796 938 840 unum
953 780 1069 855 quidque

60 863 236 938 ostendere,
253 881 332 938 quos
346 863 389 924 illi
405 868 604 942 mystagogos
618 870 745 937 vocant,
767 864 1020 923 conversam‘iam
1032 864 1069 921 ha·

58 946 131 1006 bent
162 945 449 1009 demonstrationem
478 962 573 1011 suam.
615 945 710 1019 llam,
742 954 776 1006 ut
805 953 876 1005 unte
901 946 1069 1008 demonstra·

58 1030 141 1103 bant,
157 1030 231 1105 quid
246 1029 358 1125 ubique
373 1038 465 1102 esset,
481 1029 552 1090 item
569 1044 649 1109 nunc
666 1029 738 1104 quid
753 1029 889 1118 undique
903 1031 1032 1091 ablatum
1043 1028 1070 1088 sit

60 1114 244 1175 ostendunt

143 1195 222 1268 Quid
233 1201 315 1256 tumr
331 1187 517 1256 mediocrine
532 1196 654 1256 tandem
669 1152 775 1255 dolore
789 1211 844 1256 eos
861 1197 1000 1257 adfectos
1016 1210 1072 1255 esse

59 1277 268 1350 arbitramini?
303 1278 369 1338 Non
392 1279 433 1339 ita
461 1287 522 1352 est,
552 1278 686 1339 iudices·
707 1278 852 1354 primurn,
875 1280 960 1354 quod
982 1293 1070 1340 omnes

58 1360 203 1436 religione
218 1369 391 1435 moventur,
409 1370 439 1422 et
454 1362 530 1422 deos
547 1361 677 1437 patrios,
695 1379 773 1436 quos
787 1377 806 1421 a
821 1361 987 1423 maioribus
1001 1376 1073 1422 acce*

59 1453 184 1519 perant,
206 1444 352 1521 colendos
368 1444 426 1504 sibi
443 1444 602 1520 diligenter
619 1453 649 1504 et
662 1445 838 1523 retinendos
854 1462 927 1505 esse
942 1446 1071 1506 arbitran-

58 1535 122 1588 tur=
145 1527 256 1588 deinde
277 1527 326 1587 hio
347 1544 421 1588 orna
423 1535 487 1602 t‚us
510 1529 586 1587 haec
607 1543 701 1602 opera
714 1537 806 1603 atque
823 1528 980 1602 artificia,¹
968 1528 1071 1604 signa,

58 1610 180 1672 tabulae
195 1611 309 1687 pictae,
326 1611 459 1672 Graecos
473 1611 612 1673 homines
628 1611 721 1672 nimio
740 1628 835 1687 opere
849 1611 1010 1672 delectant.
1029 1613 1072 1671 ιιι

60 1711 119 1770 que
140 1711 179 1754 ex
199 1694 318 1756 illorum
334 1685 530 1770 querimoniis
545 1694 712 1768 intelligere
728 1708 908 1769 possumuS,
937 1695 1014 1755 haec
1028 1693 1074 1754 illis

58 1776 255 1839 acerbissima
269 1777 367 1838 videri
374 1795 482 1854 ,quae
505 1778 629 1839 forsitan
645 1777 733 1838 nobis
749 1778 828 1838 levia
845 1784 875 1836 et
892 1786 1075 1838 contemnen-

58 1862 97 1921 da
111 1877 182 1922 esse
195 1861 320 1923 videant
308 1870 365 1923 tur.
396 1862 468 1921 Mihi
487 1862 601 1922 credite
608 1861 819 1936 ,iudices5—
832 1860 953 1921 tametsi
969 1865 1075 1922 vosmet

58 1943 144 2019 ipsos
160 1945 236 2004 haec
250 1946 365 2004 eadem
373 1944 478 2005 audire
496 1953 578 2006 certo
595 1943 718 2004 scio—
674 1977 730 2016 -‚
754 1962 846 2019 quum
868 1945 979 2005 multas
1002 1959 1075 2004 acce

57 2025 159 2100 perint
174 2043 229 2100 per
244 2026 341 2087 hosce
358 2043 455 2087 annos
470 2027 548 2088 socii
562 2035 654 2101 atque
675 2036 797 2087 exterae
811 2025 951 2087 nationes
968 2025 1076 2087 calani·

57 2117 134 2169 tates
150 2117 179 2169 et
191 2098 330 2181 iniurias,
347 2111 445 2169 nullas
458 2110 565 2170 Graeci
581 2109 720 2170 homines
738 2110 861 2185 gravius
877 2111 978 2170 ferunt
992 2128 1027 2170 ac
1040 2119 1077 2169 tu·

44 2192 171 2265 flerunt,
196 2208 286 2266 quam
306 2191 434 2252 huiusce
453 2193 534 2252 modi
557 2192 755 2273 spoliationes
771 2195 910 2254 lanorutn
926 2202 1019 2269 atquc
1033 2209 1077 2266 op·

58 2275 207 2348 pidorum.
240 2273 310 2336 133.
342 2274 427 2335 Licet
447 2275 504 2335 ist‘e
526 2273 607 2335 dicat
629 2276 742 2336 emisse
763 2292 811 2348 se,
840 2276 928 2337 sicuti
950 2279 1029 2336 solet
1041 2273 1076 2333 ιιι-

58 2373 145 2417 cere
168 2358 282 2418 credite
297 2358 356 2418 hoc
373 2357 459 2432 mihi,
483 2358 616 2419 iudices·
639 2361 722 2419 nulla
735 2376 880 2435 umquam
894 2351 1004 2420 ctvttas
1025 2367 1077 2419 tou

57 2439 134 2499 Asia
154 2450 183 2500 et
198 2440 363 2501 Graecia'
339 2457 459 2516 signum
475 2443 584 2513 ullum,
606 2443 737 2502 tabulam
746 2442 877 2539 pictam,
893 2443 989 2502 ullum
1004 2440 1076 2502 deni-

58 2538 118 2597 que
133 2533 342 2584 ornamentum
357 2524 450 2599 urbis,
466 2542 522 2586 sua
537 2526 690 2587 voluntate
705 2525 846 2601 cuiquam
861 2525 1013 2586 vendidit:
1027 2520 1076 2582 nisi

56 2606 134 2665 lorte
157 2605 351 2679 existimatis,
380 2616 489 2683 postea
512 2626 602 2684 quam
623 2608 735 2668 iudicia
756 2626 865 2669 severa
884 2609 1002 2669 Romae
1021 2603 1075 2667 fieri

57 2687 230 2763 desierunt,-
245 2689 380 2750 Graecos
402 2691 541 2752 homines
563 2686 638 2752 haec
655 2692 812 2755 venditare
830 2691 990 2767 coepisse,
1008 2702 1075 2765 quae

55 2779 118 2833 ιιιιιι
133 2789 194 2834 non
210 2772 301 2834 modo
317 2790 377 2834 non
390 2774 594 2848 venditabant,
610 2791 703 2850 quum
717 2774 829 2836 iudicia
841 2775 962 2847 fiebant,
983 2785 1075 2835 vernn

56 2854 146 2916 etlam
168 2855 360 2918 coemebant:
383 2865 435 2918 aut
451 2857 510 2919 nisi
519 2857 701 2918 arbitramini
715 2858 748 2917 L.
767 2860 886 2930 Cras'so,
903 2858 938 2930 Q.
954 2857 1073 2918 Scaeva

55 2939 118 3012 lae,
134 2941 166 3000 c.
184 2938 318 3012 claudio,
335 2946 388 3015 pot
376 2941 552 3002 tentissimis
568 2941 755 3038 hominibus,
775 2947 907 3018 quorum¹
918 2941 1074 3001 aedilitates

56 3022 265 3084 ornatissimas
283 3023 423 3109 vidimus,
437 3025 651 3086 commercium
664 3025 790 3086 istarum
801 3041 902 3085 rerum
913 3040 984 3084 cum
996 3024 1073 3083 Grae

56 3101 100 3163 cis
123 3104 295 3170 hominibus
320 3122 380 3167 non
396 3105 508 3169 luisse.
527 3102 580 3182 iis,
604 3109 656 3184 qui
672 3118 742 3185 post
756 3109 938 3171 iudiciorum
953 3106 1072 3168 dissolu·

55 3182 167 3247 tionem
184 3190 299 3250 aediles
317 3189 388 3251 lacti
403 3201 482 3264 sunt,
499 3191 604 3277 luisse.

137 3270 196 3328 LX
229 3270 533 3336 tauroentum
559 3266 649 3336 etiarn
675 3275 784 3337 scitote
814 3292 885 3336 esse
913 3272 1072 3336 civitatibus

56 3349 184 3410 falsam'
177 3362 264 3413 istam
285 3364 315 3416 et
338 3357 507 3419 simulatam
529 3359 727 3434 emptionem,
755 3359 894 3435 quamsi
917 3359 987 3436 quis
1008 3359 1071 3418 clam

54 3432 197 3509 surripiat
211 3445 263 3498 aut
276 3437 386 3515 eripiat
401 3441 500 3523 palam
514 3449 607 3515 atque
621 3458 661 3502 au
663 3442 747 3505 l.erat
777 3443 850 3503 Nam
867 3443 1070 3520 turpitudinem
