2356 3854
82 185 147 252 250
381 184 456 246 PRO
470 185 501 243 P.
516 183 648 246 SESTlO
664 183 816 246 ORATIO.

37 364 42 371 ·
83 339 254 407 Romanos,
280 335 470 396 minitabatur
490 327 623 408 senatui,
644 333 819 397 venditabat
840 352 876 396 se
895 335 1099 412 oporteatque

84 418 175 480 abiis
196 433 232 477 se
252 426 403 493 ereptum,
426 434 465 477 ne
481 419 520 477 de
536 418 648 478 ambitu
664 434 787 478 eausam
802 418 935 491 diceret,
956 418 1098 493 praedica·

83 504 148 572 bat,
165 501 204 561 ab
218 499 389 575 iisdemque
405 517 439 560 se
453 501 543 561 etlam
557 500 650 562 invito
661 509 770 561 senatu
784 500 978 576 provinciam
990 516 1099 575 sperare

83 584 219 645 dicebat:
234 599 363 659 eamque
374 582 432 644 nisi
443 585 574 659 adeptus
585 593 676 657 essct,
690 601 724 644 se
734 583 1011 649 incolumemnullo
1022 583 1097 643 modo

83 668 149 728 iore
164 665 373 728 arbitrabatur.
418 665 468 728 19.
489 669 588 738 Alter,
611 668 678 727 odi
694 668 782 728 bonit
807 684 901 742 quam
921 674 1019 727 taeter
1031 667 1097 725 inec

84 750 189 810 debatt
216 766 305 824 quam
319 751 522 811 truculentus!
545 766 634 824 quam
649 750 790 810 terribilis
805 759 950 825 aspectu!
966 784 1009 795 —
1021 764 1097 810 unum

83 832 215 907 aliquem
233 841 262 893 te
277 850 316 894 ex
330 834 463 893 barbatis
477 831 552 904 illis,
574 835 746 906 exemplum
761 832 878 908 imperii
892 833 1009 893 veteris
1016 860 1029 904 ,·
1038 832 1096 891 ima·

83 914 183 990 ginem
204 915 406 990 antiquitatis,
427 917 566 975 columen
582 915 627 974 rei
641 915 782 989 publicae
797 916 918 976 diceres
933 915 1043 976 intueri
1053 930 1096 967 ·-=

83 997 212 1058 vestitus
230 1015 340 1072 aspere
360 1007 468 1058 nostra
478 998 536 1057 hac
556 1014 692 1073 purpura
708 998 828 1072 plebeia
841 1015 877 1058 ac
894 1015 995 1073 paene
1011 1000 1094 1058 lusca:

84 1082 194 1155 capillo
206 1080 247 1140 ita
258 1080 396 1149 horrido,
410 1090 444 1141 ut
455 1081 572 1155 Capua,
584 1080 614 1139 in
628 1097 687 1155 qua
698 1079 766 1154 ipse
776 1089 838 1140 tum
850 1081 994 1156 imaginis
1005 1096 1094 1141 ornau-

83 1164 142 1223 dae
157 1179 251 1223 causa
264 1163 485 1223 duumviratum
499 1164 636 1238 gerebat,
653 1163 823 1237 Seplasiam
838 1165 1016 1224 sublaturus
1029 1163 1092 1223 vida

82 1253 174 1305 retur.
216 1246 290 1304 Nam
306 1245 379 1318 quid
397 1261 456 1319 ego
472 1247 511 1304 de
526 1245 688 1321 supercilio
703 1245 816 1319 dicam,
838 1247 924 1320 quod
939 1255 1004 1307 turn
1018 1245 1093 1306 boni·

57 1399 60 1405 ¹
83 1327 174 1387 nibus
195 1344 257 1387 non
278 1328 485 1401 supercilium,
509 1329 564 1388 sed
585 1331 695 1402 pignus
714 1329 758 1388 rei
774 1329 915 1403 publicae
931 1329 1097 1390 videbatui

82 1412 177 1471 Tanta
192 1419 256 1470 erat
269 1410 401 1484 gravitas
416 1410 447 1470 in
463 1412 567 1483 oculo,
590 1420 670 1471 tanta
686 1411 850 1472 contractio
867 1412 995 1485 frontis,
1015 1421 1047 1472 ut
1058 1412 1097 1471 illo

83 1492 247 1568 supercilio
263 1509 361 1555 annus
376 1492 425 1554 ille
440 1493 492 1553 niti
507 1503 658 1568 tamquam
673 1495 751 1553 vade
766 1496 928 1554 videretur.
970 1493 1022 1556 20.
1041 1494 1100 1552 Frot

82 1575 133 1636 hic
148 1576 280 1636 omnium
295 1592 410 1637 sermo:
431 1577 486 1636 Est
498 1585 596 1636 tamen
610 1576 655 1636 rei
670 1577 809 1650 publicae
820 1593 966 1652 magnum
981 1578 1099 1636 firmum·

85 1675 145 1734 que
161 1659 345 1720 subsidium:
362 1661 469 1727 ,habeo
484 1676 574 1734 quem
589 1675 742 1735 opponam
757 1659 817 1719 labi
831 1659 872 1719 illi
887 1670 984 1733 atque
999 1675 1100 1720 coeno:
1141 1664 1143 1709 ὲ

83 1744 183 1814 vultu,
210 1743 458 1816 mediusfidius,
487 1744 622 1818 collegae
647 1743 695 1802 sui
718 1742 871 1802 libidinem
896 1741 1102 1817 levitatemque
1141 1750 1143 1815 ξ

83 1826 215 1900 franget:
230 1827 353 1887 habebit
367 1835 490 1886 senatus
506 1825 536 1885 in
551 1825 630 1884 hunc
642 1842 750 1885 anmun
768 1842 856 1898 quem
872 1833 1036 1900 sequatur:
1051 1839 1102 1885 non

83 1907 182 1968 deerit
195 1917 300 1970 auctor
314 1917 344 1970 et
357 1911 419 1969 dux
432 1909 531 1969 bonis.
559 1907 632 1968 Mihi
646 1907 778 1982 denique
792 1907 931 1967 homines
945 1908 1103 1983 praecipue

84 1992 325 2066 gratulabantur,
343 1993 426 2065 quod
441 1992 596 2052 habiturus
611 2007 713 2050 essem
728 1999 832 2050 eontra
847 1990 1005 2051 tribunum
1015 1987 1102 2068 plebis

83 2072 233 2151 luciosum
255 2082 286 2134 ct
304 2075 451 2134 audacem
472 2091 563 2148 quum
582 2074 710 2133 amicum
730 2082 761 2132 et
779 2073 912 2132 adfinem
932 2082 1002 2134 tum
1024 2073 1102 2135 ctiam

85 2156 191 2216 fortem
207 2164 237 2216 et
253 2172 376 2231 gravem
392 2158 557 2216 consulem.

168 2239 217 2298 IX.
239 2240 340 2314 Atque
354 2255 459 2299 eorum
473 2241 548 2298 alter
562 2238 665 2298 lelcllit
679 2238 837 2298 neminem.
867 2238 942 2310 Quis
955 2239 1039 2298 euim
1051 2239 1101 2298 cla·

84 2339 155 2382 vum
170 2322 244 2383 tanti
258 2322 377 2397 imperii
391 2331 494 2383 tenere
506 2330 536 2382 et
551 2321 753 2396 gubernacula
766 2320 811 2379 rei
827 2320 971 2394 publicae
984 2327 1101 2382 saetam

83 2405 114 2463 in
135 2405 265 2478 maximo
288 2422 379 2466 eursu
403 2421 439 2465 ac
461 2403 604 2464 fluctibus
627 2420 721 2477 posse
743 2404 938 2463 arbitraretur
960 2404 1101 2469 hommem

83 2501 234 2547 emersum
256 2490 355 2549 subito
377 2505 415 2548 ex
437 2488 585 2548 diuturnis
603 2487 735 2547 tenebris
751 2488 917 2546 lustrorum
936 2502 976 2546 ac
994 2496 1100 2561 stupro-

83 2585 166 2643 rum,
178 2568 263 2642 vino,
276 2571 397 2644 ganeis,
408 2569 566 2630 lenociniis
578 2568 794 2642 adulteriisque
805 2570 1005 2629 confectum
1021 2582 1099 2644 quun

84 2652 110 2714 is
130 2660 251 2727 praeter
276 2669 361 2727 spem
386 2652 416 2711 in
441 2651 587 2712 altissimo
612 2653 709 2727 gradu
727 2650 836 2711 alienis
854 2652 968 2725 opibus
995 2650 1099 2727 positus

82 2743 181 2807 esset,
204 2734 334 2809 quinon
356 2735 446 2795 modo
468 2743 675 2809 tempestatem
694 2733 919 2807 impendentem
930 2733 1049 2809 ,intueri
1064 2740 1099 2791 te

83 2819 249 2888 mutemus,
273 2819 329 2878 scd
350 2834 387 2877 ne
407 2820 504 2878 lucem
522 2819 643 2894 quidem
660 2816 811 2876 insolitam
826 2816 970 2890 aspicere
987 2818 1100 2891 possetl

83 2901 134 2965 21.
155 2903 240 2962 Alter
259 2903 370 2961 multos
392 2904 481 2975 plane
494 2901 526 2960 in
549 2916 654 2960 omnes
669 2908 772 2974 partes
786 2898 901 2959 lelellit.
946 2899 1096 2960 Erareniu

83 2984 237 3063 hominum
265 2984 402 3059 opinioni
430 2983 584 3045 nobilitate
611 2982 693 3056 ipsa,
724 2982 838 3041 blanda
865 2981 1096 3048 conciliatricula

84 3069 321 3128 commendatus.
368 3066 480 3127 Omnes
501 3066 573 3125 boni
595 3081 716 3140 semper
736 3063 883 3124 nobilitati
902 3065 1100 3136 lavemus,et
1141 3110 1143 3147 i

84 3146 157 3217 quia
170 3150 241 3210 utile
256 3151 360 3211 estrei
375 3149 513 3225 publicae
529 3149 646 3210 nobiles
659 3146 798 3207 homines
810 3162 882 3206 esse
894 3146 1010 3222 dignos
1019 3143 1099 3206 maio
1140 3154 1143 3237 2

83 3225 168 3288 ribus
184 3233 247 3292 suis
262 3241 291 3292 et
305 3232 376 3307 quia
389 3235 470 3293 valet
484 3233 567 3307 apud
581 3248 638 3292 nos
653 3232 803 3290 clarorum
817 3229 976 3289 hominum
991 3239 1021 3289 ot
1034 3230 1099 3287 beno
1140 3246 1143 3301 ῃ

84 3307 124 3366 de
144 3324 177 3368 re
200 3313 320 3384 publica
339 3316 512 3376 meritorum
527 3314 671 3373 memoria
689 3313 778 3373 etiarn
794 3320 993 3372 mortuorum.
1036 3306 1100 3383 Qui·

83 3387 199 3451 tristem
220 3409 356 3483 semper,
382 3397 454 3473 quia
473 3396 667 3468 taciturnum,
693 3395 764 3468 quia
784 3394 1003 3455 subhorridum
1019 3401 1099 3465 atque
