2356 3854
308 268 311 277 Ι
392 172 474 233 CAP·
488 181 585 234 3-5.
599 135 631 239 vS·
645 181 759 235 6-11.
917 122 921 127 '
1031 176 1093 242 169

70 324 134 386 nihi
155 324 227 384 licet
249 337 352 398 neque
372 330 421 384 est
435 320 601 398 integrum,
625 331 658 382 ιιι
672 340 771 384 meum
789 325 923 386 laborem
940 326 1096 388 hominum

70 406 208 468 ›ericulis
229 407 429 466 sublevandis
448 422 509 465 non
533 406 710 499 impertiam.
747 407 820 466 Nam
844 421 936 483 quum
960 413 1118 507 praemia·

69 489 140 595 nihi.
148 497 233 550 tanta
248 505 304 564 pro
320 489 377 548 hac
394 488 543 549 industria
559 487 619 548 sint
632 490 718 561 data,
741 500 853 586 quanta
869 502 959 552 antea
973 495 1096 568 nemini,

70 573 195 647 sicet
215 571 242 632 si
263 570 397 646 ceperis,
420 568 491 643 eos',
514 572 828 657 quamadeptassis,
853 576 1022 650 deponere,
1047 594 1096 637 es-

70 667 108 718 tet
128 648 263 716 hominis
284 663 315 714 et
334 655 425 716 astuti
442 664 473 715 et
486 640 604 728 ingrati
640 653 670 713 9.
693 653 780 726 Quod
802 655 829 714 sl
854 657 924 717 licet
945 660 1095 734 desinere,

70 759 86 800 ι
102 750 133 800 te
150 747 276 799 auctore
293 754 437 811 possum,
454 737 481 797 si
496 739 578 797 nulla
592 737 732 808 inertiae,
756 738 837 797 nulla
853 739 1016 813 superbiae
1034 752 1095 803 tur-

70 823 180 896 ›itudo‚
191 823 274 881 nulla
285 820 509 887 inhumanitatis
522 821 612 893 culpa
624 818 798 892 suscipitur,
812 836 869 894 ego
883 838 955 881 vero
967 824 1096 886 libenter

70 905 183 965 lesina.
228 903 403 964 Sin'autem
425 906 495 978 luga
517 903 631 963 laboris
648 901 812 973 desidiam,
833 904 1005 977 repudiatio
1023 925 1095 983 sup·

70 988 176 1048 ›lioum
188 986 371 1061 superbiam,
382 987 548 1046 amicorum
557 985 705 1060 neglectio
718 984 940 1060 improbitatem
949 991 1094 1064 coarguit,

70 1071 203 1131 limirum
217 1070 294 1130 haec
312 1087 406 1130 causa
423 1079 470 1129 est
485 1072 550 1130 eius
566 1069 657 1140 modi,
674 1085 765 1142 quam
781 1086 837 1128 nec
853 1070 1020 1131 industrius
1038 1089 1096 1132 nec

70 1153 237 1214 nisericors
251 1159 311 1213 ‘nee
327 1152 487 1212 officiosus
498 1154 641 1212 deserere
655 1152 764 1226 possit.
794 1156 896 1227 Atque
907 1152 1035 1214 huiusce
1050 1155 1095 1215 rei

70 1237 269 1297 coniecturam
288 1238 396 1296 deluo
417 1235 514 1309 ipsias
535 1235 651 1307 studio,
675 1235 777 1309 Servi,
802 1235 943 1295 facillime
963 1239 1093 1312 ceperis.

70 1319 180 1381 tiamsi
197 1319 251 1379 tibi
271 1335 402 1379 neeesse
425 1327 514 1392 putas
529 1318 618 1378 etiam
639 1317 823 1378 adversariis
845 1319 1011 1380 amicorum
1028 1331 1110 1382 tuo··

70 1420 129 1463 rum
144 1403 183 1462 de
199 1401 266 1462 iure
279 1403 509 1462 consulentibus
526 1402 724 1476 respondere,
746 1411 776 1462 et
792 1401 819 1461 si
835 1411 922 1476 turpe
938 1404 1094 1465 existimas
1139 1442 1141 1446 -

70 1503 92 1546 te
106 1486 256 1546 advocato
269 1486 352 1545 illum
364 1485 474 1559 ipsum,
491 1503 580 1561 quem
596 1485 849 1557 contraveneris,
864 1502 959 1546 causa
973 1489 1094 1561 cadere,

70 1569 124 1629 noli
138 1578 201 1629 tam
215 1586 286 1629 esse
299 1567 444 1640 iniustus,
466 1578 512 1644 ut,
537 1587 630 1643 quum
648 1569 691 1628 tui
705 1570 806 1629 fontes
825 1570 872 1627 vel
887 1568 1017 1630 inimicis
1035 1573 1096 1649 tuis

70 1661 200 1726 pateant,
224 1661 347 1712 nostros
368 1654 457 1712 etiam
481 1651 586 1711 anriois
604 1661 693 1725 putes
711 1655 833 1711 clausos
853 1667 927 1711 esse
941 1662 1093 1726 oportere.

70 1734 113 1796 ll).
133 1735 252 1796 Etenim
273 1735 299 1796 si
319 1752 367 1794 me
387 1747 437 1795 tua
455 1734 641 1794 familiaritas
658 1735 696 1793 ab
717 1735 774 1793 hac
797 1749 892 1791 causa
912 1736 1095 1796 removisset

70 1826 95 1878 et
109 1819 136 1878 si
156 1818 214 1879 hoo
228 1819 309 1879 idem
325 1819 358 1891 Q.
374 1817 536 1877 Hortensio
551 1817 590 1874 llll.
608 1816 741 1895 Crasso,
759 1814 936 1874 clarissimis
952 1816 1042 1890 viriS,
1067 1818 1093 1878 si

69 1899 134 1961 item
153 1902 339 1972 caeteris„a
359 1901 470 1975 quibus
485 1900 618 1972 intelligo
633 1908 714 1959 tuam
733 1897 859 1973 gratiam
882 1899 982 1973 magni
1003 1900 1093 1960 aesti-

70 1984 148 2056 mari,
161 1985 335 2065 accidisset,
351 1984 380 2043 in
398 2000 435 2043 ea
450 1981 571 2042 civitate
582 1984 690 2042 consul
706 1981 884 2056 designatus
899 1982 1092 2044 defensorem

71 2083 124 2128 non
140 2068 282 2139 baberet,⁸
300 2068 332 2126 in
355 2084 415 2142 qua
432 2065 543 2125 nemini
559 2081 704 2139 umquam
725 2066 828 2125 infimo
846 2065 978 2126 maiores
997 2066 1093 2127 nostri

72 2159 221 2223 patronum
242 2152 354 2211 deesse
374 2152 544 2210 voluerunt.
586 2150 651 2224 Ego
679 2165 768 2222 vero,
795 2148 929 2222 iudices,
956 2152 1024 2225 ipse
1043 2166 1093 2210 me

74 2233 265 2295 existimarem
281 2234 438 2307 nefarium,
456 2233 483 2294 si
496 2233 602 2306 amieo,
622 2234 785 2307 crudelem,
808 2234 834 2294 si
849 2232 969 2306 misero,
986 2249 1090 2307 super-

74 2312 189 2390 bum,
164 2335 192 2377 sr
206 2317 326 2378 consuli
342 2317 518 2380 defuissem
550 2317 614 2390 Qua
631 2334 664 2377 re
680 2318 764 2392 quod
778 2318 912 2377 dandum
928 2323 976 2374 est
990 2314 1092 2375 amici-

75 2396 132 2472 tiae,
145 2401 229 2475 large
245 2401 364 2460 dabitur
377 2419 395 2461 a
406 2418 465 2473 me,
482 2411 516 2462 ut
528 2409 628 2461 tecum
643 2416 741 2498 agam,
758 2401 854 2472 Servi,
872 2415 932 2459 ιιοιι
947 2414 1039 2459 secus
1056 2414 1092 2458 ao

76 2480 192 2546 dmeus
208 2494 294 2544 essct
309 2486 413 2558 frater,
440 2487 492 2560 qui
508 2484 580 2543 mihi
595 2493 643 2544 est
663 2484 854 2555 carissimus,
879 2483 937 2542 isto
954 2481 986 2540 in
1006 2483 1091 2542 loco:

77 2567 148 2638 quod
158 2566 350 2627 tribuendum
362 2578 409 2629 est
423 2568 534 2640 officio,
547 2568 628 2638 fidei,
643 2566 791 2640 religioni,
805 2565 856 2628 id
848 2574 888 2625 tta
899 2566 1097 2662 moderaban·

76 2655 100 2788 gl
116 2649 300 2710 meminerim
321 2666 369 2710 me
390 2659 495 2711 contra
514 2651 602 2711 amici
624 2650 757 2711 studium
775 2665 831 2724 pro
848 2648 936 2708 amici
954 2646 1092 2723 periculo

91 2747 176 2793 rcere

144 2794 562 2891 v.11'.1ntultg0,iudtees,
583 2825 646 2877 tres
661 2817 754 2876 totius
768 2814 972 2875 accusationis
988 2820 1093 2888 partes

74 2894 159 2959 fusse
175 2908 205 2960 et
220 2916 324 2961 earum
338 2916 428 2959 unam
442 2899 472 2958 in
488 2899 726 2974 reprehensione
737 2897 826 2971 vitae,
841 2896 984 2957 alteram
976 2912 1006 2955 m
1019 2909 1092 2952 con·

73 2981 196 3049 tentione
216 2982 384 3057 dignitatis,
407 2983 524 3042 tertiam
545 2981 576 3041 in
597 2980 772 3041 criminibus
789 2981 919 3040 ambitus
937 2992 1007 3037 esse
1026 2992 1092 3034 ver·

71 3073 168 3126 mam.
197 3069 299 3140 Atque
312 3066 418 3125 harum
436 3065 523 3124 trium
539 3063 672 3137 partium
686 3062 781 3138 prima
796 3062 862 3131 ille,
881 3075 959 3135 quae
975 3057 1093 3133 gravis·

70 3147 140 3209 ιιιιιιι
154 3164 227 3210 esse
237 3149 376 3220 debebat,
395 3148 436 3207 ita
451 3146 507 3206 fuit
520 3147 640 3206 infirma
654 3155 683 3205 et
698 3145 784 3215 levis,
800 3152 833 3204 ut
846 3143 916 3204 illos
930 3143 980 3202 lex
995 3142 1093 3217 magis

70 3233 214 3306 quaedam
236 3230 427 3293 accusatoria
449 3246 539 3304 quam
562 3245 634 3288 vera
655 3226 874 3287 maledicendi
900 3227 1028 3288 facultas
1054 3226 1093 3286 de

70 3314 125 3376 tite
143 3317 177 3377 L.
193 3315 338 3377 Murenae
358 3315 461 3375 dicere
483 3311 598 3387 aliquid
620 3309 762 3385 coegerit.
805 3309 929 3371 Obiecta
948 3320 996 3371 est
1013 3310 1093 3371 enim

70 3397 153 3462 Asiae
178 3416 260 3476 quae
280 3400 319 3460 ab
338 3400 398 3460 hoc
417 3414 479 3458 non
494 3397 535 3458 ad
549 3398 735 3470 voluptatem
750 3402 781 3454 et
796 3393 946 3455 luxuriam
961 3392 1092 3472 expetita
