2356 3854
83 169 146 239 372
306 168 380 231 PRO
397 169 429 228 T.
445 167 563 228 artato
575 168 720 230 MILONE
738 169 891 230 ORATIO.

47 371 51 383 ,
81 319 324 393 oeeursationes,
341 316 457 392 studia,
473 333 646 390 sermones,
670 334 895 393 quemeumque
909 333 1021 378 nursam
1032 320 1068 379 ln·

80 416 154 468 tuna
174 403 306 474 dederit,
329 417 433 462 seeum
454 416 489 461 se
511 400 679 461 ablaturum
699 417 772 462 esse
787 400 869 462 dicit.
912 401 952 463 96
973 398 1068 463 uentu

82 487 173 548 etiam
183 500 291 545 vocem
305 483 362 545 sibi
376 484 538 559 praeconis
549 484 645 544 modo.
657 484 805 554 defuisse,
824 484 914 557 quani
926 483 1074 559 minimeda'
1092 518 1095 523 ·

82 566 230 640 siderarit,
251 566 358 642 populi
369 583 442 627 vero
459 565 576 626 cunetis
595 565 761 641 suffragiis,
776 566 861 641 quod
872 562 1068 641 nnumeupiati

83 667 119 714 se
130 651 287 712 consulem
298 650 496 710 declaratum:
514 664 595 708 nune
605 647 746 723 denique,
762 648 789 709 si
801 649 879 709 haee
891 646 1068 711 contraeas!

83 737 197 807 lutura,
215 731 274 793 sibi
288 731 432 793 iaeinoris
448 731 669 805 suspioIonem,
686 747 747 791 non
764 733 834 793 laeti
850 731 963 792 crimen
978 731 1068 792 obstan

82 816 177 880 Addit
189 815 281 888 haee,
303 831 383 890 quae
398 822 479 875 oerto
495 822 664 887 verasunl,
685 815 780 874 fortes
803 822 833 875 et
853 815 1003 892 sapientes
1018 814 1067 873 viat

82 907 219 960 nontam
232 898 367 973 praemia
382 896 471 971 sequi
482 898 673 956 solerereete
685 898 832 956 laetorum
850 915 941 972 qnam
951 899 1067 973 ipsamet
1093 962 1095 969 ,

83 984 177 1043 laeta:
200 997 235 1041 se
251 979 325 1039 nihil
341 980 371 1038 in
387 978 448 1038 vita
463 978 522 1039 nisi
539 978 781 1053 praeclarissime
795 979 922 1054 iecisse,
948 980 973 1042 si
986 978 1066 1053 ouili
1088 994 1098 1041 2

83 1064 158 1125 nihil
172 1062 212 1124 sit
225 1061 438 1137 praestabilius
458 1061 527 1122 viro
546 1077 636 1135 qnam
657 1061 800 1135 perieulis
822 1062 948 1137 patriam
968 1062 1065 1121 liberant
1092 1048 1099 1127 ἴ

11 1154 13 1159 ’
82 1149 191 1208 beatos
205 1152 290 1217 esse,
314 1143 425 1219 quibus
446 1161 484 1204 ea
505 1161 555 1204 res
573 1144 681 1205 honori
700 1145 896 1204 lueritasuis
911 1134 1064 1214 civibusii
1096 1140 1098 1153 '

84 1245 141 1291 nee
161 1237 262 1287 tamen
283 1243 338 1288 eos
359 1226 503 1299 miseros,
526 1226 578 1301 qui
594 1226 743 1286 beneficio
766 1227 852 1288 eives
873 1243 949 1288 suos
971 1224 1063 1286 vienn
1086 1216 1096 1294 ἶ

84 1312 142 1372 sed
160 1316 259 1369 tamen
279 1326 320 1369 ex
344 1309 485 1369 omnibus
506 1309 648 1385 praemiis
674 1308 808 1382 virtutis,
830 1309 857 1369 si
877 1318 960 1371 esset
972 1304 1065 1368 huhrtt
1084 1302 1099 1375 ᾗ

82 1391 159 1453 ratio
172 1391 384 1467 praemiorum,
395 1391 613 1465 amplissimum
627 1407 698 1451 esse
712 1393 878 1466 praemium
889 1391 1063 1467 gloriamoa

83 1475 162 1539 hane
177 1490 283 1546 unam,
300 1489 379 1548 quae
394 1473 570 1534 brevitatem
586 1473 665 1535 vitoe
679 1473 865 1550 posteritatis
880 1473 1062 1535 memoriaen-

84 1558 250 1630 solaretur,
278 1572 359 1631 quae
374 1556 510 1622 ellleeret
523 1565 556 1616 ut
572 1557 716 1618 absentes
730 1557 928 1629 adessemus,
945 1546 1061 1616 mortniti
1095 1571 1100 1640 g

86 1654 241 1713 veremus=
257 1640 336 1699 bane
352 1638 484 1714 denique
499 1656 570 1700 esse
582 1640 668 1700 euius
683 1639 828 1715 gradibus
844 1640 932 1701 etiarn
950 1639 978 1699 in
990 1634 1062 1698 olan
1088 1640 1100 1713 ,ζ

84 1721 224 1785 homines
239 1721 412 1783 viderentur
426 1724 602 1784 ascendere.
645 1722 695 1785 98.
717 1724 761 1782 De
775 1739 839 1796 me,
859 1722 1062 1797 inquinatura

85 1808 220 1884 populns
239 1808 412 1878 Romanus,
440 1822 562 1881 semper
582 1821 688 1866 omnes
708 1815 813 1879 gentes
835 1806 1001 1882 loquentur,
1014 1797 1060 1860 nub
1096 1808 1100 1819 “

85 1906 229 1964 umquam
244 1890 432 1951 obmutescet
447 1896 593 1953 vetustas.
621 1887 697 1962 Quin
709 1888 769 1949 hoo
779 1897 916 1964 ternpore
927 1889 996 1963 ipso,
1007 1892 1061 1958 qul!

86 1989 193 2032 omnes
216 1989 235 2030 a
257 1973 333 2032 meis
350 1971 479 2032 inimicis
494 1974 576 2032 lanes
591 1971 723 2032 invidiae
737 1986 824 2031 meae
840 1969 1060 2052 subiieiantunlt
1087 2006 1098 2058 ,1,

86 2071 155 2114 men
171 2055 252 2114 omni
266 2054 295 2113 in
310 2053 464 2115 hominum
487 2063 575 2115 coetu
597 2053 701 2129 gratiis
722 2055 848 2129 agendis
865 2066 895 2115 et
909 2046 1059 2138 gratulabor
1088 2103 1090 2108 .

85 2137 144 2197 bus
160 2136 309 2198 habendis
327 2147 357 2197 et
372 2138 453 2198 omni
469 2154 609 2197 sermone
624 2137 821 2197 celebramur.
857 2137 962 2197 Omitto
973 2135 1059 2194 Eunai
1087 2134 1097 2193 Γ

87 2220 184 2281 festos
200 2229 230 2280 et
247 2228 332 2280 actos
345 2230 375 2281 et
387 2219 539 2280 institutos
556 2221 637 2280 dies:
662 2221 827 2280 centesima
851 2223 904 2281 lux
924 2226 967 2279 est
980 2202 1059 2274 baetti
1086 2266 1100 2282 „

86 2302 208 2364 interitu
224 2303 255 2362 P.
274 2303 368 2363 Clodii
384 2310 429 2375 et,
445 2303 568 2377 opinor,
582 2305 691 2363 altera:
709 2320 769 2378 qna
786 2304 863 2363 fines
878 2299 987 2377 imperii
997 2280 1059 2371 popli
1084 2346 1100 2373 .,

85 2385 215 2446 Romani
231 2395 316 2458 sunt,
332 2403 369 2447 ea
380 2403 441 2447 non
456 2387 554 2446 solum
567 2386 645 2446 lama
660 2385 719 2444 iem
734 2387 773 2445 de
786 2385 856 2460 illo,
878 2387 934 2447 sed
947 2375 1057 2444 suante
1089 2378 1100 2475 ]

87 2467 151 2527 titia
165 2469 344 2543 peragravit.
368 2470 462 2543 Quam
479 2470 518 2529 ob
531 2485 595 2528 rem
607 2468 658 2529 ubi
670 2485 784 2544 eorpus
798 2469 858 2528 hoo
874 2468 913 2529 sit
924 2483 985 2539 non,
996 2448 1058 2530 iulii·
1090 2504 1100 2557 p

86 2550 202 2622 laboro,
220 2551 362 2624 quoniam
380 2553 519 2613 omnibus
534 2551 565 2611 in
579 2551 668 2612 terris
682 2560 712 2612 et
726 2551 785 2613 iarn
801 2561 937 2612 versatur
950 2556 976 2610 et
987 2541 1057 2610 sedili

86 2631 233 2692 habitabit
244 2634 374 2694 nominis
390 2635 448 2695 mei
462 2634 567 2710 gloria.
1089 2626 1100 2707 ’ζ

146 2714 278 2776 XXXVI.
297 2714 347 2788 99.
369 2718 454 2777 liano
476 2727 510 2779 tu
530 2733 647 2778 meeum
667 2732 760 2791 saepe
782 2716 831 2777 his
845 2690 1058 2778 absentibusmd
1084 2714 1100 2802 ἃ]

88 2798 198 2860 iisdem
212 2796 405 2860 audientibus
418 2800 493 2860 haee
507 2817 565 2874 ego
578 2810 686 2871 tecum,
704 2799 790 2860 Mltos
812 2801 854 2860 Te
873 2798 994 2875 quidem,
1005 2789 1057 2877 quar

88 2881 148 2942 isto
164 2880 264 2944 animo
279 2897 328 2955 es,
350 2881 423 2943 satis
445 2884 569 2944 laudare
589 2902 649 2944 non
669 2883 897 2959 possum,sed,
919 2896 975 2956 quo
986 2866 1057 2936 asili*
1086 2878 1096 2961 ,⁴

86 2964 185 3038 magis
208 2963 310 3024 divina
330 2966 439 3041 virtus,
462 2983 499 3027 eo
521 2967 635 3027 maiore
656 2983 675 3026 a
694 2973 724 3026 te
744 2966 851 3026 dolore
876 2965 999 3025 divellor.
1024 2943 1058 3006 Μ

86 3063 172 3120 ¹nero,
188 3048 215 3108 si
230 3046 301 3107 mibi
316 3049 454 3124 eriperis,
469 3048 586 3124 reliqua
598 3048 707 3110 est'illa
728 3057 826 3109 tamen
842 3049 883 3109 ad
895 3029 1057 3109 consolat(lum
1084 3089 1093 3121 ἦ.

88 3133 228 3200 querela,
252 3141 284 3191 ut
297 3132 345 3191 his
358 3132 450 3193 irasei
466 3132 598 3207 possim,
619 3130 761 3206 aquibus
776 3139 891 3215 mutum
906 3120 1058 3207 vulnustlli
1085 3171 1100 3211 ὃ

90 3223 174 3278 pero.
217 3214 282 3272 Non
299 3214 377 3274 enim
393 3216 502 3275 inimici
514 3215 572 3276 mei
588 3223 616 3276 le
627 3213 698 3275 mibi
711 3214 850 3289 eripient,
865 3215 922 3283 sed
932 3202 1059 3272 emicunt
1086 3207 1100 3293 Q}

87 3302 150 3347 non
168 3296 245 3353 malo
258 3296 423 3370 aliquando
440 3300 478 3358 de
494 3316 541 3358 me
557 3297 661 3369 meriti,
679 3298 735 3356 sed
750 3314 873 3379 semper
887 3296 998 3370 optime·
1021 3269 1060 3361 flii,

89 3367 151 3428 lum
161 3375 232 3432 mihi
248 3372 404 3450 umquam,
425 3380 557 3456 iudiees,
578 3387 691 3443 tanturn
706 3381 842 3442 dolorem
855 3377 977 3442 inuretis
989 3398 1017 3417 ν
1028 3360 1060 3418 “¹
