2384 3854
310 178 795 247 ronan-oasm—aa.
904 151 909 163 “
1042 184 1104 249 279

71 342 146 388 uum
164 326 406 389 facinorosorum
423 331 584 390 concitavit
598 340 628 391 et
642 346 751 392 servos
771 334 810 392 ad
827 335 952 394 caedem
973 337 1102 408 idoneos

71 410 145 471 emit
160 417 191 469 et
207 410 237 469 in
252 412 402 477 tribunatu
418 427 571 473 carcerem
586 421 680 474 toturn
698 412 727 472 in
743 416 840 475 iorum
856 417 976 491 effudit,
999 420 1103 481 volitat

72 493 199 565 aedilis,
222 504 347 555 accusat
362 510 446 567 eum,
469 496 521 570 qui
541 496 643 570 aliqua
657 512 696 555 ax
714 507 799 571 parte
816 499 882 558 eius
901 502 1032 561 iurarem
1048 518 1100 562 err·

72 579 234 637 saltantem
248 578 409 652 repressit:
431 576 563 654 hic,·qui
578 594 612 638 se
627 587 674 638 est
690 586 802 639 tutatus
817 581 876 653 sic,
894 592 926 642 ut
939 584 968 642 in
986 585 1101 658 privata

71 676 103 718 re
124 659 204 719 deos
223 669 350 735 penates
371 676 461 734 suos,
487 663 516 720 in
541 678 576 721 re
599 661 721 735 publica
741 663 806 722 iura
826 663 993 726 tribunatus
1009 677 1101 742 atque

72 740 213 818 auspicia
227 744 417 814 detenderet,
434 760 581 805 accusare
593 760 661 805 eum
675 745 845 818 moderate,
860 762 879 806 a
894 765 954 820 quo
968 750 1036 823 ipse
1048 768 1099 811 ne·

70 826 146 885 laria
162 835 340 898 accusatur,
364 842 419 901 per
435 838 560 888 senatus
576 827 781 887 auctoritatem
797 845 857 887 non
872 839 919 889 est
933 830 1016 891 situs
1049 833 1098 895 96.

70 908 216 968 Nimirum
236 909 295 968 boc
315 909 387 969 illud
409 919 470 982 est,
495 913 578 987 quod
593 912 632 969 de
648 926 696 971 me
714 911 904 985 potissimum
919 922 951 973 tu
965 913 995 972 in
1012 931 1099 974 accu-

72 991 191 1053 satione
213 992 374 1066 quaesisti,
402 1009 498 1066 quac
521 1002 629 1055 esset
652 1003 786 1053 nostra
805 997 911 1054 natio
937 997 1099 1071 optima-

70 1074 176 1133 tium=
199 1073 243 1135 sic
264 1077 343 1134 enim
365 1075 477 1135 dixisti.
509 1078 584 1136 Rem
602 1075 725 1151 quaeris
747 1079 933 1151 praeclaram
952 1079 1100 1140 iuventuti

71 1157 306 1217 addiscendum
321 1175 378 1218 nec
399 1157 471 1218 mihi
491 1159 644 1218 dilficilem
659 1160 699 1217 ad
715 1161 958 1233 perdocendum,
984 1164 1022 1222 de
1039 1179 1100 1237 qua

70 1256 179 1314 pauca,
196 1240 324 1314 iudices,
340 1242 453 1314 dicam,
472 1252 509 1314 et,
526 1252 560 1302 ut
574 1243 710 1314 arbitror,
727 1258 784 1301 nec
797 1245 835 1303 ab
849 1244 973 1304 utilitate
984 1262 1098 1316 aarum,

70 1324 122 1397 qui
136 1323 276 1395 audient,
292 1340 349 1384 nec
362 1325 400 1383 ab
417 1325 519 1386 oliicio
536 1336 637 1386 vestro
654 1341 710 1385 nec
725 1326 763 1384 ab
775 1325 844 1401 ipsa
859 1343 952 1388 causa
963 1328 994 1387 P.
1008 1328 1099 1388 Sestii

70 1405 247 1467 abhorrebit
261 1406 356 1467 oratio
373 1423 449 1466 mea.
929 1434 937 1449 x

152 1488 245 1548 XLV,
267 1491 334 1549 lluo
346 1506 459 1564 genera
473 1506 595 1564 semper
606 1490 636 1549 in
649 1491 705 1551 bac
717 1492 837 1553 civitate
852 1493 972 1554 luerunt
986 1510 1098 1567 eorum,

70 1571 123 1646 qui
135 1572 257 1632 versari
274 1574 302 1630 in
323 1574 494 1646 republica
513 1583 604 1646 atque
618 1574 648 1632 in
668 1591 705 1633 ea
725 1591 759 1634 se
780 1576 978 1636 excellentius
993 1592 1101 1649 gerere

70 1656 265 1715 studuerunt=
291 1656 401 1730 quibus
417 1656 632 1730 ex-generibus
654 1657 739 1716 alteri
755 1673 789 1716 se
809 1658 987 1730 populares,
1014 1660 1099 1718 alteri

70 1738 233 1813 optimates
248 1746 278 1798 at
293 1739 398 1798 baberi
416 1748 445 1798 et
460 1755 531 1798 esse
548 1740 714 1798 voluerunt.
758 1739 815 1812 Qui
835 1755 885 1810 ea,
909 1757 987 1812 quae
1009 1742 1098 1800 lacie-

70 1820 142 1881 bant
161 1837 304 1897 quacque
326 1822 482 1895 dicebant,
506 1821 687 1881 multitudini
705 1821 838 1881 iucunda
857 1823 998 1881 volebant
1018 1839 1098 1895 esse,

70 1904 251 1979 populares:
268 1905 321 1980 qui
335 1912 434 1965 autem
447 1904 489 1964 ita
503 1920 537 1964 se
550 1905 710 1978 gerebant,
724 1912 757 1964 ut
771 1920 828 1964 sua
842 1904 970 1964 consilia
985 1905 1098 1980 optimo

70 1987 182 2062 cuique
197 1989 375 2061 probarent,
391 1987 552 2061 optimates
567 1987 763 2047 habebantur.
794 1985 844 2049 97.
865 1987 938 2060 Quis
954 2004 1026 2062 ergo
1042 1988 1100 2049 iste
1143 2058 1149 2071 ἱ

70 2070 204 2145 optimus
229 2071 382 2145 quisquae
421 2073 466 2149 De
490 2086 615 2131 numero
642 2070 669 2129 si
699 2070 836 2145 quaeris,
864 2070 1098 2131 innumerabiles

70 2184 108 2199 ·-
120 2154 320 2227 nequeenim
335 2154 421 2215 aliter
434 2164 516 2215 stare
531 2170 692 2228 possemus
704 2177 759 2208 -ι
778 2161 848 2214 sunt
858 2155 1012 2228 principes
1027 2172 1098 2213 cou-

70 2236 128 2297 silii
141 2235 274 2311 publici,
300 2247 371 2298 sunt
386 2239 437 2313 qui
452 2254 557 2298 eorum
573 2246 687 2298 sectam
709 2247 892 2312 sequuntur,
917 2246 986 2296 sant
1006 2237 1098 2295 maxi·

70 2336 187 2381 morum
202 2319 342 2381 ordinum
357 2321 511 2395 homines,
534 2321 645 2396 quibus
666 2328 748 2395 patet
769 2321 868 2393 curia,
889 2329 959 2381 sunt
974 2318 1098 2379 munici-

70 2404 155 2479 pales
170 2402 340 2478 rusticique
354 2405 496 2477 Romani,
526 2413 597 2464 sunt
611 2404 731 2478 negocii
745 2412 901 2478 gerentes,
927 2411 997 2463 sunt
1010 2404 1099 2461 etiam

70 2484 200 2547 ibertiai
215 2486 385 2559 optimates.
415 2488 578 2560 Numerus,
596 2493 632 2548 'ut
647 2486 726 2560 dixi,
749 2486 839 2546 buius
859 2485 980 2560 generis
995 2487 1055 2547 late
1069 2493 1099 2545 et

70 2568 153 2629 narie
173 2568 305 2630 diffusus
326 2578 387 2630 est:
416 2572 471 2630 sed
493 2586 590 2644 genus
611 2569 802 2641 universum,
823 2570 990 2630 attollatur
1004 2585 1098 2641 error,

70 2648 153 2713 crevi
170 2651 377 2713 circumscribi
392 2660 423 2713 et
438 2652 557 2712 deliniri
572 2662 682 2727 potest.
714 2650 826 2712 Omnes
843 2651 1003 2727 optimates
1020 2663 1098 2723 suut,

70 2735 118 2811 pai
136 2750 242 2808 neque
257 2746 403 2796 nocentes
419 2743 490 2795 sunt
504 2751 561 2795 nec
577 2746 682 2796 natura
696 2735 827 2811 improbi
847 2751 903 2794 nec
921 2734 1027 2795 luriosi
1042 2749 1098 2793 nec

70 2817 155 2879 ostis
170 2817 349 2879 domesticis
364 2818 510 2892 impediti.
548 2818 603 2877 list
615 2817 706 2891 igitur
727 2827 759 2878 ut
772 2819 793 2877 ii
805 2817 879 2888 sint,
898 2834 988 2890 quam
1002 2814 1035 2876 fu
1046 2832 1097 2874 na·

70 2900 183 2963 ionem
203 2902 381 2981 appellasti,
407 2901 459 2973 qui
479 2899 587 2974 integri
603 2908 674 2960 sunt
688 2908 718 2959 et
733 2901 799 2967 sani
815 2909 846 2959 et
860 2900 938 2959 bene
952 2898 1097 2957 derebus

70 2981 248 3045 tamaricis
265 2983 430 3044 constituti.
457 2984 573 3042 Horum
589 2983 642 3056 qui
657 2981 818 3053 voluntati,
832 2981 1017 3050 commodis,
1032 2981 1097 3052 opi·

70 3066 151 3129 sioni
165 3065 199 3125 in
213 3066 410 3141 gubernanda
424 3081 458 3124 rc
473 3066 594 3140 publica
609 3065 758 3136 serviunt,
776 3064 956 3123 deiansores
972 3060 1097 3135 optima-

70 3150 140 3211 iam
161 3148 286 3224 ipsique
307 3149 468 3225 optimates
483 3147 655 3222 gravissimi
669 3155 700 3207 et
719 3144 879 3207 clarissimi
895 3144 979 3204 cives
994 3159 1096 3203 nume-

70 3240 174 3295 rantur
187 3241 219 3292 ct
231 3232 386 3307 principes
402 3231 541 3292 civitatis.
575 3230 626 3292 98.
649 3228 727 3302 Quid
741 3238 789 3289 est
802 3227 892 3302 igitur
906 3225 1096 3303 propositum

70 3314 176 3377 sa-rai
192 3314 333 3391 publicae
347 3313 600 3390 gubernatoribus
615 3313 698 3388 quod
719 3309 827 3372 intueri
847 3320 876 3377 et
894 3326 955 3385 quo
976 3326 1097 3370 cursum

70 3410 159 3461 taum
172 3397 307 3472 dirigere
320 3398 471 3459 debeant?
497 3398 532 3457 ld
545 3397 630 3472 quod
640 3404 689 3457 est
698 3392 990 3470 praestantissimum
1002 3392 1098 3453 maxi·
