2356 3854
341 176 424 237 CAP-
439 184 536 239 e-tt
556 182 582 243 i·
598 184 728 242 13-19.
1002 180 1064 247 129

65 332 186 389 ussus?
213 324 305 401 Quid,
329 326 413 402 quod
432 328 566 387 adventu
582 336 632 388 tuo
654 325 713 389 ista
727 328 873 391 subsellia
885 333 1064 395 vacuefacta

65 420 115 485 nt,
132 408 219 485 quod
233 425 340 469 omncs
355 412 549 475 consulares,
574 409 627 485 qui
643 410 697 471 tibi
717 428 867 490 persaepe
882 416 922 475 ad
937 418 1063 477 eaedem

65 492 189 555 instituti
204 492 338 565 luerunt,
355 491 551 567 simulatque
571 492 733 567 adsedisti‚
749 505 865 570 partem
887 498 975 559 istam
991 499 1062 559 sub-

65 574 308 638 lliorumnudam
318 582 410 651 atque
418 574 539 643 inanem
549 574 745 650 reliquerunt,
758 596 819 653 quo
831 580 951 641 tandem
961 584 1062 643 animo

65 661 82 720 ti
97 657 259 719 terendum
274 665 388 734 pausa
405 656 454 720 17.
470 657 557 717 Servi
574 658 747 719 mehercule
761 660 821 721 mei
835 658 861 722 si
876 680 924 723 me
936 663 996 725 isto
1008 681 1062 741 pa-

65 750 275 815 ametuerent,
288 748 322 801 ut
337 748 366 801 te
381 748 518 801 metuunt
535 757 642 808 omnes
657 742 742 804 cives
753 742 812 816 tui,
828 745 949 807 domurn
964 764 1063 823 meam

65 826 262 901 linquendam
273 832 425 901 putarem:
437 832 470 885 ιιι
480 823 534 885 tibi
545 825 650 884 urbem
658 841 718 885 non
732 826 910 887 arbitraris?
922 837 961 901 et,
977 830 1004 889 si
1014 847 1062 890 me

65 908 105 969 eis
121 906 246 967 civibus
260 904 370 967 iniuria
384 915 560 981 suspectum
577 916 638 967 tam
656 910 788 983 graviter
802 917 894 985 atque
910 910 1063 973 offensum

65 992 182 1065 ierem,
204 1004 309 1051 carere
322 1006 372 1049 mc
387 999 516 1065 aspectu
530 988 657 1062 civium,
679 1008 770 1067 quam
791 986 910 1054 infestis
929 994 1063 1056 omnium

66 1074 129 1135 ulis
143 1070 285 1147 conspici
301 1074 437 1133 mallem=
452 1080 494 1143 tu,
512 1088 605 1146 quum
622 1073 809 1135 conscientia
830 1077 980 1137 scelerum
995 1085 1062 1138 tuo·

66 1175 94 1216 m
109 1170 265 1231 agnoscas
281 1154 382 1216 odium
396 1154 528 1216 omnium
542 1155 654 1216 iustum
665 1166 696 1217 et
706 1156 765 1218 iam
780 1157 833 1218 diu
848 1158 902 1219 tibi
918 1158 1062 1234 debiturn,

65 1240 169 1313 rbitris,
193 1254 322 1313 quorum
340 1245 458 1299 mentes
477 1254 651 1315 sensusque
664 1242 827 1317 vulneres,
848 1257 954 1303 eorum
972 1259 1061 1321 aspe-

65 1340 112 1383 um
127 1322 393 1397 praesentiumque
408 1320 524 1382 vitaret
550 1321 583 1382 Si
602 1330 633 1382 te
650 1332 794 1399 parentes
809 1323 950 1387 timerent
969 1335 1062 1401 atque

65 1404 170 1467 iissent
186 1404 228 1465 tui
238 1420 339 1478 neque
354 1405 481 1464 eosulla
491 1404 609 1466 ratione
624 1406 747 1481 placare
760 1422 882 1483 posses,
899 1418 932 1469 ιιι
943 1409 1061 1485 opinor,

88 1502 197 1549 eorum
213 1486 310 1557 oculis
333 1488 436 1562 aliquo
458 1490 661 1550 concederem
687 1506 768 1551 nunc
788 1500 818 1551 te
838 1490 950 1567 petria,
982 1510 1062 1567 quac

66 1570 203 1631 marianis
217 1578 265 1633 ost
276 1586 387 1645 parens
400 1570 532 1632 omnium
544 1580 691 1645 nostrum,
710 1572 775 1634 odit
788 1588 825 1633 ac
836 1573 943 1635 metuit
954 1582 987 1634 et
1000 1575 1061 1635 iam

66 1672 81 1715 u
95 1662 126 1715 te
143 1652 219 1713 nihil
231 1652 345 1714 iudicat
359 1652 417 1714 nisi
434 1655 472 1714 de
493 1653 656 1729 parricidIo
677 1671 734 1716 suo
750 1654 900 1730 cogitarez
921 1656 1012 1718 huius
1029 1667 1061 1717 ιιι

66 1751 132 1813 eque
149 1736 358 1797 auctoritatem
372 1736 519 1797 verebere
534 1753 591 1796 nec
611 1737 756 1797 iudicium
771 1753 903 1812 sequere
927 1754 983 1797 nec
999 1739 1060 1798 vim

66 1820 253 1881 rtimeecest
293 1816 343 1882 la.
359 1818 443 1894 Quae
457 1828 572 1890 tecum,
588 1818 727 1892 Catilina,
741 1820 786 1880 sic
801 1820 863 1894 agit
880 1829 911 1880 et
928 1820 1060 1894 quodam

66 1904 122 1963 odo
138 1902 229 1963 tacita
242 1902 388 1979 loquitur:
415 1900 534 1961 Nullum
548 1900 608 1960 iem
627 1901 744 1979 aliquot
763 1902 851 1963 annis
872 1901 990 1964 ramnus
1008 1920 1059 1964 ex-

66 1985 178 2047 titnisi
195 2001 251 2061 per
264 1995 309 2058 te,
324 1986 438 2046 nullum
454 1982 599 2059 flagitium
615 1984 740 2045 sinete:
760 1986 814 2047 tibi
829 1985 881 2059 uni
897 1988 1059 2048 multorum

66 2069 140 2130 nium
156 2083 259 2140 neces,
274 2068 328 2129 tibi
339 2066 461 2129 vexatio
474 2067 667 2145 direptioque
678 2068 831 2131 sociorum
846 2069 994 2146 impunita
1005 2071 1059 2132 luit

82 2153 195 2213 liberas
210 2159 241 2211 ιιι
255 2168 316 2213 non
332 2153 429 2212 solum
442 2153 481 2211 ad
494 2152 692 2227 negligendas
708 2154 792 2228 teges
807 2163 837 2214 et
852 2158 1058 2229 quaestiones,

66 2252 133 2295 :rum
156 2234 247 2295 etiam
267 2233 308 2295 ad
328 2237 509 2295 evertendas
526 2236 821 2312 perfringendasque
835 2237 968 2298 valuisti.
1002 2238 1058 2296 Su·

66 2318 151 2379 diora
161 2317 222 2392 illo,
239 2334 422 2393 quamquam
432 2318 557 2378 terenda
572 2336 633 2378 non
645 2321 776 2393 luerunt,
790 2329 900 2394 tamen,
915 2328 948 2380 ut
964 2318 1057 2395 potui,

66 2402 96 2461 liz
112 2417 193 2462 nune
206 2417 278 2461 vero
290 2417 339 2461 me
350 2409 442 2462 totam
454 2419 525 2461 esse
536 2401 565 2460 in
582 2411 663 2463 metu
677 2411 841 2478 propterte
853 2420 956 2475 unum,
971 2402 1058 2479 quid-

66 2484 103 2545 dd
123 2484 321 2559 increpuerit,
347 2484 500 2545 Catilinam
514 2484 626 2557 timeri,
648 2488 760 2546 nultum
778 2485 874 2546 videri
890 2496 994 2547 contra
1009 2502 1057 2547 me

69 2566 189 2629 nsilium
206 2567 273 2627 iniri
288 2583 382 2642 posse
398 2570 479 2643 quod
495 2586 513 2627 a
529 2576 580 2628 tuo
597 2571 714 2630 scelere
727 2570 903 2644 abhorreat,
926 2586 987 2631 non
1012 2578 1056 2630 est

67 2652 196 2712 rendum.
232 2650 458 2725 Quamobrem
475 2652 601 2712 diseede
623 2662 714 2727 atque
733 2654 813 2712 hanc
831 2652 903 2713 mihi
921 2652 1055 2714 timorem

67 2734 129 2809 tpe=
146 2734 175 2794 si
192 2742 355 2805 estuans,
371 2734 595 2809 neopprimar‚
617 2736 663 2795 sin
680 2738 792 2809 salsus,
820 2746 853 2796 ut
868 2736 990 2796 tandem
1005 2736 1056 2795 uli-

67 2818 153 2878 tando
170 2817 275 2878 timere
291 2818 436 2879 desinam.
467 2819 546 2877 Vlll.
573 2817 621 2879 19.
647 2820 731 2879 Haec
746 2819 772 2879 si
792 2828 908 2892 tecum,
938 2827 970 2878 ut
985 2818 1056 2887 dixi,

67 2900 125 2960 tria
139 2902 296 2975 loquatur,
313 2914 413 2959 nonne
430 2903 590 2976 impetrare
605 2902 729 2974 debeat,
751 2900 841 2962 etiam
856 2902 883 2962 si
898 2900 958 2960 vim
973 2898 1054 2957 adhi-

67 3000 100 3043 re
114 3000 175 3044 non
195 2984 313 3059 possitt
354 2983 447 3057 Quid,
468 2985 551 3059 quod
567 2992 597 3043 tu
614 2993 643 3044 te
660 2984 773 3060 ipsein
789 2984 958 3045 custodiam
974 2982 1054 3040 dedi-

73 3075 89 3126 ι
108 3066 193 3143 quod
208 3066 349 3127 vitandae
364 3065 549 3141 suspicionis
564 3083 672 3140 causa,
693 3069 776 3143 apud
789 3069 839 3127 Μ’.
863 3066 1013 3141 Lepidum
1028 3072 1057 3129 te

67 3149 165 3211 bitere
182 3150 261 3210 velle
274 3149 398 3210 dixisti?
429 3166 523 3222 aquo
538 3166 599 3209 non
616 3159 759 3225 receptus
777 3152 867 3210 etiam
886 3150 926 3210 ad
940 3165 989 3210 me
1005 3168 1054 3211 ve·

67 3250 91 3295 ·e
105 3250 203 3294 ausus
225 3250 275 3307 es,
298 3243 390 3307 atque
409 3241 442 3292 ut
461 3230 542 3291 domi
563 3247 648 3290 meae
672 3241 701 3291 te
717 3234 912 3293 adservarem
932 3234 1057 3309 rogasti.

67 3334 122 3377 tum
135 3334 160 3376 a
174 3334 223 3377 me
240 3332 363 3391 quoque
379 3315 410 3374 id
428 3331 611 3389 responsum
626 3313 767 3390 tulisses,
797 3334 845 3378 me
865 3318 947 3379 nullo
964 3320 1054 3379 modo

70 3416 123 3462 sse
137 3399 248 3461 iisdem
263 3399 430 3475 parietibus
445 3406 508 3459 tuto
529 3414 599 3459 esse
614 3406 722 3472 tecum,
740 3399 792 3476 qui
806 3418 917 3479 magno
931 3401 962 3463 in
977 3400 1057 3477 peri-

82 3496 140 3538 crc.
158 3492 249 3537 onan.
861 3486 883 3551 9
