2356 3854
115 173 188 281 ἰιι
422 163 848 270 moasumaoauno.

123 361 230 431 tribuo,
242 373 325 434 quae
338 364 441 417 vestra
454 365 538 417 sunt·
554 373 611 418 nec
626 373 698 417 vero
711 372 838 451 possum
848 362 967 416 tantum
981 368 1050 412 mco
1063 351 1131 426 inpe-

123 443 174 505 nio
189 442 271 513 dare,
286 448 319 500 ut
332 447 376 500 tot
391 455 451 510 res,
467 447 575 513 tantas,
590 447 649 499 tam
665 438 773 511 varias,
788 447 848 499 tam
862 434 1042 512 repentinas
1055 435 1133 494 inille

123 521 380 586 turbulentissima
393 530 571 596 tempestate
587 523 631 581 rei
644 520 783 596 publicae
795 522 863 583 mea
879 527 992 593 sponte
1008 517 1168 613 ιιιιιιιιιι-Ι

122 606 234 667 rim·-
240 621 329 675 ,vos
350 606 485 679 protecto
507 606 636 664 animum
652 620 751 663 meum
767 605 831 663 tum
847 601 1079 665 conservandae
1093 568 1168 674 pa!

122 688 198 749 triae
212 687 376 762 cupiditate
389 685 584 747 incendistis·
604 702 661 745 vos
676 703 724 746 me
739 687 777 746 ab
794 684 938 744 omnibus
952 681 1082 744 caeteris
1094 697 1135 742 co
1166 680 1168 749 ἓ

122 769 315 846 gitationibus
330 769 370 828 od
386 785 476 830 unam
491 771 618 829 salutern
637 769 681 828 rei
695 769 840 844 publicae
856 765 1067 828 convertistis
1088 778 1135 824 vot
1166 772 1168 847 t

123 851 281 926 denique
273 869 304 911 ιιι
325 851 415 912 tantis
433 851 563 914 tenebris
578 850 689 911 erroris
709 859 740 910 et
752 849 932 910 inscientiae
937 833 1135 908 clarissimum

123 938 224 996 lumen
238 934 329 995 menti
345 951 431 994 meae
449 933 642 1008 praetulistis.
687 932 737 992 41.
759 931 831 991 Vidi
851 948 909 1007 ego
924 928 1003 1003 hoc,
1025 930 1136 1002 iudices,

122 1018 181 1078 nisi
196 1017 310 1078 recenti
325 1017 469 1077 memoria
484 1025 607 1077 senatus
624 1016 830 1076 auctoritatem
849 1013 942 1074 huius
964 975 1070 1073 indicii
1085 1028 1134 1072 mo·

122 1100 272 1161 numentis
286 1098 417 1173 publicis
433 1107 559 1160 testatus
573 1115 683 1170 essem,
701 1100 766 1157 lore
779 1106 812 1157 ut
825 1095 995 1171 aliquando
1009 1111 1068 1159 non
1077 1097 1134 1155 'lor

124 1192 233 1258 qualus
254 1196 353 1256 neque
368 1182 510 1254 Torquati
530 1182 681 1256 quispiam
698 1180 803 1258 similis
817 1213 860 1226 -·
876 1195 945 1238 nam
964 1177 999 1238 id
1014 1194 1064 1239 me
1076 1177 1132 1238 ronl-

122 1274 185 1326 tum
194 1263 305 1324 'fefellit
316 1296 366 1335 -,
385 1263 441 1349 sed
455 1271 488 1323 ut
501 1264 611 1338 aliquis
627 1261 797 1338 patrimonii
810 1263 995 1336 naulragus,
1012 1259 1131 1321 inimicas

124 1346 198 1417 ocii,
220 1347 368 1405 bonorum
382 1345 495 1418 hostis,
513 1347 598 1406 aliter
611 1346 743 1406 indicate
759 1346 835 1405 haec
850 1360 922 1404 esse
937 1343 1070 1416 diceret,
1085 1357 1133 1417 quo

123 1428 240 1488 facilius
259 1436 350 1487 vento
373 1428 475 1501 aliquo
495 1427 526 1487 in
548 1427 693 1503 optimum
715 1443 866 1503 quemque
886 1426 1023 1487 excitato
1045 1430 1134 1500 posset

122 1511 153 1583 in
168 1511 255 1570 malis
269 1509 313 1569 rei
330 1509 468 1584 publicae
481 1519 600 1585 portum
614 1511 746 1585 aliquem
761 1525 885 1570 suorum
899 1509 1052 1579 malorum
1065 1508 1133 1567 inve

123 1594 195 1652 nire.
226 1594 330 1668 ltaque
344 1593 521 1653 introductis
535 1594 565 1652 in
584 1602 720 1654 senatum
735 1591 885 1653 indicibus
900 1590 1048 1657 constitui
1063 1605 1133 1650 sent·

122 1684 221 1750 tores,
245 1675 297 1749 qui
312 1676 412 1735 omnia
426 1675 559 1736 indicum
580 1676 674 1747 dicta,
696 1675 892 1750 interrogata,
912 1690 1069 1749 responsa
1080 1687 1132 1748 per·

123 1757 298 1819 scriberent.
334 1756 385 1818 42.
403 1761 444 1818 At
459 1776 536 1833 quos
552 1759 649 1819 viros!
669 1775 734 1818 non
748 1758 848 1819 solum
862 1756 1101 1819 summa.virtute
1113 1759 1133 1813 et

123 1841 199 1914 fide,
231 1841 316 1902 ouius
341 1840 461 1916 generis
486 1850 550 1902 eret
573 1841 613 1900 ιιι·
631 1849 738 1902 senatu
763 1841 896 1900 facultas
913 1839 1063 1912 maxima,
1090 1834 1133 1898 sed

123 1923 213 1982 etiam
244 1940 322 1998 quos
357 1921 490 1983 sciebam
519 1923 677 1994 memoria,
717 1921 875 2001 scientia„
889 1921 1047 1985 celeritate
1075 1917 1131 1981 scri·

121 2004 214 2063 bendi
234 2004 374 2064 facillime
391 2022 469 2080 quae
491 2006 661 2066 dicerentur
682 2004 826 2080 persequi
847 2021 959 2079 possea
990 2005 1021 2064 (2.
1037 2004 1131 2064 coste

122 2085 215 2159 nium,
231 2087 356 2161 quitum
368 2095 432 2146 erat
443 2097 571 2162 praetor,
589 2090 628 2147 M.
639 2089 821 2158 Messallam,
837 2087 888 2160 qui
901 2095 965 2147 tum
977 2095 1131 2161 praetuta

122 2169 259 2244 petebat,
276 2169 307 2227 P.
322 2168 488 2242 Nigidium,
508 2172 587 2246 App.
603 2169 768 2230 claudium.
797 2170 894 2229 Credo
910 2185 984 2230 esse
999 2169 1131 2229 neminen

123 2251 175 2327 qui
191 2251 238 2312 his
253 2251 425 2312 hominibus
442 2254 481 2313 ad
503 2269 573 2313 vere
595 2253 785 2313 referendum
806 2260 857 2311 aut
877 2252 970 2312 fidem
989 2260 1073 2328 putet
1095 2252 1132 2309 aut

123 2330 275 2408 ingenium
290 2334 436 2395 defuisse.
1117 2366 1121 2385 ι

204 2416 268 2475 XV.
289 2417 366 2490 Quid
380 2417 512 2478 deinde?
532 2415 604 2492 quid
626 2415 706 2477 lecit
729 2434 820 2492 quum
836 2417 947 2478 scirem
962 2419 1005 2478 ita
1020 2412 1133 2478 esseio

122 2495 234 2557 dicium
248 2501 374 2559 relatum
397 2500 426 2558 in
443 2500 560 2560 tabulas
581 2499 733 2574 publicas,
759 2509 792 2561 ut
809 2501 877 2560 illae
892 2501 1017 2560 tabulae
1032 2500 1133 2575 prino

121 2587 220 2638 tamen
236 2581 375 2640 custodia
390 2598 473 2641 more
488 2581 632 2642 maiorum
648 2581 886 2655 continerentur,
908 2598 972 2642 non
989 2576 1132 2646 occultavit

122 2678 185 2721 non
198 2661 331 2721 continui
349 2663 438 2743 domi,
459 2664 515 2723 sed
533 2663 632 2724 statim
647 2663 778 2724 describi
795 2666 834 2725 ab
849 2664 992 2726 omnibns
1006 2661 1133 2729 *librariis

123 2743 217 2803 dividi
235 2744 350 2818 passim
364 2753 394 2804 et
410 2747 580 2833 pervulgari
590 2755 686 2841 ‘atque
702 2745 751 2806 edi
769 2749 883 2822 populo
898 2747 1041 2808 Romano
1056 2747 1133 2840 impe

120 2825 196 2886 ravi.
225 2825 321 2886 Divisi
337 2826 391 2886 toti
405 2827 522 2900 ltaliae,
540 2826 627 2887 emisi
640 2827 671 2887 in
686 2844 793 2889 omnes
807 2829 1001 2904 provincias,
1024 2825 1133 2890 simia

107 2907 201 2980 -dicii,
219 2926 258 2969 ex
276 2926 336 2984 quo
351 2910 452 2970 oblata
466 2912 549 2970 salus
564 2914 647 2969 esset
664 2910 803 2991 omnibus
810 2914 994 2985 ,expertem
1009 2928 1081 2974 esse
1095 2922 1133 2969 oe
1166 2906 1168 2913 '

121 2991 231 3052 minem
251 2992 342 3053 volui.
386 2990 438 3053 43
459 2994 564 3066 ltaque
579 2991 648 3054 dico
664 2992 786 3053 locum
778 3009 808 3052 ιιι
824 2995 898 3053 orbe
914 3002 1066 3055 terrarum
1078 3003 1134 3054 etet

121 3066 249 3146 nullum,
274 3091 334 3148 quo
354 3073 384 3134 in
400 3077 468 3136 loco
483 3073 587 3152 populi
600 3073 729 3134 Romani
743 3091 852 3136 nomen
868 3074 924 3148 sit,
950 3076 1027 3152 quin
1041 3076 1135 3138 eodan

121 3157 321 3230 perscriptum
335 3158 395 3217 hoc
408 3156 549 3224 indicium
564 3156 744 3231 pervenerit
775 3159 808 3216 ln
821 3175 882 3232 quo
897 3168 1036 3233 egotam
1050 3155 1136 3220 subiit

122 3236 275 3309 etexiguo
292 3248 321 3299 et
330 3238 450 3300 turbido
465 3248 601 3334 ternpore
615 3240 708 3299 multa
721 3238 874 3312 divinitus,
890 3239 933 3300 ita
942 3250 984 3303 ut
998 3241 1063 3302 d
1087 3251 1135 3299 ιιι

121 3330 190 3375 mea
204 3323 312 3390 sponte
332 3321 467 3397 providi=
493 3321 634 3396 primum,
658 3336 697 3380 ne
718 3320 771 3396 qui
785 3329 894 3396 posset
906 3331 1062 3385 tantum
1104 3320 1136 3382 dc
1166 3350 1168 3385 ι

122 3395 166 3456 rei
191 3399 328 3495 publicae
352 3410 404 3462 aut
426 3404 466 3461 de
490 3402 617 3461 alicuius
642 3401 777 3499 periculo
802 3403 981 3467 meminisse
1001 3388 1168 3482 quantun*

1157 3636 1168 3795 l
