2356 3854
312 192 392 251 CAP.
409 200 541 254 aa-ao.
563 197 589 258 s·
603 198 737 254 tr—so.
973 145 1043 262 185⁴

58 344 135 414 oris,
155 343 235 401 oculi
250 333 389 413 sceleris,
413 358 513 402 sermo
529 342 739 415 adrogantiae,
757 341 801 403 sic
816 352 848 405 ut
863 343 891 404 ei
908 342 967 403 iam
984 361 1034 406 ex-

60 434 145 485 ratus
166 432 197 484 et
218 424 300 484 domi
321 425 461 484 conditus
486 426 663 485 consulatus
681 424 843 489 videretur.
879 428 1035 488 Murenam

58 509 234 568 rtemnebat:
257 507 423 581 Sulpicium
439 516 648 567 accusatorem
664 525 752 567 suurn
768 512 957 580 numerabat,
975 528 1035 571 nou

58 592 252 665 apetitorem=
276 590 304 649 ei
319 591 380 649 vim
397 590 615 660 denunciabat,
635 591 835 664 reipublicae
857 593 1035 653 minabatur.

58 677 97 734 V.
114 673 165 734 50.
183 673 296 747 Quibus
309 674 402 733 rebus
420 673 471 748 qui
490 675 577 734 timor
591 673 680 733 bonis
696 674 836 734 omnibus
854 676 982 736 iniectus
998 676 1036 736 sit

58 766 184 831 tntaque
200 755 374 830 desperatio
389 755 600 831 reipublicae,
618 758 644 815 si
659 758 708 815 ifle
721 757 818 817 factus
836 767 928 831 esset,
944 759 1036 819 nolite

58 858 93 900 ne
114 841 299 915 commoneri
315 841 409 898 velle:
434 848 552 901 vosmet
573 839 632 911 ipsi
646 839 807 898 vobiscum
823 841 1037 901 recordamini.

59 923 186 983 ministis
208 922 304 994 enim,
327 939 419 996 quum
441 922 521 981 iliius
538 921 645 981 nefarii
665 922 843 996 gladiatoris
857 939 952 983 voces
968 941 1035 997 per-

60 1007 213 1078 buissent,
229 1022 304 1080 quas
320 1006 464 1064 habuisse
479 1005 509 1063 in
525 1004 667 1064 contione
685 1006 854 1067 domestica
868 1006 1034 1078 dicebatur,

58 1108 106 1150 rm
113 1090 293 1150 miserorum
306 1089 426 1147 fidelem
438 1089 783 1163 defensoremnegasset
793 1088 922 1148 inveniri
931 1105 1035 1164 posse,

57 1174 164 1243 icum,
188 1171 240 1246 qui
260 1172 329 1246 ipse
343 1171 436 1230 miser
457 1180 555 1244 esset,
569 1171 755 1247 integrorum
771 1181 801 1232 et
815 1175 1035 1232 fortunatorum

58 1256 168 1316 >missis
189 1255 313 1315 saucios
334 1262 364 1314 et
383 1254 512 1314 miseros
528 1256 653 1316 credere
668 1273 728 1327 non
744 1265 900 1330 oportere:
926 1272 988 1330 qua
1002 1270 1036 1316 re

57 1339 65 1398 i
82 1347 262 1413 consumpta
280 1340 413 1412 replere,
443 1347 548 1412 erepta
566 1356 749 1414 recuperare
768 1341 895 1412 vellent,
916 1347 1035 1414 specta-

58 1432 75 1487 tt
92 1424 163 1495 quid
180 1422 248 1496 ipse
267 1422 407 1492 deberet,
431 1421 504 1495 quid
521 1423 708 1496 possideret,
733 1423 807 1497 quid
822 1424 963 1483 auderet:
981 1423 1034 1481 mi·

58 1523 86 1564 re
102 1505 238 1565 timidum
255 1514 285 1563 et
299 1505 387 1563 valde
406 1506 614 1566 calamitosum
632 1522 703 1566 esse
719 1516 861 1579 oportere
881 1524 964 1578 eum,
983 1505 1034 1580 qui

58 1597 90 1648 et
104 1590 222 1648 futurus
238 1588 300 1647 dux
316 1596 345 1647 et
360 1587 485 1661 signifer
496 1581 750 1648 calamitosorum.
783 1587 833 1648 51.
851 1590 923 1648 Tum
936 1587 1033 1662 igitur,

79 1673 170 1730 rebus
191 1670 316 1741 auditis,
337 1671 515 1729 meministis
537 1671 603 1730 fieri
625 1672 937 1731 senatusconsultum
956 1673 1005 1730 ref
1023 1703 1033 1710 -

58 1761 92 1813 te
114 1771 177 1824 me,
200 1770 238 1812 ne
255 1762 380 1828 postero
396 1753 445 1812 die
460 1753 581 1812 comitia
599 1754 795 1825 haberentur,
819 1762 852 1813 ut
867 1754 906 1811 de
921 1752 970 1812 his
987 1769 1033 1810 re-

58 1855 64 1896 s
88 1836 118 1896 in
140 1846 248 1896 senatu
266 1853 357 1910 agere
377 1851 550 1908 possemus.
591 1837 698 1910 ltaque
716 1835 864 1909 postridie
886 1835 1035 1908 frequenti
1102 1885 1105 1890 ,

58 1928 116 1980 tatu
137 1919 291 1979 Catilinam
313 1917 444 1978 excitavi
465 1926 557 1992 atque
579 1935 648 1978 eum
669 1919 707 1977 de
727 1918 775 1977 his
798 1919 889 1978 rebus
911 1917 988 1977 iussi
1009 1918 1034 1976 si

58 2004 82 2061 .d
96 2005 199 2076 veliet,
222 2019 301 2077 quae
318 2003 356 2060 ad
377 2018 425 2060 me
440 2002 558 2061 adlatae
573 2010 693 2074 essent,
709 2001 819 2061 dicere.
859 2005 963 2075 Atque
973 2000 1033 2072 itte,
1065 2027 1067 2032 2

59 2094 180 2160 se'mper
196 2085 251 2146 fuit
270 2085 496 2158 apertissimus
519 2101 580 2144 non
598 2102 633 2145 se
649 2085 803 2160 purgavit,
820 2087 876 2145 sed
890 2083 1035 2145 indicavit

58 2185 98 2241 ¹ue
113 2168 219 2229 induit.
247 2168 321 2227 Tum
336 2168 415 2228 enim
430 2167 506 2227 dixit
519 2169 578 2227 duo
597 2185 726 2242 corpora
741 2185 811 2228 esse
826 2171 869 2227 rei
885 2168 1034 2243 publicae,

58 2269 99 2311 rm
118 2251 232 2320 debile,
258 2251 377 2312 infirmo
399 2251 511 2325 capite:
539 2252 665 2312 aiterum
681 2253 812 2322 firmum,
838 2250 904 2310 sine
920 2249 1033 2323 capite:

58 2351 92 2407 c,
114 2351 212 2410 quum·
227 2334 268 2394 ita
282 2335 321 2393 de
336 2352 370 2394 se
388 2335 525 2394 meritum
540 2328 639 2407 esset,
663 2342 755 2408 caput
768 2350 804 2399 se
823 2335 892 2394 vivo
907 2349 972 2393 non
982 2333 1033 2391 de·

58 2435 147 2477 urum.
192 2418 369 2490 Congemuit
390 2427 515 2477 senatus
543 2418 688 2491 frequens
714 2433 815 2490 neque
834 2424 934 2481 tamen
959 2415 1034 2476 satis

58 2516 114 2560 rere
136 2517 193 2575 pro
212 2500 259 2580 rei
276 2500 452 2574 indignitate
473 2501 622 2560 decrevit:
646 2518 715 2559 nam
731 2498 838 2573 partim
854 2499 923 2560 ideo
940 2499 1034 2559 fortes

60 2584 250 2644 decernendo
266 2601 325 2643 non
342 2593 441 2654 erant,
468 2583 540 2658 quia
556 2584 629 2642 nihii
644 2585 801 2655 timebant,
823 2583 946 2657 partim,
963 2581 1036 2655 quia

58 2667 164 2728 rebant:
188 2684 281 2740 quum
302 2666 400 2740 erupit
419 2684 436 2725 e
452 2674 574 2739 senatu,
596 2667 784 2740 triumphans
799 2666 925 2740 gaudio,
944 2665 1042 2740 quem

58 2749 128 2810 nino
146 2750 249 2809 vivum
265 2749 346 2808 illinc
361 2749 448 2809 exire
461 2767 523 2809 non
541 2758 728 2823 oportuerat:
747 2750 925 2823 pracsertim
941 2764 1033 2822 quum
1064 2789 1068 2794 ·

58 2849 85 2891 tm
106 2834 155 2892 ille
170 2833 199 2892 in
217 2833 325 2892 eodem
342 2833 448 2891 ordine
463 2832 569 2907 paucis
587 2832 695 2891 diebus
711 2841 779 2891 ante
797 2816 916 2899 Catoni,
934 2828 1034 2888 fortis-

58 2932 84 2974 1o
105 2916 189 2986 viro,
213 2914 355 2975 iudicium
376 2914 524 2975 minitanti
546 2931 581 2973 ac
597 2914 791 2974 denuncianti
812 2911 1033 2987 respondisset

58 3000 133 3072 quod
157 3007 241 3058 esset
261 2999 291 3056 iu
313 3015 385 3058 suas
404 2998 541 3057 fortunas
562 2997 736 3057 incendium
753 2997 929 3064 excitatum,
953 2992 984 3051 id
1001 3009 1034 3051 se
1075 3013 1081 3027 ¹

58 3097 69 3138 n
89 3098 184 3156 aqua,
210 3081 266 3141 sed
285 3083 372 3140 ruina
389 3081 610 3140 restincturum.
650 3079 755 3138 XXVI.
771 3077 821 3137 52.
839 3076 894 3138 His
908 3082 971 3134 tum
987 3091 1030 3134 re·

58 3179 68 3221 s
86 3173 269 3235 commotus,
289 3172 319 3223 et
341 3163 423 3236 quod
444 3160 582 3221 homines
603 3160 664 3220 iam
686 3171 748 3220 tum
771 3158 945 3219 coniuratos
965 3175 1033 3219 cum

58 3247 114 3307 diis
135 3240 165 3308 in
187 3263 327 3321 campum
351 3244 461 3305 deduci
484 3241 643 3303 adatifina
665 3242 812 3313 sciebam,
841 3241 987 3301 descendi
1002 3241 1031 3300 in

58 3343 147 3404 upum
163 3347 231 3391 cum
249 3329 423 3390 firmissimo
439 3324 592 3402 praesidio
611 3324 844 3385 fortissimorum
854 3324 989 3384 virorum
1005 3335 1034 3383 ct

58 3413 141 3474 nilla
160 3416 221 3474 fata
235 3406 408 3487 insignique
430 3409 539 3482 lorica,
562 3423 622 3466 uon
641 3424 720 3484 quae
739 3424 787 3467 me
802 3416 921 3483 tegeret
933 3441 974 3457 --
990 3415 1033 3466 et-
