2356 3854
379 166 745 233 οΑΡΝιιη-ιιιιι-
756 177 800 228 ιι.
900 213 931 253 ,Ι
1041 168 1104 233 315

70 320 155 399 quid
168 316 400 393 tergiversaris?
418 314 515 377 Etiam
530 325 621 392 atque
633 319 722 377 etiam
738 317 817 378 iusto
834 326 925 393 atque
940 335 1045 394 urgeo,
1062 319 1106 379 iu-

72 410 198 485 sector,
222 408 320 476 posco
340 407 432 474 atque
452 401 530 460 adeo
545 398 649 473 flagito
673 401 801 461 crimen:
818 418 1040 476 quamcumque
1056 402 1107 463 tri·

70 474 159 558 bum,
174 484 310 579 inquam,
324 481 484 578 delegeris,
503 499 593 556 quam
610 482 710 544 tulerit
723 483 879 556 Plancius,
899 495 929 545 tu
946 486 1107 559 ostendito,

74 570 105 633 si
126 566 282 646 potueris,
304 564 422 626 vitium·
439 581 496 640 ego
513 581 573 640 qua
588 565 705 626 ratione
729 569 826 628 tutem
839 568 968 628 docebo
1002 571 1108 659 Neque

73 650 226 715 erithace
240 649 389 709 alteratio
406 648 528 708 Plancio
543 664 579 708 ac
593 648 655 721 tibi,
669 650 852 710 Laterensis
888 651 962 710 Nam
980 661 1012 712 ut
1030 648 1107 726 q'uas

72 728 176 801 tribus
192 742 224 794 tu
235 731 338 805 tulisti,
352 731 379 792 si
393 731 452 791 ianr
468 748 508 791 ex
522 740 551 792 te
565 732 726 806 requiram,
739 735 843 807 possis
860 750 988 807 quorum
1007 736 1107 796 studio

70 814 183 883 'tuleris
198 816 361 891 explicare,
378 815 424 875 sic
438 831 496 891 ego
512 815 571 874 hoc
588 818 749 889 contendo,
764 833 812 875 me
828 816 900 876 tibi
893 817 1021 890 1ps1adt
1024 835 1106 879 ersa-

76 902 123 965 rio
138 900 360 973 cuiuscumque
377 896 471 958 tribus
487 897 634 959 rationem
650 899 832 974 poposceris
849 899 1046 960 redditurum.

138 979 205 1046 XX.
228 980 280 1043 49.
301 980 363 1042 Sed
384 980 497 1042 cursio
512 989 592 1056 ago?
612 983 700 1057 quasi
721 997 782 1042 non
797 982 928 1044 comitiis
942 983 1001 1043 iam
1016 1000 1108 1059 supe-

75 1066 210 1131 rioribus
222 1066 261 1126 sit
271 1065 410 1125 Plancius
420 1063 597 1138 designatus
613 1065 734 1126 aedilis:
751 1082 831 1141 quae
848 1065 970 1126 comitia
981 1066 1109 1141 primum

75 1152 192 1213 babere
204 1149 307 1224 coepit
324 1149 432 1208 consul
447 1165 540 1223 quum
555 1148 725 1209 omnibus
717 1167 746 1208 m
766 1150 858 1211 rebus
874 1167 991 1211 sumrna
1004 1160 1109 1212 aucto·

76 1235 167 1296 ritate
178 1228 242 1294 'tum
255 1224 389 1297 harum
373 1246 514 1327 ipsarum
527 1233 628 1328 legam
643 1231 773 1294 ambitus
787 1243 906 1295 ιιιιοι·
929 1233 1040 1295 deinde
1055 1235 1107 1294 ha

75 1319 154 1380 bere
168 1314 267 1392 coepit
284 1300 393 1375 subitb.
401 1322 520 1411 praeter
535 1315 708 1411 opinionem
723 1316 871 1391 omnium,
885 1327 918 1378 ιιι
931 1335 970 1378 ne
985 1318 1011 1378 si
1026 1318 1108 1394 cogi-

75 1408 175 1464 tasset
189 1399 312 1476 quidem
331 1396 433 1473 largiri
447 1398 606 1473 quispiam,
624 1401 746 1461 daretur
760 1401 890 1476 spatium
901 1403 1108 1479 comparandi.

74 1487 212 1546 vocatae
222 1481 328 1554 trrbus
341 1483 433 1542 latum
441 1478 627 1558 suffragium
638 1483 784 1558 diribitae,
793 1485 1003 1547 renunciatae=
1016 1488 1107 1562 longe

77 1566 239 1644 plurimum
253 1563 349 1625 valuit
361 1565 515 1626 Plancius·
536 1568 618 1626 nulla
639 1567 806 1641 largitionis
822 1585 878 1629 nec
897 1569 951 1631 luit
965 1585 1021 1629 uec
1036 1586 1107 1630 esse

75 1650 176 1728 poturit
190 1647 336 1723 suspicio.
357 1648 416 1708 Ain
432 1651 575 1709 undena
589 1665 650 1708 una
664 1653 799 1710 centuria
815 1652 1027 1726 praerogativa
1041 1662 1106 1714 tan-

74 1740 138 1797 tum
152 1733 245 1795 habet
266 1731 467 1803 auctoritaie,
486 1740 519 1791 ut
531 1748 628 1801 ,nemo
649 1750 792 1807 umquam
818 1734 901 1808 prior
922 1749 988 1792 eam
1009 1735 1109 1795 tulerit

76 1816 150 1895 quin
171 1815 366 1878 renunciatus
389 1814 428 1874 sit
446 1823 497 1874 aut
517 1814 555 1875 iis
571 1814 647 1889 ipsis
671 1815 800 1875 comitiis
824 1816 1036 1876 consularibus
1049 1826 1110 1883 ,aut

75 1909 159 1963 certe
174 1899 206 1960 in
219 1899 304 1975 illurn
316 1914 443 1959 annum:
458 1897 586 1958 aedilem
593 1898 623 1958 in
638 1897 792 1958 Plancium
808 1899 919 1959 iactum
933 1916 1004 1959 esse
1018 1899 1105 1960 mira-

75 1983 135 2058 ris,
160 1984 190 2042 iu
210 1998 271 2059 quo
286 1999 348 2043 non
364 1980 475 2055 exigua
492 1998 563 2056 pars
579 1980 699 2056 populi,
724 1982 780 2042 sed
795 1982 955 2043 universus
973 1986 1107 2061 populus

77 2068 261 2128 voluntatem
279 2082 365 2126 suam
386 2064 566 2124 declararit?
586 2065 673 2126 cuius
693 2063 724 2125 iu
743 2066 859 2127 horrore
876 2084 937 2128 non
952 2068 1040 2129 unius
1059 2068 1106 2128 ui-

75 2151 133 2210 bus
149 2166 239 2226 pars,
256 2149 312 2209 sed
326 2147 446 2209 comitia
464 2157 524 2209 tota
538 2147 667 2210 comitiis
683 2147 792 2210 luerint
806 2152 1038 2226 praerogativa?
1054 2149 1112 2213 50..

76 2234 141 2308 Quo
157 2234 282 2308 quidem
300 2241 451 2307 tempore,
464 2232 652 2306 Laterensis,
674 2232 700 2292 si
720 2232 752 2293 id
768 2233 874 2294 iacere
887 2236 1039 2295 voluisses
1055 2242 1108 2294 aut

77 2318 102 2377 si
121 2316 279 2392 gravitatis
299 2332 371 2377 esse
391 2324 535 2392 putasses
558 2325 642 2390 tuae,
667 2318 751 2390 quod
773 2317 857 2377 multi
875 2317 993 2376 nobiles
1012 2333 1108 2392 saepe

75 2398 228 2473 iecerunt,
252 2407 298 2472 ut,
316 2417 408 2474 quum
423 2399 521 2460 rninus
539 2399 707 2460 valuissent
727 2399 881 2474 suffragiis
900 2417 989 2475 quarn
1004 2410 1107 2476 putas·

77 2490 151 2555 sent,
168 2490 277 2558 postea
291 2482 418 2557 prolatis
434 2482 564 2544 comitiis
578 2491 807 2559 prosternerent
821 2499 856 2543 se
872 2492 902 2544 et
915 2487 1031 2559 populo
1046 2486 1107 2545 Ro-

77 2581 165 2626 mano
193 2567 289 2649 fracto
311 2566 411 2628 animo
430 2573 522 2641 atque
543 2567 647 2627 humili
669 2566 891 2642 supplicarent,
919 2585 980 2629 non
1002 2568 1106 2630 dubito

77 2651 147 2724 quin
169 2647 270 2710 omnis
293 2651 332 2709 ad
355 2657 384 2710 te
402 2665 589 2713 conversura
613 2650 702 2711 luerit
721 2650 889 2712 multitudo.
937 2654 1107 2727 Numquam

76 2733 154 2792 ‘euim
169 2733 233 2792 iere
249 2732 400 2805 nobilitas,
415 2732 531 2806 integra
546 2734 723 2808 praesertim
737 2743 829 2810 atque
841 2735 1035 2808 innocense
1052 2750 1106 2810 pc-

77 2818 146 2889 pulo
162 2817 302 2877 Romano
325 2819 458 2892 supplex
477 2816 637 2891 repudiata
657 2830 712 2877 est.
764 2817 826 2877 Sed
847 2818 873 2878 si
897 2819 949 2879 tibi
968 2817 1105 2893 gravitas
1175 2874 1177 2877 ,

76 2905 122 2962 tua
137 2908 168 2961 et
182 2899 358 2975 magnitudo
373 2899 464 2959 animi
480 2899 574 2974 pluris
588 2899 659 2971 fuit,
682 2898 771 2960 sicuti
786 2917 856 2960 esse
869 2900 986 2973 debuit,
1015 2915 1106 2973 quam
1154 2898 1168 2943 ’-

74 2983 229 3056 aedilitas,
246 2985 323 3056 uoli,
346 3001 439 3058 quum
459 2982 574 3043 habeas
589 2983 635 3054 id,
652 2984 735 3056 quod
752 2983 911 3054 malueris,
929 2982 1106 3044 desiderare

73 3062 108 3142 id,
127 3067 214 3141 quod
232 3066 358 3127 ariuoris
375 3065 501 3142 putaris.
521 3065 670 3140 Equidem
682 3065 811 3140 primunr
822 3066 982 3126 ethonore
995 3065 1105 3139 dignus

70 3162 175 3212 essem
197 3145 326 3211 maxime
355 3166 477 3224 semper
501 3147 652 3210 laboravi:
682 3149 818 3209 secundo
842 3156 876 3208 ut
902 3147 1103 3211 existimarer:

70 3230 192 3295 tertium
209 3232 280 3294 mihi
298 3233 352 3294 luit
365 3233 453 3304 illud,
476 3232 558 3309 quod
579 3229 735 3306 plerisque
751 3232 879 3307 primum
893 3241 953 3304 est,
968 3231 1036 3307 ipse
1050 3233 1105 3296 bo·

70 3329 144 3379 uos:
158 3317 211 3392 qui
224 3315 402 3392 iisdenique
415 3316 506 3376 debet
517 3313 757 3390 esseiucundus,
769 3331 897 3388 quorum
906 3315 1041 3390 dignitati
1049 3335 1103 3392 po-

70 3402 162 3474 pulus
175 3400 332 3460 Romanus
345 3398 556 3471 testimonium,
572 3415 632 3460 nou
646 3397 827 3460 beneficium
841 3399 996 3461 ambitioni
1010 3401 1102 3462 dedit
