2356 3854
357 128 570 232 c.cr.s-io.
591 176 763 236 ers-as.
1015 174 1078 239 aaa

58 335 105 390 rr,
129 316 171 376 ab
191 314 231 377 iis
253 317 360 392 populi
375 316 505 379 Romani
520 319 600 379 lama
619 321 796 382 celebratur.
838 322 889 385 ἥ.
912 324 1007 385 (larus
1022 325 1077 387 luit

58 400 194 461 ,triceno
213 399 366 474 superiori
384 411 490 461 noster
501 401 631 473 Ennius,
658 402 762 478 itaque
776 403 866 465 etiam
886 406 916 465 in
933 409 1076 482 sepulcro

59 481 231 558 cipionum'
244 490 369 557 putatur
383 484 410 544 is
433 500 504 544 esse
526 484 707 545 constitutus
728 503 766 546 ex
782 503 940 548 marmore.
982 496 1024 550 nt
1038 490 1076 550 iis

58 565 188 627 rudibus
203 575 285 626 certe
300 583 361 626 uon
374 569 472 626 solum
487 568 554 642 ipse
570 567 622 642 qui
636 568 783 643 laudatur,
800 571 957 631 sedetiam
969 574 1076 648 populi

58 650 175 711 tomani
189 664 300 709 nomen
317 658 449 709 ematur.
491 650 524 708 In
540 651 657 710 caelum
673 650 763 710 huius
782 668 919 726 proavus
933 655 1004 714 Cato
1021 657 1075 719 lol-

60 743 127 793 tur=
145 747 276 806 magnus
287 731 387 791 honos
403 732 510 806 populi
520 733 648 793 Romani
659 734 753 793 rebus
764 735 944 809 adiungitur.
963 736 1076 798 Omnes

58 814 181 890 >euique
209 813 252 873 illi
275 813 414 888 Maximi,
441 816 589 889 Marcelli,
617 814 715 875 Fulvii
742 832 803 875 non
832 817 898 876 sine
924 819 1083 893 communi,

60 898 181 957 mnium
195 906 333 957 nostrum
342 898 432 957 leude
448 899 637 973 decorantur.
669 898 705 957 X.
725 898 807 973 Ergo
822 899 914 973 illum,
933 900 985 975 qui
999 901 1075 961 haec

58 987 174 1052 ecerat,
196 979 350 1040 Rudinum
364 980 530 1050 hominem,
552 981 683 1040 maiores
698 981 795 1041 nostri
810 983 840 1040 in
861 982 1011 1043 civitatem
1029 1000 1071 1042 re

58 1070 208 1138 eperunt:
235 1079 294 1124 nos
311 1062 393 1123 hunc
408 1063 649 1136 Heracliensem,
676 1063 777 1125 multis
793 1064 965 1126 civitatibus
982 1081 1075 1139 expe·
1133 1092 1137 1101 ·

58 1146 146 1229 itum,
169 1144 200 1205 in
220 1145 278 1211 hae
292 1156 393 1206 autern
408 1146 524 1219 legibus
541 1145 748 1218 constitutum,
774 1149 813 1207 de
833 1157 938 1208 nostra
955 1146 1076 1208 civitate

58 1227 226 1295 tincmmr

128 1308 180 1374 23.
197 1310 271 1370 Nam
286 1310 313 1371 si
328 1309 397 1384 quis
413 1310 558 1369 minorem
569 1310 684 1385 gloriae
696 1314 823 1373 fructum
835 1322 922 1389 putat
931 1331 976 1374 ex
983 1314 1074 1374 Grae

58 1392 92 1454 tis
108 1395 248 1459 versibus
260 1393 379 1469 percipi
395 1410 485 1468 quam
500 1410 540 1453 ex
552 1393 677 1470 Latinis,
693 1397 888 1457 vehementer
902 1407 989 1471 errat,
1005 1413 1074 1471 pro·

58 1485 152 1539 nterea
164 1478 248 1552 quod
260 1476 376 1536 Graeca
389 1477 528 1552 leguntur
538 1478 567 1536 in
584 1479 724 1539 omnibus
735 1481 798 1538 iere
808 1480 959 1554 gentibus,
969 1479 1075 1540 Latine
1112 1490 1116 1497 '

58 1561 112 1622 uis
129 1561 258 1633 linibus,
272 1559 393 1635 exiguis
411 1577 499 1632 sane,
522 1561 722 1621 continentur.
754 1562 819 1634 Qua
841 1579 875 1621 re
895 1563 922 1622 si
940 1578 1074 1635 rescae,

58 1660 126 1720 puae
142 1645 313 1718 gessimus,
329 1642 412 1703 orbis
427 1652 526 1703 terrae
541 1644 718 1717 regionibus
739 1643 937 1717 deliniuntur,
961 1660 1075 1719 cupere

58 1727 209 1799 lebemus,
243 1741 305 1801 quo
334 1743 476 1786 manuum
502 1735 672 1807 nostrarum
697 1728 758 1786 tela
783 1725 990 1799 pervenerint,
1022 1741 1074 1785 eo

58 1810 114 1870 lem
134 1809 262 1884 gloriam
279 1810 451 1883 iamamque
465 1816 641 1883 penetrare,
668 1809 752 1882 quod
770 1824 863 1881 quum
880 1807 957 1881 ipsis
976 1823 1074 1881 popu·

58 1894 96 1967 is,
117 1893 160 1953 de
181 1909 311 1966 quorum
335 1893 428 1952 rebus
450 1889 601 1963 scribitur,
627 1891 703 1950 haec
723 1891 823 1965 ampla
843 1897 927 1962 sunt,
947 1897 1010 1950 turn
1036 1889 1074 1948 iis

58 1984 141 2048 erte,
157 1974 209 2051 qui
225 1977 264 2035 de
279 1978 340 2036 vita
355 1973 471 2050 gloriae
494 1989 586 2033 causa
611 1973 769 2046 dimicant,
783 1973 842 2032 hoc
863 1972 1024 2032 maximum
1045 1980 1075 2032 et

58 2058 248 2139 ›ericulorum
265 2057 490 2120 incitamentum
505 2065 552 2116 est
567 2065 597 2117 et
611 2057 758 2116 laborum.
786 2054 837 2118 al.
853 2055 947 2130 Quam
962 2057 1074 2115 multos

59 2141 212 2215 eriptores
228 2158 329 2202 rerum
345 2157 469 2201 suarum
485 2156 615 2214 magnus
635 2141 685 2199 ille
701 2141 874 2199 Alexander
895 2155 1000 2199 secum
1021 2139 1073 2197 ha-

58 2226 153 2285 misse
166 2223 290 2285 dieiturt
317 2227 420 2299 Atque
440 2224 467 2283 is
484 2233 599 2295 amen,
618 2239 710 2296 quum
729 2222 759 2282 in
778 2222 871 2297 Sigeo
893 2224 932 2281 ad
946 2221 1073 2280 Achillis

58 2309 193 2368 amulum
208 2307 369 2368 astitisset:
383 2308 406 2368 O
418 2308 588 2380 fortunate,
603 2306 712 2381 inquit,
729 2308 914 2377 adolesoem,
934 2307 986 2379 qni
1005 2310 1075 2362 tuce

58 2392 158 2452 hircis
173 2390 333 2451 Romnum
355 2407 531 2466 praeconem
556 2384 722 2450 insereres!
745 2389 782 2448 Et
802 2400 884 2447 vere.
919 2388 993 2446 Nam
1015 2384 1075 2444 nisi

58 2472 114 2535 lios
127 2473 181 2534 ille
195 2473 377 2548 exstitisset,
393 2472 474 2533 idem
488 2474 635 2544 tumulus,
651 2471 705 2546 qui
722 2487 836 2546 corpus
850 2471 916 2530 eius
931 2478 1074 2530 contexe-

58 2565 103 2629 at,
125 2573 239 2616 nomen
262 2557 352 2617 etiam
375 2557 537 2617 obruisset.
567 2554 666 2629 Quini
681 2563 785 2615 noster
798 2555 846 2614 hic
860 2553 1005 2628 Magnus,
1022 2551 1075 2626 qui

58 2655 112 2699 nrm
123 2639 234 2701 virtute
251 2641 401 2701 fortunam
412 2639 603 2713 adaequavit,
618 2655 720 2699 nonne
730 2637 945 2712 Theophanem
956 2635 1074 2712 Mityle

58 2738 170 2796 meum,
187 2722 367 2798 scriptorem
380 2740 481 2783 rerum
496 2739 634 2792 suarum,
651 2721 683 2780 in
700 2720 842 2781 contione
859 2719 983 2780 militum
1001 2716 1072 2777 civi

58 2813 106 2866 ute
117 2805 259 2878 donavit,
281 2815 312 2866 et
333 2807 428 2867 nostri
443 2806 485 2866 illi
501 2806 595 2865 iortes
615 2802 685 2877 viri,
708 2805 765 2883 secl
782 2803 887 2865 rustici
908 2819 945 2861 ae
965 2799 1075 2860 milites

58 2889 207 2950 luleedine
218 2891 349 2964 quadam
361 2889 476 2964 gloriae
488 2886 645 2958 commoti,
662 2886 751 2960 quasi
762 2886 925 2960 participes
937 2882 1075 2942 eiusdem

58 2971 158 3045 audis,
182 2988 293 3047 magno
323 2971 397 3032 illud
425 2974 557 3031 clamore
583 2971 850 3044 approbaverunta
881 2965 931 3028 25.
958 2966 1074 3035 ltaque,

58 3054 151 3129 sedo,
169 3055 199 3116 si
221 3055 298 3116 civis
320 3057 475 3115 Romanus
496 3052 626 3112 Archias
649 3052 768 3126 legibus
786 3066 848 3108 non
870 3055 968 3118 esset,
989 3043 1073 3119 abab

58 3136 148 3217 liquo
168 3139 352 3215 imperatore
373 3137 493 3197 civitate
514 3137 690 3206 donaretur,
712 3133 860 3208 perlicere
880 3146 943 3188 non
967 3126 1074 3203 potuit.

58 3217 129 3282 lulla
143 3239 238 3297 quum
253 3222 408 3297 Hispanos
423 3221 551 3280 donaret
564 3225 595 3278 et
608 3216 728 3291 Gallos,
753 3215 845 3273 credo
868 3212 949 3272 hunc
970 3216 1073 3286 pelen-

58 3307 104 3367 tem
122 3306 334 3381 repudiasset:
354 3318 444 3379 quem
465 3318 524 3362 nos
546 3300 577 3360 in
599 3296 740 3371 contione
761 3296 907 3369 vidimus,
930 3311 1021 3370 quum
1045 3292 1073 3352 ei
