2356 3854
415 178 496 236 car.
513 187 605 240 1—4.
628 185 782 246 §.a-rc.
1019 176 1096 246 :387

70 328 330 403 monumentisque
352 329 571 389 decorandam!
601 329 639 389 Μ.
665 329 770 389 Cicero
795 315 891 407 apud'
907 341 936 392 te
963 326 1099 394 defebdit

70 416 155 475 lium
172 412 200 470 in
217 422 253 470 ea
269 413 424 473 voluntate
439 429 498 470 non
516 412 627 484 fuisse,
648 411 678 472 in
695 431 754 486 qua
772 416 922 490 seipsum
939 417 1099 477 confitetur

70 498 176 564 uisse,
199 509 255 551 nec
272 504 339 554 tuas
354 494 461 555 tacitas
479 494 679 570 cogitationes
696 497 867 558 extimescit
881 515 938 559 nec
954 499 1027 576 quid
1044 496 1098 558 tibi
1129 516 1135 531 Χ

70 583 98 644 le
123 579 185 639 alio
208 577 342 637 audienti
366 580 404 638 de
425 594 460 638 se
481 580 549 653 ipso
572 584 712 638 occurrat
730 580 914 640 reformidat.
956 583 1006 651 lll.
1020 581 1100 641 Vide

70 680 156 742 quam
170 677 229 720 uon
243 662 450 722 reformidem:
465 663 535 720 vide
551 671 664 736 quauta
676 663 728 722 lux
743 662 926 724 liberalitatis
939 674 969 725 et
979 664 1101 741 sapien·
1155 731 1156 735 Ἰ

70 749 123 809 iae
146 755 216 806 tuae
237 744 307 818 mibi
331 746 412 818 apud
435 753 462 804 te
483 745 593 804 dicenti
615 745 783 806 oboriatur:
812 755 957 821 quantum
982 755 1101 822 potero,

70 846 145 892 foce
163 829 354 899 comendam,
370 837 403 888 ut
421 830 554 904 populus
569 828 628 888 hoc
645 830 802 890 Romanus
818 831 974 890 exaudiat:
988 826 1017 892 7.
1033 847 1101 890 sus-

70 921 159 988 :epto
188 911 285 979 bello,
303 911 430 984 Caesar,
451 921 538 986 gesto
566 913 655 971 etiam
675 929 715 972 ex
737 912 822 988 parte
837 930 959 987 magna,
975 913 1058 972 nulla
1072 911 1120 983 vi,

70 1004 204 1063 scaelus,
218 994 330 1073 iudicio
343 1011 379 1054 ac
390 996 545 1055 voluntate
556 996 595 1054 ad
610 1012 647 1055 ea
659 1013 742 1055 arma
759 998 914 1071 profectus
928 1000 1007 1070 sitm,
1023 1011 1103 1070 quae
1142 1001 1144 1004 ’

70 1087 156 1160 erant
174 1087 295 1160 sumpta
310 1086 414 1138 contra
429 1087 468 1138 te.
493 1080 585 1153 Apud
599 1095 689 1152 quem
706 1079 795 1153 igitur
809 1080 869 1139 hoc
885 1080 976 1139 dicct
988 1079 1105 1152 Nempe

70 1163 154 1239 apud
169 1177 246 1230 eum,
263 1161 325 1234 qui,
341 1179 433 1236 quum
448 1161 507 1220 buc
525 1162 626 1234 sciret,
640 1170 740 1222 tamen
757 1179 815 1236 me,
830 1174 899 1224 ante
915 1180 1005 1237 quam
1020 1159 1105 1232 vidit,

70 1248 113 1308 rei
138 1243 276 1319 publicae
298 1244 444 1305 reddidit:
468 1245 519 1320 qui
540 1246 579 1303 ad
601 1262 649 1307 me
671 1263 711 1305 ex
725 1248 867 1322 Aegypto
885 1246 999 1306 litteras
1014 1241 1105 1330 misit,

70 1338 104 1392 ut
121 1343 223 1387 essem
237 1325 315 1386 idem
335 1327 386 1400 qui
402 1328 542 1388 fuissem:
559 1329 619 1402 qui,
637 1345 729 1402 quum
743 1328 812 1405 ipse
823 1328 1027 1404 imperatorin
1043 1333 1105 1388 toto

70 1410 202 1486 imperio
218 1409 322 1485 populi
334 1410 462 1470 Romani
483 1428 562 1470 unus
578 1421 675 1484 esset,
696 1429 767 1473 esse
787 1430 836 1474 me
850 1408 977 1474 alterum
994 1425 1106 1487 passus
1129 1440 1131 1445 =

70 1503 134 1557 est:
157 1510 176 1554 a
200 1510 260 1568 quo
279 1493 337 1552 hoc
358 1494 427 1567 ipso
441 1495 471 1554 C.
486 1494 585 1554 Pausa
599 1495 670 1554 mihi
681 1496 762 1556 hunc
773 1497 916 1556 nuncium
935 1497 1108 1572 perferente

70 1593 245 1641 concessos
269 1578 371 1636 fasces
393 1579 546 1637 laureatos
570 1578 669 1650 tenui,
695 1580 797 1652 quoad
818 1578 968 1639 tenendos
987 1576 1107 1653 putavi:

72 1662 127 1740 qui
141 1659 214 1720 mibi
231 1669 292 1719 tum
308 1660 441 1733 denique
457 1677 492 1720 se
505 1662 633 1719 salutem
650 1661 766 1735 putavit
783 1662 872 1734 dare,
895 1660 921 1720 si
936 1676 1003 1718 eam
1018 1658 1108 1717 nullis
1148 1707 1153 1714 .

72 1745 236 1822 spoliatam
253 1743 437 1802 ornamentis
453 1743 598 1801 dedisset.
631 1742 660 1802 8.
675 1743 765 1816 Vide,
783 1759 908 1817 quaeso,
924 1737 1052 1824 Tubero,
1067 1747 1109 1812 ut,

73 1827 127 1904 qui
143 1829 183 1887 de
202 1842 268 1885 areo
282 1828 363 1898 facto
381 1843 440 1885 uon
457 1827 605 1898 dubitem,
627 1825 666 1883 de
680 1824 790 1898 Ligarii
810 1842 871 1885 non
893 1826 1022 1884 audeam
1038 1839 1110 1883 cou-

70 1910 164 1973 fiteri.
195 1912 310 1985 ,Atque
331 1909 406 1969 haec
429 1917 591 1983 propterea
612 1907 719 1977 deme
740 1906 818 1980 dixi,
838 1915 872 1968 ut
894 1907 966 1968 mibi
981 1906 1109 1978 Tubero,

75 2010 170 2072 quum
186 1993 225 2052 de
239 2010 273 2052 se
289 1993 395 2051 eadem
410 1991 552 2063 dicerem,
568 1991 754 2065 ignosceret:
771 1988 857 2052 cuius
873 1998 930 2069 ego
945 1987 1112 2051 industriae

75 2077 255 2157 gloriaeque
277 2078 364 2135 faveo
388 2077 436 2135 vel
459 2083 583 2149 propter
604 2073 807 2149 propinquam
822 2074 1047 2150 cognationem,
1062 2071 1113 2131 vel

77 2161 163 2238 quod
188 2158 253 2218 eius
269 2155 390 2233 ingenio
404 2159 575 2233 studiisque
591 2159 734 2231 delector,
746 2160 795 2218 vel
807 2160 890 2234 quod
904 2158 1024 2217 laudem
1039 2155 1113 2215 ado·

75 2242 225 2311 lescentis
242 2242 404 2317 propinqui
417 2242 557 2302 existimo
570 2241 709 2301 etiamad
723 2259 822 2303 meum
838 2243 969 2314 aliquem
985 2240 1113 2297 fructum

75 2327 261 2388 redundare.
278 2325 307 2385 9.
321 2325 383 2384 Sed
399 2326 456 2385 froc
473 2341 602 2400 quaero:
623 2323 697 2398 Quis'
710 2331 795 2399 putat
808 2339 879 2384 esse
891 2321 1005 2383 crimen
1017 2319 1114 2381 fuisse

76 2411 110 2472 in
126 2409 251 2468 Africa?
264 2410 379 2482 Nempe
394 2410 436 2480 is,
452 2411 503 2484 qui
522 2417 551 2470 et
565 2408 676 2483 ipsein
693 2409 799 2469 eadem
814 2407 918 2468 Africa
933 2404 1004 2467 esse
1018 2401 1116 2464 voluit

77 2502 113 2556 et
132 2483 317 2568 prqbibitum
338 2509 373 2550 se
392 2492 544 2566 aLigario
565 2491 715 2567 queritur,
741 2499 770 2552 et
790 2498 871 2551 certe
887 2498 992 2550 contra
1014 2488 1116 2565 ipsum

79 2577 245 2638 Gaesarem
263 2585 311 2636 est
326 2591 512 2648 congressus
528 2583 671 2636 armatus.
703 2573 785 2648 Quid
797 2575 885 2648 enim,
900 2575 1029 2646 Tubero,
1044 2580 1116 2632 tuus

78 2660 133 2722 ille
149 2659 313 2719 destrictus
333 2658 363 2717 in
381 2658 448 2717 acie
462 2658 633 2719 Pharsalica
648 2659 767 2734 gladius
780 2659 910 2734 agebat?
931 2657 1018 2718 cuius
1038 2658 1117 2715 latus

78 2743 133 2804 ille
152 2758 256 2802 mucro
275 2743 418 2817 perehart
429 2740 498 2815 qui's
513 2757 623 2801 sensus
639 2751 702 2802 erat
716 2759 867 2802 armorum
882 2746 1025 2802 tuorumt
1039 2751 1118 2812 quae

79 2835 135 2887 tua
157 2841 258 2898 mens,
275 2827 370 2895 oculi,
387 2840 511 2895 manuS,
532 2825 622 2884 ardor
636 2824 748 2883 animi?
768 2825 841 2898 quid
856 2823 1026 2897 cupiebas?
1046 2817 1120 2896 quid

82 2910 242 2984 optabas?
262 2909 357 2968 Nimis
379 2924 490 2982 urgeo:
516 2907 700 2968 commoveri
720 2906 840 2966 videtur
860 2907 1058 2966 adolescens:
1079 2899 1120 2959 ad

71 3009 134 3062 *mc
148 3001 299 3053 revertar:
325 2993 434 3051 iisdem
449 2991 479 3050 in
494 2990 584 3049 armis
597 2991 648 3049 fui.
691 2990 743 3048 IV.
761 2987 810 3049 10.
828 2988 906 3061 Quid
922 2995 1023 3047 autem
1038 2981 1134 3043 aliud¹

84 3078 221 3152 egimus,
247 3075 382 3146 Tubero,
412 3073 471 3134 nisi
490 3083 523 3134 ut
543 3075 628 3148 quod
647 3072 697 3132 liic
719 3079 822 3146 potest
844 3087 902 3130 nos
936 3070 1122 3144 possemus?

85 3161 222 3238 Quorum
234 3159 324 3234 igitur
339 3158 519 3233 impunitas,
538 3156 666 3229 Caesar,
688 3164 758 3215 tuae
780 3152 957 3214 clementiae
980 3146 1049 3212 laus'
1064 3159 1121 3222 est,

86 3260 194 3305 eorum
210 3243 347 3318 ipsorum
359 3242 398 3323 ad
411 3241 617 3301 crudelitatem
632 3246 661 3298 te
676 3244 765 3298 acuet
780 3236 897 3297 oratio?
910 3239 1011 3311 Atque
1022 3233 1052 3294 in
1065 3232 1123 3292 hac

87 3345 184 3389 causa
199 3344 259 3386 non
276 3326 348 3386 uilril
365 3325 516 3398 equidem,
530 3324 658 3394 Tubero,
675 3321 763 3382 etiam
779 3329 869 3391 tuam,
886 3320 943 3380 sed
955 3321 1047 3379 multo
1059 3332 1122 3379 ma·

88 3411 135 3488 gis
152 3411 247 3486 patris
259 3410 301 3470 tui
315 3409 507 3484 prudentiam
525 3405 682 3480 desidero,
699 3405 782 3482 quod
793 3404 885 3465 homo
897 3420 989 3480 quum
1001 3392 1123 3475 ingenio

810 3477 881 3544 aa*

1087 3550 1164 3632 Ι
