2356 3854
150 181 213 248 278
363 216 366 221 ·
452 182 525 242 PRO
541 182 573 241 P.
588 181 722 241 SESTIO
736 180 889 241 0RAT10.

150 334 181 395 in
196 332 380 393 necessitate
394 333 606 392 detendendae
623 333 730 391 salutis
747 348 824 393 suae
837 332 1057 408 praesidioque
1070 339 1148 395 court

151 418 212 477 vim
225 426 256 477 et
270 432 391 476 manum
405 416 622 490 comparando.

211 499 313 559 XLlll.
332 498 383 560 93.
406 497 476 558 Odi
490 498 689 559 immortales!
712 498 1050 572 quemnam-ostenditis
1064 497 1157 559 exitur¹

150 583 261 644 nobisr
282 599 373 657 quarn
390 598 477 656 spem
499 580 544 641 rei
563 582 703 656 publicae
717 580 818 641 datis‘t
843 591 960 655 quotus
981 581 1141 658 quisqueiu
1170 600 1172 609 ·

152 667 288 727 venietur
300 673 384 726 tenta
398 666 507 725 virurte
521 665 575 735 vir,
593 665 645 738 qui
661 664 806 739 optimam
822 682 980 740 quamque
996 662 1140 725 eausanrti
1169 684 1172 724 :

150 749 291 826 publicae
306 750 519 835 amplectatur²
534 747 586 822 qui
599 747 690 808 bouis
707 747 782 808 viris
799 748 968 822 deserviat,
983 748 1035 824 qui
1051 747 1139 807 solidu
1168 768 1171 777 ¹

152 834 271 893 laudern
286 849 450 906 veramque
466 838 613 906 quaerat?
629 848 722 905 quum
739 832 816 893 scint
835 831 897 892 duo
915 830 969 892 illa
982 832 1027 890 rei
1041 830 1138 906 publicu
1163 850 1170 889 ε

151 932 248 993 paene
263 916 333 988 lum,
350 914 509 975 Gabinium
523 922 553 975 et
567 913 717 988 Pisonem,
735 916 863 975 alterum
879 912 1002 975 haurire
1016 913 1107 975 cotidie
1115 924 1136 971 u

152 998 350 1076 paratissimis
371 1005 462 1072 atque
476 997 715 1072 opulentissimis
731 997 840 1073 Syriae
860 996 946 1073 gazis
963 992 1136 1059 immeruit
1165 1038 1172 1055 -.

151 1083 272 1159 pondus
287 1081 369 1143 auri:
384 1081 496 1142 bellum
510 1081 621 1140 interra
640 1080 878 1155 quiescentibus,
889 1089 924 1141 ut
939 1097 1044 1140 eorum
1056 1086 1134 1139 neura
1165 1099 1172 1137 ε

150 1167 341 1238 illibatasque
368 1164 489 1224 divitias
516 1164 547 1223 in
575 1163 846 1238 profundissimum
872 1162 1031 1224 libidinum
1053 1174 1134 1223 sualtl
1163 1168 1172 1219 t

151 1248 298 1322 gurgitem
315 1247 492 1320 profundat:
508 1247 609 1306 villam
623 1248 787 1308 aedificare
802 1247 832 1306 in
848 1247 948 1306 oculis
965 1245 1133 1307 omninum
1160 1264 1168 1275 ·

152 1338 227 1400 tam,
242 1328 393 1403 tugurium
408 1337 441 1389 ut
457 1329 516 1388 iarn
532 1329 670 1390 videatur
685 1347 756 1391 esse
766 1331 824 1390 illa
839 1330 925 1401 villa,
942 1347 1033 1403 quam
1044 1321 1133 1403 ipsetd
1168 1362 1171 1367 -

151 1414 252 1473 bunus
271 1413 367 1486 plebis
380 1410 493 1488 pictam
503 1412 573 1473 olim
589 1412 620 1471 in
633 1413 826 1475 contionibus
840 1413 1023 1487 explicabat,
1041 1408 1132 1487 quotu
1165 1427 1172 1465 2

75 1540 80 1547 .
151 1495 300 1557 tissimum
311 1511 347 1555 oc
360 1512 509 1555 summum
526 1494 623 1555 civem
638 1496 668 1554 in
682 1497 827 1557 invidiam
841 1497 932 1557 homo
948 1504 1050 1557 castus
1060 1502 1132 1553 acm

152 1580 281 1654 cupidus
295 1587 435 1639 vocaret=
453 1579 503 1639 94.
518 1581 643 1638 alterum
655 1580 821 1639 Thracibus
836 1596 871 1639 ac
886 1579 1035 1639 Dardanis
1047 1575 1132 1653 prinu

153 1679 259 1739 pacem
277 1662 408 1723 maxima
429 1661 560 1737 pecunia
575 1661 766 1736 vendidisse,
784 1662 894 1722 deinde
916 1670 949 1722 ut
961 1663 1004 1722 illi
1020 1656 1132 1736 pecuum
1167 1678 1172 1685 ·

152 1747 303 1808 conficere
319 1756 460 1822 possent,
476 1746 648 1806 vexandam
667 1745 705 1805 iis
719 1745 930 1805 Macedoniam
943 1755 974 1807 et
987 1740 1131 1820 spolianti·
1166 1760 1172 1797 r

151 1830 323 1901 tradidisse,
332 1831 533 1906 eumdemque
544 1829 626 1889 bona
636 1829 828 1903 creditorum,
841 1829 953 1889 civium
964 1830 1131 1897 Romanum.
1162 1836 1172 1881 ⁴.

152 1929 220 1973 eum
235 1913 422 1974 debitoribus
437 1912 562 1974 Graccis
576 1911 729 1987 divisisse,
747 1929 858 1988 cogere
870 1911 1014 1987 pecunias
1030 1907 1131 1971 maximi
1167 1926 1172 1964 t

152 2013 171 2055 a
186 1997 413 2072 Dyrrhachinis,
431 1999 563 2071 spoliare
576 1998 751 2069 Thessalos,
763 2005 875 2057 certam
887 1995 1020 2054 Achaeis
1033 1993 1059 2053 iu
1070 1996 1130 2081 mall
1164 2010 1172 2061 3³

153 2078 289 2152 singulos
305 2080 462 2153 pecuniam
480 2080 689 2154 imperavisse,
705 2096 806 2153 neque
822 2089 923 2138 tomen
939 2079 1000 2139 ullo
1013 2077 1042 2136 in
1051 2070 1129 2159 publi

152 2170 204 2221 aut
220 2162 363 2236 religioso
379 2165 448 2221 loco
465 2163 585 2236 signum
601 2172 654 2223 aut
666 2163 799 2222 tabulam
814 2171 866 2222 aut
886 2150 1129 2247 ornamentorum

153 2244 273 2319 quisse:
291 2246 348 2305 hos
359 2245 403 2304 sic
414 2245 546 2316 eludere,
560 2246 669 2320 quibus
681 2261 770 2305 omne
782 2244 965 2319 supplicium
978 2242 1128 2329 atqueontl

152 2328 216 2389 iure
231 2330 344 2402 optimo
357 2344 457 2402 poena
466 2329 607 2389 debetur:
625 2346 694 2389 reos
706 2345 778 2388 esse
793 2328 850 2388 hos
865 2329 956 2401 duos,
968 2323 1128 2402 quosvilrb
1157 2356 1172 2384 c

152 2408 260 2470 Omitto
281 2412 339 2471 iam
359 2412 546 2486 Numerium,
562 2412 733 2482 Serranum,
749 2411 884 2483 Aelium,
901 2396 1128 2487 quisquilasslst
1170 2460 1172 2467 .

151 2493 240 2552 tionis
257 2494 434 2556 Clodianae:
456 2497 512 2556 sed
528 2505 627 2555 tamen
643 2495 673 2553 hi
694 2511 819 2569 quoquo
836 2495 927 2556 etiam
947 2510 1028 2555 nunc
1041 2484 1128 2553 volut
1159 2493 1172 2549 i

151 2584 184 2635 ut
200 2575 316 2648 videtis,
333 2595 405 2650 nec,
428 2578 499 2638 dum
516 2596 572 2638 vos
586 2579 625 2637 de
640 2578 728 2638 vobis
745 2576 861 2653 aliquid
881 2578 1039 2649 timebitis,
1052 2571 1127 2635 illil*
1167 2598 1172 2633 t

153 2660 297 2733 quamde
312 2677 346 2719 se
362 2660 585 2735 pertimescent.

117 2782 122 2793 ,
234 2740 336 2800 xciv.
364 2741 413 2802 95.
438 2744 513 2803 uam
536 2745 610 2819 quid
629 2759 686 2818 ego
714 2745 754 2804 ue
772 2745 872 2803 aeone
892 2745 964 2818 ipso
986 2722 1128 2821 lomonil
1153 2753 1172 2798 e.

152 2826 241 2886 etiam
261 2825 340 2885 diem
361 2826 436 2886 dixit
456 2836 486 2887 et
511 2827 669 2888 accusavit
687 2828 733 2886 de.
747 2827 777 2886 vi
798 2827 963 2886 Milonem?
1004 2810 1127 2898 nequet*
1153 2837 1157 2843 ·

150 2919 249 2971 tamen
261 2910 323 2969 ulla
330 2926 476 2985 umquam
487 2911 596 2970 iniuria
610 2910 786 2982 adducetur,
796 2919 829 2970 ut
842 2927 911 2971 eum
927 2910 981 2969 tali
992 2896 1131 2969 vutunffl'

151 3002 242 3070 tuque
262 2994 400 3055 firmitate
420 2994 512 3055 animi
533 3010 568 3054 se
592 2993 622 3052 in
642 3010 707 3054 rem
728 2994 880 3069 publicam
897 2993 995 3053 luisse
1009 2978 1126 3069 poenit*²
1152 3068 1155 3078 .

152 3079 206 3137 sed
223 3078 274 3152 qui
288 3078 365 3137 haec
381 3078 484 3138 vident
502 3077 716 3137 adolescentes
734 3088 867 3152 quonam
885 3093 960 3136 suas
974 3070 1127 3137 mentali*
1160 3075 1168 3131 i

152 3160 269 3219 terent?
294 3160 363 3233 llle,
379 3159 431 3235 qui
444 3169 640 3221 monumento
655 3161 790 3235 publica,
815 3158 868 3235 qui
882 3161 978 3221 aedes
993 3130 1128 3229 sacrtnl‘,
1147 3160 1172 3230 'ii

151 3240 259 3301 domos
270 3242 460 3305 inimicorum
474 3261 598 3304 suorum
612 3243 816 3319 oppugnavit,
831 3243 953 3313 excidit,
969 3232 1129 3324 iucerrdlbl¹
1158 3257 1168 3273 ·

151 3320 280 3395 stipatus
297 3340 419 3401 semper
434 3328 567 3399 sicariis,
583 3336 708 3401 saeptus
722 3325 863 3398 armatis,
883 3326 1015 3387 munitus
1027 3310 1132 3401 indicti*⁸
1152 3323 1172 3381 ti

124 3480 129 3491 ι
154 3403 216 3475 hrit,
234 3423 361 3478 quorum
377 3408 470 3469 hodie
491 3408 582 3485 copia
601 3409 767 3480 redundat,
791 3407 843 3483 qui
864 3417 894 3469 et
915 3400 1131 3486 peregrinant*
