2356 3854
127 175 193 239 ³10
411 116 904 233 reocnruancroonnr'm.

57 338 60 343 ’
132 342 206 387 suos
223 323 415 399 plurimamm
435 338 536 381 rerum
556 319 767 381 sanctissimus
792 328 823 380 et
841 320 1026 381 iustissimus
1051 319 1132 395 iudet,
1175 380 1176 386 ,

50 458 53 466 .
125 407 328 468 'maximarum
343 405 521 466 societatum
537 415 656 475 auctor,
672 404 868 478 plurimarum
882 403 1134 479 magisterasinor
1175 430 1176 469 1

131 490 222 550 modo
243 488 273 547 in
297 505 335 547 eo
356 488 593 561 nihilumquam
612 486 844 560 reprehensum,
872 488 929 547 sed
948 487 1068 549 laudata
1081 497 1135 551 su!
1175 516 1176 550 3

123 572 240 642 omnia,
255 581 353 632 tamen
368 571 394 629 is
411 570 507 631 oberit
517 569 733 630 honestissimo
748 569 812 629 lilio
824 578 920 644 pater,
936 571 988 644 qui
1000 573 1047 629 vel
1058 571 1135 633 miuus
1175 628 1176 632 ,

129 656 289 717 honestum
304 662 334 713 at
347 652 477 712 ebenum
492 653 569 713 tueri
587 653 633 711 vel
651 651 828 714 auctoritate
842 669 900 713 sua
917 654 966 712 vel
976 651 1070 727 gratia
1083 671 1135 728 poa

126 738 240 799 sitl—
250 735 299 799 33.
314 733 473 812 Asperius,
489 735 595 811 inquit,
611 736 731 795 locutus
744 742 792 794 cst
802 735 917 810 aliquid
930 734 1136 810 aliquando.-

130 822 223 881 lmmu
238 821 368 880 tortasse
385 818 519 879 liberius.
541 849 584 862 -
602 816 819 891 attonsum,
841 817 954 892 inquit,
978 835 1038 878 nou
1054 820 1136 883 estin

129 905 266 964 rendum.
281 903 416 977 —Ergo
431 901 462 961 hi
478 899 595 961 ferendi
611 907 689 974 sunt,
706 899 758 975 qui
773 900 832 960 boc
847 909 1026 975 queruntur,
1040 901 1136 965 libcrlt·

129 995 188 1047 tem
207 985 318 1061 equitis
334 987 462 1045 Romani
481 1002 515 1045 se
533 986 612 1044 ferre
636 1000 696 1043 nou
716 990 834 1057 posset
859 983 988 1044 Ubinam
1004 983 1136 1059 illemuot

21 1070 23 1076 '
130 1070 181 1129 ubi
196 1069 246 1128 illa
266 1069 404 1142 aequitas
421 1069 517 1128 iuris?
536 1067 587 1127 ubi
612 1067 664 1125 illa
680 1065 804 1140 antiqua
818 1065 959 1140 libertus,
973 1084 1053 1142 quae
1072 1067 1135 1128 mdit
1155 1098 1158 1107 ·

130 1160 282 1227 oppressa
298 1150 436 1210 civilibus
451 1151 597 1210 extollere
614 1148 673 1208 iarn
692 1157 784 1223 caput
798 1157 828 1209 et
842 1149 1010 1224 aliquando
1025 1158 1135 1210 recreata

130 1251 164 1294 se
179 1234 295 1308 erigere
311 1233 460 1292 debebatl
473 1233 614 1308 Equitum
626 1248 683 1308 ego
694 1233 899 1317 Romanorum
909 1233 941 1308 in
953 1233 1133 1294 hominesue·

127 1315 294 1375 bilissimas
314 1315 487 1388 maledicta,
511 1316 737 1389 publicanorum
753 1315 783 1374 in
802 1310 1050 1390 Qiffiaevolam,
1064 1316 1135 1376 vinu

122 1398 270 1458 omnibus
291 1397 423 1472 ingenio,
443 1397 571 1472 iustitia,
585 1398 753 1474 integritate
768 1407 983 1474 praestantem,
998 1416 1102 1476 aspere
1117 1405 1136 1456 et

127 1480 269 1541 leruciter
286 1489 316 1540 et
329 1479 422 1539 libere
438 1480 518 1540 dicta
532 1488 786 1542 commemorent

188 1564 268 1623 xlv.
290 1563 412 1624 consuli
428 1563 460 1622 Ρ.
479 1563 608 1623 Nasicae
629 1580 740 1639 praeco
756 1563 886 1624 Granius
910 1563 942 1624 in
965 1567 1067 1626 medic
1081 1566 1137 1633 loro,

128 1664 219 1720 quum
234 1646 284 1706 ille
299 1646 398 1707 edicto
417 1645 530 1709 iustitio
547 1648 669 1707 domurn
687 1648 842 1707 decedens
857 1657 1003 1722 rogasset
1017 1644 1138 1709 Granium

127 1729 202 1805 quid
222 1731 315 1791 tristis
336 1736 418 1791 esset
432 1747 471 1789 an
492 1731 576 1805 quod
592 1731 721 1790 reiectae
735 1730 1042 1792 auctionesessentt
1066 1733 1138 1791 lmnc

128 1830 216 1888 vero,
233 1813 346 1890 inquit,
367 1814 450 1888 quod
464 1814 641 1887 legationes.
692 1814 775 1874 ldem
792 1813 911 1874 tribuno
929 1815 1029 1888 plebi,
1053 1823 1139 1890 poter·

127 1896 244 1956 tissimo
260 1896 388 1969 homini,
401 1897 441 1955 M.
454 1898 571 1969 Druso,
594 1898 650 1957 sed
671 1898 762 1957 multa
780 1897 811 1956 in
830 1912 863 1956 re
878 1896 1002 1972 publica
1017 1895 1140 1967 molienti,

128 1996 218 2052 quum
231 1979 280 2038 ille
292 1997 359 2040 eum
372 1982 541 2050 salutasset,
555 1988 587 2040 ul
598 1981 639 2051 lit,
651 1979 855 2056 dixissetque:
868 1980 946 2053 Quid
957 1980 1037 2055 agis,
1050 1977 1141 2040 Granit

125 2062 299 2134 respondit:
316 2063 408 2120 lmmo
422 2079 504 2135 vero,
517 2070 549 2122 ln
559 2064 667 2136 Druse,
684 2063 755 2136 quid
770 2063 856 2137 agis?
870 2064 922 2122 llle
936 2064 970 2122 L.
983 2064 1093 2137 Crassi,
1105 2061 1141 2121 illc

120 2140 164 2200 M.
180 2143 304 2203 Antonii
327 2145 509 2205 volunlatem
523 2144 729 2220 asperioribus
746 2145 862 2206 lacellis
875 2162 969 2221 saepe
982 2142 1142 2222 perstrinxit

126 2225 258 2301 impune.
301 2228 387 2287 Nunc
402 2245 502 2301 usque
523 2245 559 2288 eo
575 2237 622 2289 est
637 2245 788 2303 oppressa
805 2237 906 2289 vestra
919 2230 1098 2304 adrogantia
1111 2225 1141 2287 ri·

125 2310 213 2382 vitas,
230 2319 271 2384 ut,
288 2327 365 2385 quae
380 2312 435 2371 luit
449 2311 519 2371 olim
532 2313 675 2386 praeconi
687 2311 717 2370 in
729 2313 867 2385 ridendo,
889 2329 971 2372 nunc
988 2315 1083 2388 equiti
1095 2313 1140 2371 lic
1174 2378 1176 2385 ,

125 2408 213 2451 mano
231 2392 422 2468 inploranda
440 2411 500 2454 uon
517 2394 556 2454 sil
572 2394 871 2457 concessa-libertas.
909 2393 962 2456 34.
979 2397 1065 2470 Quae
1079 2393 1141 2456 euiu
1162 2408 1168 2417 ·

125 2490 266 2548 uinquam
287 2476 463 2537 luitPlancii
484 2494 545 2537 vox
567 2477 765 2538 contumeliae
788 2477 889 2552 polius
913 2496 1009 2554 quarn
1025 2477 1143 2540 dolorisl
1174 2482 1176 2519 ³

126 2555 261 2628 quidest
278 2567 376 2618 autern
393 2577 534 2635 umquam
550 2569 692 2636 questus,
714 2560 772 2620 nisi
791 2578 882 2636 quum
899 2577 917 2620 a
933 2561 1032 2623 sociis
1048 2570 1076 2630 et
1090 2572 1142 2620 ase
1174 2580 1176 2585 ·

122 2636 260 2698 iniuriam
277 2642 488 2715 propulsaret?
505 2643 602 2716 Quum
619 2653 743 2703 senatus
758 2643 956 2718 impediretur
970 2663 1037 2720 quo
1051 2643 1140 2708 mina

124 2720 156 2779 id
170 2723 252 2795 quod
269 2722 407 2783 hostibus
424 2741 544 2800 semper
557 2735 621 2786 erat
634 2726 785 2798 tributum,
803 2743 989 2801 responsum
1007 2727 1141 2803 equiuua

122 2805 268 2866 Romanis
283 2806 477 2881 redderetur,
499 2809 639 2869 omnibus
652 2809 703 2868 illa
717 2808 826 2869 iniuria
839 2810 937 2870 dolori
952 2812 1011 2873 luit
1026 2809 1141 2887 publica
1174 2834 1176 2859 ι

124 2887 187 2960 nis,
203 2889 257 2948 sed
276 2906 344 2949 eum
360 2889 460 2964 ipsum
473 2892 609 2953 dolorem
625 2891 674 2957 hic
691 2893 758 2969 tulit
775 2893 876 2967 paullo
899 2895 1052 2968 apertius.
1073 2892 1138 2952 Con

124 2971 222 3030 munis
239 2972 288 3031 ille
306 2990 417 3033 sensus
430 2973 458 3032 in
475 2973 541 3034 aliis
558 2976 687 3034 tortasse
702 2975 802 3035 latuit:
818 2975 883 3046 bic,
901 2978 989 3051 quod
1006 2994 1075 3039 cum
1088 2986 1137 3035 eut·
1174 2978 1176 3003 ²

124 3053 194 3113 teris
210 3055 310 3117 animo
327 3056 489 3130 sentiebat,
512 3056 544 3116 id
559 3057 655 3131 magis
673 3075 763 3132 quam
779 3057 891 3118 caeteri
906 3067 938 3120 et
955 3063 1044 3123 vultu
1060 3069 1137 3136 prout·

124 3142 205 3204 ptum
220 3138 323 3200 babuit
344 3147 374 3200 el
388 3140 498 3215 lingua.
532 3138 582 3201 35.
606 3140 802 3227 Quamquam,
820 3142 948 3216 iudices,
964 3175 1009 3188 —
1025 3148 1137 3218 agnoscl

123 3215 201 3306 enirn
218 3235 258 3278 ex
272 3239 325 3282 me·
341 3255 383 3268 -
404 3225 552 3298 permulta
567 3223 596 3283 in
607 3223 770 3297 Plancium,
788 3241 866 3299 quae
883 3225 922 3285 ab
937 3242 976 3287 eo
996 3233 1139 3300 numquam

122 3294 301 3374 dictasunt,
326 3306 531 3366 conteruntur.
570 3306 639 3389 Ego
664 3306 735 3382 quia
756 3307 826 3367 dico
848 3307 966 3382 aliquid
982 3304 1137 3385 aliquando,

122 3393 183 3439 non
199 3383 298 3442 studio
311 3386 469 3459 adductus,
487 3389 543 3447 sed
556 3397 608 3448 aut
621 3389 815 3451 contentione
828 3390 951 3451 dicendi
966 3401 1022 3454 aut
1034 3382 1137 3458 lacessi
