2356 3854
74 124 137 187 426
216 124 253 183 ΙΝ
269 123 312 180 Μ.
328 120 529 180 ANTONIUM
546 118 688 180 ORATIO
705 118 924 179 PHILIPPICA
942 119 978 179 ll.

76 293 137 336 non
153 274 250 334 solum
267 273 431 345 eloquens,
454 271 536 344 apud
557 286 628 343 eos,
650 285 780 346 quorum
800 266 936 330 consilio
952 271 1101 346 sapientia-

77 374 137 434 que
151 363 238 430 gesta
253 362 331 424 sunt,
349 370 444 412 ausus
459 369 493 411 es
505 353 697 426 vituperarer
720 350 794 424 Quis
809 361 914 412 autem
926 369 1027 414 meum
1042 372 1102 416 eon·

77 443 208 501 sulatum
232 445 352 510 praeter
371 436 402 494 P.
426 435 563 495 Clodium
591 435 643 510 qui
671 436 860 510 vituperaret
885 435 1031 498 inventus
1050 446 1105 499 estt

77 524 165 582 cuius
181 520 303 594 quidem
325 519 377 578 tibi
393 519 501 590 iatum,
519 517 608 578 sicuti
626 518 656 577 0.
674 518 813 590 Curioni,
829 528 952 580 manete
976 521 1106 595 quonian

77 604 108 664 id
123 602 227 662 domui
240 610 311 661 tuae
326 610 387 672 est,
405 602 488 674 quod
505 601 559 659 tuit
573 599 690 661 illorum
707 600 830 675 utrique
846 603 952 662 letale.
983 604 1038 667 12..
1050 605 1107 665 lion

78 688 179 761 placet
191 685 231 745 Μ.
246 684 379 744 Antonio
404 686 579 745 consulatus
605 699 702 743 meus.
739 687 780 742 At
795 684 914 758 placuit
928 686 963 744 P.
980 685 1106 760 Servilio,

80 777 110 829 ut
130 785 198 828 eum
221 769 349 841 primum
381 767 534 826 nominem
559 782 598 824 ex
618 764 700 829 illius
719 768 867 840 temporis
892 768 1106 845 consularibus,

80 852 132 926 qui
146 850 286 925 proxime
302 859 349 909 est
362 857 512 909 mortuus:
529 848 642 922 placuit
656 848 689 922 Q.
705 848 826 923 catulo,
844 851 938 911 euius
955 853 1107 928 semperin

79 935 136 993 hac
160 949 193 992 re
219 933 341 1006 publiea
365 931 447 992 vivet
475 931 654 991 auotoritas:
684 931 797 1006 placuit
822 933 953 994 duobus
978 935 1103 1007 Lucullis,

78 1018 118 1078 Μ.
139 1016 259 1087 Crasso,
276 1014 308 1087 Q.
323 1015 496 1086 Hortensio,
513 1014 544 1073 C.
562 1013 692 1086 curioni,
708 1014 739 1074 Ο.
753 1015 865 1089 Pisoni,
885 1016 941 1075 Μ’.
958 1018 1103 1089 Glabrioni,

79 1099 128 1158 Μ’.
145 1098 277 1172 Lepido,
300 1099 333 1156 L.
352 1097 510 1168 Volcatio,
533 1096 563 1155 C.
579 1095 701 1171 Figulo,
720 1098 754 1157 D.
771 1097 892 1173 Silano,
915 1100 953 1159 L.
968 1101 1101 1173 Murenae,
1174 1085 1178 1111 ¹

81 1182 210 1256 quitum
226 1188 311 1240 erant
332 1182 475 1240 consules
490 1180 653 1252 designati=
674 1179 788 1254 placuit
802 1180 886 1240 idem
904 1185 993 1257 quod
1010 1200 1100 1246 consu
1167 1177 1178 1191 '

81 1264 195 1322 laribus
216 1263 255 1320 Μ.
272 1262 393 1322 Catoni:
415 1262 467 1337 qui
488 1279 581 1336 quum
602 1264 694 1326 multa
716 1263 777 1323 vita
797 1265 960 1327 excedens
979 1266 1101 1342 providit,
1175 1311 1178 1353 ἱ

83 1358 143 1406 tum
160 1346 242 1417 quod
258 1354 286 1404 te
303 1346 460 1404 consulem
481 1362 542 1404 non
562 1344 645 1405 vidit.
673 1346 807 1417 ¹Maxime
828 1363 905 1407 vero
929 1353 1102 1411 consulatum

81 1445 180 1487 meum
197 1426 249 1485 Cn.
264 1426 427 1500 Pompeius
444 1427 599 1502 probavitz
622 1427 673 1503 qui
695 1437 726 1489 ut
740 1444 789 1487 me
812 1431 949 1503 primum
969 1433 1100 1493 decedens

53 1553 64 1575 .
81 1527 121 1570 ex
134 1509 224 1587 Syria
233 1509 314 1583 vidit,
333 1512 512 1584 complexus
528 1520 558 1571 et
570 1513 723 1584 gratulans
738 1528 805 1572 meo
820 1512 980 1575 beneficio
994 1515 1099 1591 patriam
1159 1550 1166 1560 ·

82 1611 116 1653 se
132 1593 270 1653 visurum
287 1609 358 1653 esse
373 1593 457 1653 dixit.
479 1593 539 1653 Sed
556 1593 629 1668 quid
643 1594 779 1669 singulos
795 1605 1031 1659 commemoro?
1048 1596 1100 1656 Fre

82 1676 283 1753 quentissimo
299 1676 419 1737 senatui
435 1676 479 1736 sie
497 1677 625 1751 placuit,
650 1686 683 1737 ut
698 1683 781 1738 esset
793 1693 884 1739 nemu
902 1680 960 1755 qui
974 1680 1043 1741 milri
1055 1694 1099 1739 non

82 1769 114 1821 ut
125 1759 242 1835 parenti
258 1760 370 1834 gratias
388 1768 499 1835 ageret,
516 1759 567 1835 qui
582 1758 654 1818 mihi
671 1777 731 1820 non
747 1762 838 1821 vitam
854 1777 956 1836 suam,
974 1765 1099 1832 torturas,

82 1844 217 1916 liberos,
233 1860 295 1902 rem
312 1844 464 1917 publicam
478 1843 604 1903 referret
619 1852 784 1918 acceptam.
1172 1902 1178 1912 ,

144 1927 196 1985 Vl.
221 1925 268 1985 13,
285 1925 347 1985 Sed
362 1925 505 2001 quoniam
520 1925 593 1997 iltis,
611 1943 690 2000 quos
705 1913 874 1999 nominavi,
896 1935 945 1988 tot
959 1944 997 1989 ac
1011 1928 1099 1990 talibu

83 2009 156 2068 viris
171 2025 221 2067 res
239 2008 358 2084 publiea
374 2010 480 2072 orbata
494 2016 555 2080 est,
571 2007 729 2068 veniamus
747 2010 785 2068 ad
802 2009 908 2082 vivos,
934 2011 988 2086 qui
1003 2011 1099 2072 duone

83 2091 287 2152 consularium
307 2108 432 2152 numero
454 2091 563 2166 reliqui
578 2101 656 2152 sunt.
687 2092 721 2150 L.
738 2092 838 2162 Cotta,
862 2092 912 2151 vir
935 2110 1051 2154 summo
1069 2093 1120 2153 in,

82 2177 172 2250 genio
190 2184 368 2248 summaque
384 2174 556 2250 prudentia,
581 2174 674 2234 rebus
690 2175 727 2234 iis
743 2174 854 2250 gestis,
874 2192 957 2250 quas
971 2186 1005 2237 tu
1018 2192 1099 2251 repre

83 2258 208 2331 hendis,
237 2258 490 2333 supplicationem
512 2257 647 2317 decrevit
668 2257 768 2317 verbis
789 2257 1009 2334 amplissimis,
1030 2259 1099 2333 eique

82 2341 125 2399 illi
139 2342 215 2415 ipsi,
238 2357 317 2416 quos
333 2343 424 2403 modo
442 2339 610 2412 nominavi,
632 2343 810 2400 consulares
832 2351 1027 2417 senatusque
1046 2358 1101 2402 eun·

84 2432 151 2481 ctus
167 2425 319 2484 adsensus
338 2434 398 2484 esst
415 2424 467 2499 qui
482 2424 582 2483 hunos
598 2433 669 2498 post
684 2423 834 2482 conditam
849 2423 932 2484 lrane
947 2427 1051 2486 urbem
1064 2426 1100 2483 lna

84 2505 166 2565 bitus
182 2514 229 2565 est
245 2514 348 2581 togato
365 2516 434 2566 ante
449 2523 497 2566 me
513 2506 633 2565 nemini.
677 2505 725 2566 14.
747 2506 779 2563 L.
796 2506 927 2578 Caesar,
950 2510 1101 2570 avunculus

83 2597 169 2660 tuus,
187 2605 248 2661 qua
263 2591 407 2658 oratione,
429 2606 489 2664 qua
504 2590 682 2661 constantia,
699 2605 759 2664 qua
773 2589 925 2663 gravitate
940 2592 1101 2652 sententian

84 2670 160 2731 dixit
178 2671 208 2729 in
224 2672 340 2731 sororis
356 2688 431 2730 suae
444 2671 556 2744 virum,
581 2672 717 2733 vitricum
735 2681 830 2733 tuum!
859 2673 952 2733 Hunc
975 2684 1009 2735 tu
1029 2687 1102 2749 quun

80 2763 239 2827 ,auctorem
261 2765 291 2814 et
322 2764 552 2829 praeceptorem
582 2755 713 2814 omnium
738 2753 938 2815 consiliorum
965 2756 1102 2830 totiusque

85 2838 165 2898 vitae
182 2837 344 2907 debuisses
359 2839 481 2912 habere,
495 2837 592 2898 vitrici
607 2844 636 2896 te
649 2838 775 2896 similem
791 2854 881 2912 quam
898 2841 1044 2900 avunculi
1057 2854 1101 2897 ma·

85 2922 174 2981 luisti.
206 2923 302 2982 Huius
319 2937 375 2996 ego
391 2921 507 2980 alienus
523 2920 658 2981 consiliis
679 2921 787 2980 consul
800 2937 876 2981 usus
891 2935 989 2981 sume
1002 2932 1047 2993 tu,
1065 2936 1101 2979 so

83 3004 162 3064 roris
176 3005 272 3079 filius,
293 3004 404 3079 ecquid
420 3005 459 3063 ad
475 3020 543 3063 eum
558 3020 701 3078 umquam
717 3005 755 3062 de
771 3020 804 3062 re
820 3005 946 3078 publica
960 3003 1101 3066 rettulistil

84 3085 124 3145 At
139 3089 178 3146 ad
193 3105 272 3161 quos
290 3089 403 3148 refert?
424 3087 455 3147 di
470 3087 669 3147 immortales!
695 3087 734 3146 ad
755 3103 809 3147 eus
830 3087 966 3158 seilicet,
991 3098 1100 3163 quorun

87 3168 174 3227 nobis
193 3171 282 3231 etiarn
298 3172 365 3230 dies
380 3173 496 3230 natales
517 3170 661 3230 audiendi
682 3177 762 3230 sunt.
807 3167 856 3230 15.
872 3169 976 3230 Hodie
991 3168 1100 3231 nonde

86 3252 204 3310 scendit
217 3255 377 3314 Antonius.
409 3254 488 3314 Cur?
512 3255 569 3314 Dat
587 3253 755 3329 nataliciam
775 3251 805 3335 in
820 3251 930 3313 hortis.
961 3254 1036 3314 cuit
1057 3250 1101 3310 lle

87 3330 194 3391 minem
206 3336 377 3395 nominabo.
395 3337 498 3397 Putate
511 3346 571 3396 tum
583 3334 755 3394 Phormioni
767 3335 866 3400 alicui.
880 3343 946 3396 tum
959 3328 1102 3405 Gnathoni,
