2356 3854
344 133 574 239 caen-aa
596 182 769 244 εει-»σε
1002 180 1065 246 aar
1144 160 1146 165 ’

60 326 180 399 bitror,
196 334 230 387 ut
242 324 500 402 quisquam‚·durn
521 318 610 386 saluti
626 343 749 388 suorum
770 331 917 404 consulat,
935 345 1066 390 commu·

60 426 108 470 em
125 409 288 484 relinquat
329 408 407 467 Nihil
422 410 460 468 de
482 407 594 469 iudicio
617 410 746 480 larebat,
773 411 830 473 sed
852 428 981 487 poenam
1003 427 1068 472 am-

60 496 122 553 itus
136 506 208 551 eam
220 491 379 564 referebat
396 508 475 566 quae
492 493 590 551 iuerat
603 507 707 565 nuper,
724 493 933 568 superioribus
948 493 1066 568 legibus

60 573 217 636 >nstitutus
260 574 366 648 ltaque
386 574 443 634 hac
469 575 627 648 rogatione
657 591 717 635 non
744 574 875 635 iudicum
906 576 1064 649 sententia,

60 658 93 718 ed
109 656 190 732 regis
206 654 309 717 vidum
318 655 539 731 corrigebatur.
581 656 675 716 Nemo
696 656 839 717 iudicium
860 658 1065 733 reprehendit,

60 754 133 801 uum
148 740 189 798 ds
205 754 307 814 poena
320 739 469 813 queritur,
486 739 542 800 sed
557 740 664 812 legem.
694 739 850 799 Damnatio
866 749 913 800 est
927 741 1006 801 enim
1021 741 1066 802 iu·

60 832 151 894 cutm
169 836 248 897 quae
262 822 417 882 manebat:
434 837 536 896 poena
550 821 635 895 legis,
652 836 731 894 quae
741 822 905 881 levabatur.
935 823 985 883 dt.
998 823 1065 883 Noli

60 904 264 965 ituranimos
278 921 384 966 eorum
405 906 559 976 ordinum,
583 901 636 977 qui
651 911 798 978 praesunt
813 902 933 964 iudiciis
948 914 1066 964 summe

60 1005 107 1048 rm
127 986 276 1062 gravitate
295 984 325 1047 e't
345 987 502 1060 dignitate,
523 986 655 1046 alienare
671 1004 690 1047 a
704 1002 808 1047 causa.
838 986 932 1046 Nemo
954 987 1065 1046 labala·

60 1085 121 1131 are
135 1069 280 1130 iudicium
293 1077 342 1130 est
352 1079 490 1142 conatus,
505 1069 576 1128 nihil
591 1076 639 1128 est
649 1069 714 1129 eius
729 1069 812 1129 modi
826 1070 1064 1145 promulgatum:

60 1166 162 1228 emper
172 1151 321 1212 Caecilius
336 1151 367 1211 in
382 1152 550 1212 calamitate
564 1150 663 1212 iratris
679 1151 727 1211 sui
737 1151 870 1213 iudicum
884 1158 1064 1226 potestatem

60 1235 293 1310 erpetuandam,
310 1233 386 1310 legis
401 1233 593 1294 aoertmtem
607 1233 799 1308 mitigandam
815 1232 939 1310 putavit.
996 1266 999 1271 ·

120 1317 225 1380 xxlll.
248 1316 309 1376 Sed
327 1317 399 1392 quid
419 1317 530 1392 ego-de
546 1317 605 1376 hoc
624 1319 711 1392 plura
725 1316 899 1391 disputent
925 1315 1064 1376 Dicerem

60 1408 170 1461 >nasse
184 1408 215 1460 et
229 1398 317 1459 facile
333 1409 363 1460 et
376 1399 502 1460 libenter
516 1401 654 1470 dicerent,
671 1399 698 1461 si
713 1401 814 1475 paullo
830 1399 919 1460 etiarn
933 1399 1064 1474 longius,

60 1498 131 1543 uatu
147 1480 218 1561 linis
238 1481 380 1542 cotidiani
401 1482 494 1543 ollicii
515 1482 661 1557 postulat,
682 1483 715 1546 L.
732 1482 892 1543 Caecilium
914 1482 1013 1557 piatas
1034 1489 1065 1543 ει
1159 1549 1161 1555 ,

60 1574 189 1626 atomus
218 1580 303 1624 amor
331 1565 532 1639 propulisset:
563 1564 755 1638 implorarem
785 1581 896 1625 sensus
927 1572 1063 1626 vestros:

60 1648 127 1709 nius
150 1647 299 1722 cuiusque
313 1647 528 1721 indulgentiam
547 1646 577 1705 iu
600 1663 675 1706 suos
696 1654 837 1717 testarer,
864 1655 998 1722 peterem
1017 1664 1064 1706 er·
1138 1716 1143 1721 ¹

60 1738 103 1792 tto
120 1732 239 1791 veniam
253 1731 286 1791 L.
302 1731 421 1790 Caecilii
443 1746 481 1787 ex
503 1729 613 1788 intimis
636 1729 745 1788 vestris
766 1729 999 1802 cogitationibus
1020 1737 1063 1787 at-

60 1830 99 1874 ue
119 1829 161 1873 ex
180 1813 363 1873 humanitate
384 1812 544 1871 communi.
586 1810 637 1872 65.
658 1811 724 1869 Lex
743 1810 810 1870 dies
830 1810 886 1871 luit
906 1809 1064 1885 proposita

60 1912 170 1956 auoost
189 1896 260 1956 ferri
275 1904 386 1970 coepta
401 1910 580 1968 numquam,
596 1890 736 1967 deposita
753 1901 800 1952 est
812 1891 843 1952 in
860 1900 983 1956 senatu:
1002 1893 1062 1952 Ka·

60 1978 136 2039 mdis
151 1974 298 2040 ianuariis
315 1995 407 2053 quum
427 1977 457 2036 in
470 1975 647 2050 capitolium
668 1993 725 2036 nos
741 1983 879 2037 senatum
893 1972 1061 2038 convocas-

60 2078 152 2134 emus,
167 2062 240 2121 nihil
257 2070 305 2122 εει
320 2069 418 2121 actum
435 2060 529 2134 prius,
545 2066 574 2119 ει
589 2058 621 2118 id
635 2060 777 2118 mandatu
793 2059 894 2120 Sullae
908 2060 943 2133 Q.
959 2058 1062 2119 Metel·

59 2162 84 2205 ts
105 2153 228 2219 praetor
249 2161 283 2204 se
309 2143 392 2218 loqui
414 2143 504 2215 dixit,
530 2142 643 2202 Sullam
663 2141 743 2200 illam
762 2144 949 2217 rogationem
968 2143 1006 2201 de
1028 2156 1062 2201 se

60 2229 119 2287 olle
138 2227 220 2288 ierri.
254 2226 302 2286 Ex
315 2227 367 2286 illo
388 2235 525 2301 tempore
539 2225 572 2284 L.
589 2222 736 2285 Caecilius
753 2228 877 2285 multae
892 2241 925 2284 re
941 2225 1063 2298 publiea

60 2310 112 2384 git=
129 2308 267 2384 agrariae
281 2308 348 2383 legi,
366 2325 444 2385 quae
459 2317 521 2368 tota
535 2325 553 2367 a
566 2322 614 2367 me
628 2307 816 2382 reprehensa
830 2316 860 2366 et
874 2307 992 2366 abiecta
1005 2312 1060 2376 est,

60 2408 74 2452 ε
92 2391 328 2453 intercessorem
344 2393 410 2452 iore
431 2394 589 2466 protessus
610 2398 671 2464 est,
692 2389 837 2464 improbis
853 2388 1061 2471 largitionibus

60 2474 155 2549 estitit,
170 2484 295 2536 senatus
308 2474 516 2535 auctoritatem
531 2490 694 2548 numquam
708 2471 872 2547 impedivit,
888 2472 929 2532 ita
944 2488 978 2532 se
992 2486 1062 2547 ges·

60 2557 77 2618 lt
90 2559 121 2617 in
133 2557 295 2641 tribunatu,
313 2566 345 2617 ut
356 2574 448 2617 onere
460 2555 601 2630 deposito
614 2554 772 2616 domestici
787 2553 879 2615 cilicii
891 2554 964 2614 nillil
979 2562 1061 2631 post·

60 2640 196 2701 aniside
209 2640 403 2715 reipublicae
417 2640 584 2700 commodis
597 2637 742 2715 cogitarit.
771 2638 822 2699 66.
836 2639 936 2712 Atque
949 2636 980 2696 in
994 2638 1062 2711 ipsa

60 2723 196 2798 ›gutioue
210 2738 249 2782 ne
264 2721 393 2798 pervim
408 2721 481 2797 quid
495 2730 650 2797 ageretur,
674 2721 743 2797 quis
765 2729 826 2782 tum
843 2730 979 2781 nostrum
995 2718 1062 2778 Sul·

60 2822 97 2865 un
110 2814 164 2866 aut
179 2798 342 2865 Caecilium
357 2805 535 2865 verebaturt
550 2820 651 2864 nonne
666 2804 763 2865 omnis
777 2804 827 2863 ille
842 2812 947 2873 terror,
963 2798 1062 2862 omnis

60 2889 196 2950 editionis
218 2888 419 2963 timeretque
440 2886 543 2962 opinio
561 2904 601 2946 ex
615 2886 754 2961 Autronii
774 2885 964 2960 improbitate
986 2898 1061 2956 pau-

60 2972 151 3032 ebatt
178 2970 254 3030 Eius
272 2984 382 3042 voees,
405 2969 472 3029 aius
488 2970 587 3028 minae
604 2969 792 3029 ferebanturt
819 2966 885 3028 eius
906 2970 1061 3040 aspectus,

60 3054 246 3127 nucureatio,
271 3051 409 3129 stipatio,
434 3066 543 3127 greges
566 3051 722 3111 hominum
746 3048 931 3126 perditorum
952 3054 1062 3107 metum

60 3137 128 3197 ubis
149 3135 377 3209 seditionesque
397 3133 583 3195 adferebant·
610 3135 715 3207 ltaque
729 3134 760 3192 P.
775 3132 859 3192 Sulla
874 3132 934 3192 hoa
949 3125 1062 3206 impor-

60 3218 199 3280 missimo
221 3228 314 3293 quurn
333 3217 459 3278 honoris
479 3215 649 3277 tumeliam
669 3213 845 3275 calamitatis
865 3215 950 3275 socio
969 3220 1062 3290 atque

60 3303 148 3362 emite
168 3311 199 3362 et
218 3302 371 3363 secundas
393 3301 529 3361 fortunas
547 3296 681 3357 amittere
704 3305 828 3357 coactus
849 3307 896 3358 est
909 3305 940 3360 et
958 3297 989 3358 ln
1008 3297 1062 3359 ad·

60 3383 138 3469 ‘ersis
152 3384 219 3447 sine
235 3386 297 3445 ullo
314 3380 448 3444 remedio
465 3390 555 3456 atque
570 3380 779 3442 adlevamento
791 3394 980 3456 permanere.
