2356 3854
4 264 9 275 ,
82 193 145 259 att
384 190 456 250 rao
471 190 503 249 a.
519 189 650 249 snsno
666 174 828 250 ORAT10.'

82 344 236 414 diuturna,
252 341 331 401 adeo
344 341 402 399 vim
419 340 561 399 facinoris
578 340 624 400 sui
639 341 888 414 perhorruerant,
901 349 936 412 ut,
950 337 971 399 si
981 336 1045 412 paul

82 425 200 498 longior
222 423 324 497 opinio
344 421 449 487 mortis
466 421 557 483 Sestii
579 421 701 493 luisset,
724 423 892 484 Graccllurn
910 423 1046 485 illansuto
1077 446 1081 484 r

81 505 284 569 transterendi
298 505 329 564 in
346 520 403 565 nos
421 504 554 565 criminis
569 521 663 565 causa
678 506 819 567 occidere
834 505 984 582 cogitarim
1002 502 1045 563 Sa-
1071 545 1072 548 =

83 590 122 651 sit
135 588 298 650 rusticulus
315 605 376 648 non
391 587 589 649 incautus-
609 605 710 662 neque
725 589 805 648 enirn
820 589 954 649 homines
965 598 1047 658 natac
1076 610 1081 647 τ

7 694 10 699 ·
30 728 35 736 .
82 680 359 745 acerepotuorunt
378 688 520 733 -suum
540 672 718 744 sanguinem
740 673 846 745 quaeri
861 673 899 737 ad
912 669 1048 744 coniugam
1080 696 1081 701 κ

83 757 151 815 dam
166 754 308 815 invidiam
327 753 469 814 lacinoris
485 754 635 814 elodiana
656 754 831 815 mulioniam
849 757 992 830 paenulam
1004 747 1060 811 alr'r·
1079 777 1081 781 ¹

83 839 162 912 pult,
178 853 246 897 cum
261 853 321 911 qua
337 838 465 910 primum
474 837 602 896 Romam
617 838 656 896 ad
670 837 792 897 comitia
803 847 939 903 venerat:
953 830 1051 925 messori
1077 880 1079 885 2

83 937 118 981 se
137 921 231 979 corbe
252 919 394 980 contexit.
440 919 537 990 Quum
566 929 745 992 quaererent
768 920 819 983 alii
842 912 1053 989 Numeriumca

83 1003 238 1076 Quintum,
263 1003 373 1075 gemini
394 1002 524 1062 nominis
546 1018 648 1062 errore
670 1011 810 1063 servatus
830 1013 885 1067 est.
923 998 1053 1078 atquaitt

83 1085 167 1147 scitis
182 1085 302 1155 ornnes,
320 1086 509 1158 usqueadeo
520 1084 672 1144 hominem
688 1087 718 1144 in
732 1086 870 1160 periculo
882 1087 980 1157 luisse,
992 1077 1055 1159 quoti

12 1196 15 1203 ⁷
83 1168 191 1229 scitum
206 1176 253 1226 est
266 1165 398 1227 Sestium
418 1168 532 1227 vivere
567 1167 655 1240 Quod
669 1168 700 1229 ni
710 1177 796 1240 esset
808 1162 1055 1244 patefactununlt

84 1250 172 1309 citius
194 1265 284 1322 quam
306 1251 430 1321 vellem,
456 1267 516 1311 non
536 1249 579 1310 illl
601 1250 724 1324 quidem
747 1261 845 1325 morte
859 1240 1057 1327 marcescant

83 1335 246 1393 transl'erre
268 1331 439 1406 potuissent
458 1331 601 1395 invidiam
617 1334 648 1392 in
670 1351 748 1407 quos
764 1337 928 1409 putabant,
949 1333 1057 1397 aaron

24 1430 27 1437 ’
83 1414 200 1474 bissinri
215 1416 339 1474 sceleris
354 1415 507 1475 infamiam
524 1424 610 1489 grato
632 1417 765 1490 quodam
781 1421 900 1479 scelere
916 1414 1057 1503 minatam}

82 1494 133 1558 83.
151 1500 197 1556 Ac
212 1497 239 1556 si
259 1506 321 1556 turn
334 1497 366 1556 P.
383 1496 518 1567 Sestius,
543 1499 675 1570 iudices,
700 1499 731 1559 in
752 1503 867 1575 templo
890 1498 1009 1563 Castoris
1022 1508 1058 1554 tlt

83 1596 162 1639 mam
180 1596 270 1654 quam
289 1580 340 1640 vix
353 1580 474 1641 retinuit
488 1579 649 1653 edidisset,
666 1598 727 1640 non
742 1583 848 1644 dubito
864 1584 952 1657 quin,
967 1581 990 1643 si
1003 1574 1059 1637 noll

83 1670 167 1725 esset
180 1663 211 1723 in
224 1677 258 1722 re
280 1663 402 1738 publica
421 1672 560 1736 senatus,
584 1665 612 1724 si
631 1664 775 1732 maiestas
796 1667 906 1741 populi
919 1662 1059 1727 Romulo

82 1745 225 1819 vixisset,
248 1747 411 1820 aliquando
433 1755 532 1807 statua
555 1747 625 1807 huic
643 1749 682 1807 ob
698 1764 761 1807 rom
777 1748 931 1823 publicam
947 1744 1061 1809 matfelt

81 1829 113 1891 in
133 1831 199 1891 loro
222 1838 410 1891 statueretur.
450 1830 513 1889 Nec
540 1846 611 1889 vero
633 1829 752 1890 illorum
780 1831 958 1907 quisquam,
982 1834 1063 1914 quot}

83 1911 248 1973 maioribus
268 1912 380 1975 nostris
401 1921 496 1973 morte
519 1913 600 1972 obita
618 1912 737 1985 positos
757 1914 787 1972 in
810 1914 862 1975 illo
887 1917 954 1976 loco
968 1910 1050 1986 atquc

82 1996 190 2055 rostris
208 1995 373 2054 collocatos
389 1996 507 2065 videtis,
528 2003 611 2057 esset
624 1995 654 2053 P.
671 1994 770 2055 Sestio
783 2007 836 2057 aut
849 1997 1004 2059 acerbitate
1020 2013 1042 2043 rt
1063 2025 1064 2028 ¹

83 2075 121 2135 tis
139 2084 189 2135 aut
203 2076 302 2136 animo
318 2078 347 2134 in
362 2093 424 2136 rem
437 2078 587 2151 publicam
600 2079 851 2151 praeponendum
867 2081 920 2155 qui
932 2084 1063 2154 quumal·

85 2175 149 2217 sam
166 2159 240 2218 civis
256 2159 438 2231 calamitosi,
457 2176 582 2219 causam
596 2160 699 2230 amici,
716 2177 840 2221 causam
856 2163 935 2223 bene
948 2163 985 2223 (le
997 2174 1023 2218 re
1035 2166 1065 2201 r'

82 2241 162 2300 blica
182 2240 292 2314 meriti,
321 2257 443 2301 causam
465 2252 603 2315 senatus,
633 2258 755 2303 causam
776 2245 896 2317 ltaliae,
919 2228 1066 2307 caumata

16 2340 21 2347 ‘
84 2323 223 2397 publicae
235 2323 440 2398 suscepisset,
459 2340 613 2400 quumque
623 2325 769 2399 auspiciis
780 2326 1014 2403 religioniquep
1035 2356 1038 2365 ·

84 2406 295 2479 obnunciaret,
315 2408 398 2481 quod
419 2417 569 2479 senserat,
591 2408 659 2467 luce
680 2409 780 2481 palam
794 2425 813 2469 a
828 2411 953 2473 nelariis
966 2423 1014 2484 pes

83 2486 113 2544 in
129 2486 254 2549 deorum
268 2490 484 2566 hominumque
501 2499 667 2568 conspectu
683 2501 767 2551 esset
778 2493 903 2555 occisus
915 2508 985 2555 sano
1007 2532 1010 2539 -
1039 2523 1040 2530 κ

82 2568 255 2643 intemplo,
281 2573 472 2633 sanctissima
492 2573 521 2630 in
538 2589 645 2646 causa,
666 2573 858 2639 sanctissimo
876 2575 907 2634 in
921 2572 1017 2651 maga·
1037 2590 1046 2609 ¹⁹

83 2651 157 2711 Eius
173 2651 263 2726 igitur
283 2653 373 2713 vitam
389 2655 549 2728 quisquam
567 2656 757 2730 spoliandam
775 2659 961 2719 ornamentis
974 2668 1028 2719 caat
1048 2656 1050 2659 ’

83 2742 145 2805 cet,
172 2735 261 2796 cuius
285 2746 409 2798 mortem
435 2738 600 2798 ornandam
620 2747 817 2801 monumento
831 2736 1014 2817 ‘sempiterno
1033 2751 1041 2777 ·‘

82 2817 208 2879 taretis‘l

166 2901 295 2963 mtxlx.
315 2900 364 2964 aa.
386 2901 548 2975 Homines,
561 2903 671 2978 inquit,
690 2903 804 2975 emisti,
821 2906 962 2981 coegisti,
979 2886 1059 2979 nord

84 3016 126 3027 —
138 2984 215 3056 Quid
232 2984 274 3045 uti
291 2986 424 3045 laceret‘t
449 2993 587 3044 senatum
606 2986 781 3045 obsiderem
810 2987 895 3048 cives
914 2988 978 3050 ind
996 3011 1016 3036 o
1038 3000 1040 3015 ¹

85 3069 271 3139 expelleret?
290 3068 370 3127 bona
388 3066 552 3140 diriperae
575 3069 668 3127 aedes
684 3069 881 3131 incenderet?
902 3078 977 3131 tecta
994 3085 1028 3116 ν’

84 3144 190 3207 baretl
220 3151 331 3225 templa
354 3151 480 3210 deorum
496 3149 703 3211 immortalium
723 3150 943 3213 inflammaret?
965 3148 1023 3210 tull
1054 3161 1056 3166 ⁴

85 3227 183 3295 plebis
198 3232 276 3292 leno
294 3250 311 3292 e
327 3232 433 3293 rostris
448 3231 634 3306 expelleret?
651 3232 826 3307 provincias
843 3252 919 3310 quas
933 3234 1008 3294 velet
1058 3241 1061 3248 ’

85 3304 143 3365 bus
167 3312 259 3372 vellet
283 3316 447 3375 venderet‘t
464 3331 563 3387 reges
588 3317 777 3389 appellaret?
806 3314 907 3377 rernm
933 3308 1033 3389 capital
1050 3317 1056 3356 -'
1080 3343 1081 3350 κ

87 3391 301 3461 condemnatos
319 3396 350 3455 iu
369 3396 480 3459 liberas
503 3396 639 3458 civitates
659 3414 715 3472 per
733 3399 851 3473 legatos
872 3408 985 3461 nostros
1015 3411 1029 3435 r
1074 3421 1078 3463 ;
