2356 3854
185 199 246 262 wi
456 199 534 259 PRO
549 199 585 258 1„
599 199 763 258 MURENA
779 197 949 258 nunilo»

182 366 217 402 oe·
226 349 366 414 perstruit,
386 348 445 399 vlle
459 347 618 410 mmmmm
632 351 691 403 lut.
709 363 749 400 or.
763 346 812 409 XL·
827 348 853 403 1.
871 347 912 402 10.
932 356 958 399 ot
974 348 1103 401 Putea

181 419 283 470 eatam
297 416 399 467 ninom
410 431 435 477 e,
449 415 494 466 ll.
508 415 541 466 tl.
559 416 663 467 Meno
678 415 809 467 ubsdntus
826 425 851 466 et
866 431 937 467 anuo
950 425 1011 482 put
1025 415 1103 469 mnu

182 494 229 538 est.
250 483 316 535 Vide
327 482 364 535 Μ.
377 481 504 534 ciceronis
517 485 654 535 orationem
666 500 731 548 quse
744 494 782 535 est
789 499 842 550 pro
850 485 888 536 L.
896 485 990 536 namo
1000 501 1025 537 o.
1034 476 1077 539 ὓ.
1090 486 1103 549 i

181 550 262 603 eiusd.
278 559 340 627 oret
357 566 381 602 o.
398 548 438 602 13.
459 551 483 614 §2
497 548 540 603 30.

264 706 287 765 l.
312 704 339 766 l.
365 669 455 774 Quae
468 706 649 781 deprecatus
663 720 681 763 a
693 703 742 765 dis
755 702 974 765 immortalibus
983 721 1066 778 -sum,
1080 702 1103 764 iu

181 803 264 849 more
278 787 477 864 institutoque
490 790 636 850 maiorum
655 787 706 848 illo
728 785 791 857 dle,
814 804 875 862 quo
897 786 1056 862 auspicato
1080 803 1103 847 ct

182 870 355 933 centuriatis
370 869 402 931 L.
418 870 575 932 Murenam
589 871 745 934 consulem
759 869 951 942 renuntiavi,
972 877 1008 931 ut
1021 886 1058 930 ee
1069 886 1101 930 re

181 953 430 1030 magistratusque
450 970 538 1027 meo,
558 956 672 1031 populo
692 952 836 1029 plebique
850 954 1008 1013 Romanae
1021 953 1098 1013 bene

181 1037 308 1098 lelioiter
322 1037 470 1109 eveniret,
493 1037 600 1098 eadem
615 1051 725 1114 precor
741 1035 779 1095 ab
794 1035 904 1096 iisdem
922 1035 970 1095 dis
990 1036 1103 1096 immun

181 1121 222 1181 ob
238 1118 374 1180 eiusdem
387 1117 518 1180 hominis
537 1123 729 1181 consumtum
743 1135 802 1178 una
817 1135 884 1178 cmn
900 1119 997 1178 salute
1013 1117 1103 1179 oblim

181 1211 211 1263 et
231 1210 263 1263 ut
284 1210 403 1262 restrae
423 1208 540 1263 mentes
560 1211 652 1277 atque
673 1200 841 1263 sententiae
861 1217 930 1261 eum
954 1200 1103 1277 populilt

182 1280 388 1344 voluntatibus
407 1283 623 1361 suffragiisque
643 1283 833 1346 consentiunt
854 1299 954 1360 euque
973 1301 1024 1344 res
1045 1283 1102 1344 vob

180 1369 317 1442 putoque
331 1365 468 1427 Romano
483 1383 602 1442 paoem,
614 1366 867 1443 tranquilitatem,
884 1366 983 1427 ooium
1000 1383 1103 1428 eonem

181 1465 243 1525 que
255 1448 384 1512 soleret
411 1449 499 1522 Quod
513 1448 541 1510 si
552 1451 603 1510 illu
614 1449 769 1511 sollemnis
780 1448 970 1511 comitiorum
985 1449 1103 1526 precati

181 1531 333 1596 sularibus
350 1530 497 1608 auspiciis
513 1542 692 1594 consecrata
707 1542 819 1594 tantam
832 1533 923 1593 habet
937 1532 967 1592 in
990 1551 1025 1593 se
1042 1533 1100 1591 vim

179 1616 337 1692 Hgionem,
360 1624 503 1692 quantum
517 1616 562 1677 rei
575 1615 715 1692 publicae
730 1616 860 1691 dignitus
877 1619 1025 1692 postulet,
1050 1615 1103 1675 ider

180 1716 248 1762 sum
264 1707 422 1776 precatus,
447 1707 480 1760 ut
494 1698 540 1761 eis
556 1717 679 1775 quoque
693 1698 880 1770 hominibus,
903 1699 1016 1773 quibus
1031 1698 1103 1758 hiet

179 1784 257 1844 latus
271 1797 320 1844 me
334 1791 463 1859 rogante
476 1782 565 1844 dutus
580 1786 672 1855 esset,
690 1799 726 1842 en
740 1798 793 1842 res
808 1782 915 1856 leuste,
934 1782 1063 1842 feliciter
1078 1799 1099 1856 p

178 1883 275 1942 reque
286 1866 430 1926 eveniret.
452 1865 481 1927 2.
493 1865 575 1940 Quae
588 1883 680 1943 quum
691 1865 732 1927 ita
744 1866 812 1939 siut,
824 1864 951 1938 iudices,
965 1873 995 1926 et
1007 1883 1094 1940 quum

143 1962 146 1970 ·
179 1950 306 2010 deorum
326 1948 536 2009 immortalium
558 1958 693 2024 potestas
717 1957 769 2009 aut
789 1949 931 2008 translate
953 1948 992 2008 sit
1016 1950 1087 2008 adr

178 2038 260 2091 certe
274 2032 494 2092 communiente
512 2031 679 2103 vobiscum,
695 2030 775 2092 idem
793 2033 900 2090 consul
915 2048 984 2091 eum
1000 2041 1082 2092 vestr

103 2137 109 2151 ¹
173 2113 379 2185 sommendat,
393 2112 446 2187 qui
456 2124 544 2175 antee
554 2113 602 2174 dis
611 2112 829 2175 immortalibus
839 2115 1072 2186 commendavit,

178 2194 248 2255 dem
258 2194 389 2256 hominis
401 2211 479 2255 voce
492 2203 522 2257 et
532 2196 703 2258 declaratus
717 2197 1015 2257 consuletdelensus
1026 2198 1071 2256 be

35 2282 38 2289 “
115 2352 117 2359 Ι
177 2277 506 2354 popullflomanioum
517 2278 874 2354 vestrentqueomuium
888 2278 1065 2339 civiumsult

178 2366 236 2421 tur.
264 2362 303 2421 Et
318 2360 462 2437 quonium
476 2359 507 2421 in
522 2361 583 2421 hou
598 2362 699 2422 ollioio
715 2360 848 2423 studium
862 2378 949 2421 meae
964 2363 1055 2422 delen

179 2443 407 2505 accusatoribus
423 2452 515 2519 etque
531 2443 620 2504 etiam
635 2444 705 2519 ipse
718 2443 873 2518 susceptio
891 2461 1004 2504 causae
1019 2461 1052 2504 re

178 2532 239 2596 est,
261 2535 330 2586 ante
348 2542 437 2601 quom
452 2543 507 2601 pro
522 2524 557 2586 L.
572 2527 698 2595 Murena
715 2526 816 2587 dicore
831 2526 970 2599 instituo,
992 2543 1047 2601 pro

177 2621 277 2680 pauca
291 2607 398 2681 dicam,
415 2625 475 2669 uon
491 2626 552 2684 quo
567 2609 638 2669 mihi
652 2607 753 2684 potior
762 2609 821 2669 hoe
838 2609 960 2684 quidem
973 2609 1002 2669 in
1015 2619 1042 2670 te

178 2688 273 2748 nifioii
288 2689 347 2750 mei
363 2707 453 2764 quam
470 2691 598 2752 huiusce
612 2691 720 2759 solutis
734 2692 890 2765 defensio,
912 2694 968 2752 sed
990 2703 1023 2753 ut

177 2771 266 2831 vobis
282 2772 408 2847 probato
425 2772 539 2835 maiore
553 2775 730 2835 auctoritate
745 2776 782 2834 ub
795 2775 885 2834 huius
901 2777 1028 2836 honore

177 2853 321 2930 turrisque
335 2854 474 2917 omnibus
489 2855 677 2918 inimieorum
691 2854 823 2932 impetus
838 2859 1022 2933 propulsare

259 2986 296 3047 ll.
317 2983 347 3049 3.
372 2986 410 3049 Et
431 2988 560 3063 primum
578 2989 618 3048 ll.
639 2985 744 3050 Catoni
763 2990 856 3049 vitum
875 2991 915 3048 ad
942 2999 1016 3050 ceru

176 3084 313 3131 normam
330 3069 470 3146 dirigenti
484 3079 516 3132 et
530 3070 759 3146 diligentissime
776 3072 978 3146 perpendenti
993 3093 1010 3132 u

177 3146 314 3212 liciorum
322 3154 463 3215 omnium
479 3155 519 3215 de
536 3154 639 3215 offleio
655 3171 723 3214 meo
742 3156 949 3229 respondebo.
992 3158 1005 3215 i

177 3237 292 3291 reolum
306 3235 378 3298 cato
395 3253 443 3298 me
458 3247 488 3300 et
506 3237 665 3298 consulem
680 3245 710 3297 et
724 3237 800 3310 legis
814 3237 945 3297 ambitus
961 3241 999 3298 lat

177 3324 287 3373 severe
299 3324 386 3389 gesto
404 3321 564 3382 consulatu
581 3335 704 3381 oausam
721 3320 754 3378 L.
769 3318 913 3379 Murenae
931 3321 993 3380 attii

177 3392 374 3468 reprehensio
387 3418 437 3463 me
450 3402 645 3464 vehementer
659 3408 774 3472 movet,
796 3418 857 3461 non
874 3403 974 3462 solum
