2356 3854
190 217 194 227 .
253 128 512 235 Jonas-m.
532 119 732 240 §.m-as
772 192 775 196 ·
946 174 1012 241 aaa

94 327 213 396 tamem
238 321 463 384 coniuratorum
479 323 584 398 copias
606 331 723 382 veteres
739 331 769 383 et
785 325 914 386 effusam
928 327 1009 390 iiiam

70 411 205 465 »emtam
220 405 365 479 catilinae
380 407 581 481 importunam
596 422 715 466 manum
729 422 810 468 novo
826 409 904 470 duee
920 421 950 473 et
964 415 1008 473 in·

70 501 102 546 a
123 491 359 550 commutatione
380 506 481 550 rerum
502 507 574 550 esse
589 498 765 548 renovatam
780 513 836 546 —t
862 491 913 554 43.
931 496 1008 557 haee

83 569 245 646 viderem,
266 571 341 646 quid
361 584 498 647 agerem.
520 568 658 632 iudicesr
679 571 744 632 seio
766 572 846 633 enim
862 582 924 638 tum
946 596 1007 639 non
1052 581 1054 587 ’

70 662 208 715 restrum
229 655 378 728 studium,
406 658 462 715 sed
487 668 584 714 meum
610 669 706 727 prope
730 663 833 716 vestro
861 659 1006 722 defuisse.

70 738 201 818 tderem
213 747 320 800 eontra
333 739 483 800 tribunum
501 734 599 809 piebis
615 735 752 810 privatus
768 738 881 799 annis?
907 744 1006 804 Vicis-

70 821 327 897 nprobos-boni,
345 825 437 883 sortes
453 822 582 877 inertes=
601 817 777 881 interiectus
792 825 934 897 essetis,
955 829 1006 901 qui

70 918 114 964 ra
136 904 287 967 medisina
304 908 371 966 sola
392 902 527 978 potuita
548 901 594 961 rei
615 902 754 977 publicae
775 912 861 978 peste
885 908 1005 983 depelli.

70 985 208 1049 ieindet
231 989 300 1064 quis
314 990 431 1063 reliqua
444 992 634 1059 praestaret?
655 986 704 1045 eui
722 987 853 1062 denique
872 1000 936 1050 erat
951 992 1005 1051 du-

70 1071 145 1140 auin
161 1073 212 1132 ilie
229 1072 354 1147 sanguis
372 1066 563 1141 uitunioius,
585 1069 667 1133 nullo
685 1070 861 1144 praesertim
881 1073 1004 1148 publico

70 1167 105 1214 ο
120 1158 281 1230 profusus,
299 1153 439 1214 eonsules
455 1152 567 1211 ultores
583 1158 613 1211 et
627 1152 807 1215 defensores
823 1165 906 1216 esset
919 1157 1004 1217 habi-
1082 1202 1085 1209 .

95 1255 189 1314 quum
199 1238 328 1314 ⁴quidam
341 1235 372 1296 in
385 1233 526 1294 contione
539 1234 670 1296 dixisset
681 1245 733 1297 aut
744 1237 815 1297 mihi
828 1241 923 1300 semei
934 1257 1003 1315 per·
1024 1232 1028 1246 ’
1098 1279 1103 1299 .

70 1333 109 1380 m
128 1332 180 1383 aut
194 1322 242 1382 bis
256 1332 328 1378 esse
340 1315 532 1377 vincendum.
563 1318 641 1392 Quid
656 1330 721 1381 erat
734 1320 781 1380 bis
796 1322 943 1383 vinceret
968 1325 1004 1384 Id

70 1409 129 1478 tto,
149 1415 196 1479 ut,
219 1419 285 1462 eum
303 1400 509 1474 amentissimo
529 1403 649 1462 tribuno
667 1404 765 1477 plebis
787 1423 879 1481 quum
897 1407 1003 1467 decer·
1035 1438 1039 1447 =

70 1498 97 1556 ι,
110 1504 178 1549 eum
189 1483 366 1546 oonsulibus
378 1485 567 1558 caeterisque
580 1484 646 1545 eius
657 1487 805 1548 ultoribus
817 1488 1002 1551 dimiearem.
1079 1515 1084 1524 ι

70 1580 108 1638 ζο
125 1583 212 1639 vero,
236 1567 282 1626 vei
299 1565 325 1626 si
341 1569 529 1642 pereundum
544 1569 667 1642 inisset,
690 1586 726 1628 ae
742 1587 803 1630 non
821 1571 1002 1647 accipienda

72 1651 150 1714 mihi
177 1649 337 1719 sanabilis,
364 1649 405 1708 ilii
427 1651 594 1723 mortifera,
623 1651 676 1726 qui
705 1668 772 1714 eam
794 1653 1001 1730 imposuisset,

87 1734 185 1808 perire
204 1741 319 1804 tamen,
341 1733 475 1805 iudices,
499 1733 675 1794 maluissem
696 1752 787 1808 quam
802 1736 851 1796 bis
868 1737 1001 1797 vincere.
1042 1728 1045 1742 '

70 1817 134 1876 nim
148 1816 199 1876 iila
215 1818 308 1876 altera
323 1817 389 1876 eius
406 1817 488 1876 modi
503 1816 672 1888 eontentio,
695 1825 727 1878 ut
743 1834 843 1894 neque
857 1818 930 1880 vieti
949 1832 1016 1879 ne<

70 1895 184 1961 ietores
203 1917 267 1960 rem
289 1899 442 1975 publicam
463 1908 565 1959 tenere
587 1914 760 1974 possemus.
802 1899 902 1975 auida
924 1903 950 1961 si
969 1902 1000 1961 in

75 1983 270 2044 contentione
281 1982 310 2042 vi
321 1982 479 2042 tribunicia
492 1982 589 2065 vietus
601 1983 632 2041 in
644 1983 711 2044 fora
722 1999 790 2042 eum
798 1984 899 2045 multis
910 1985 1000 2046 bonis

70 2067 276 2127 aneidissem‘t
291 2075 428 2127 senatum
440 2067 593 2138 consules,
606 2067 709 2138 oredo,
722 2076 894 2139 vocassent,
909 2085 1000 2145 quern

77 2151 117 2209 de
132 2149 253 2210 civitate
268 2151 418 2210 delerant:
440 2149 479 2208 ad
494 2166 578 2209 arma
592 2158 751 2223 vocarent,
769 2152 821 2226 qui
836 2168 875 2210 ne
890 2152 1000 2213 vestitu
1093 2155 1096 2160 ’

70 2243 94 2290 n
108 2232 230 2293 defendi
246 2250 310 2294 rem
326 2233 477 2315 puplicam
492 2232 619 2294 sissent=
646 2250 664 2294 a
679 2234 798 2294 tribuno
816 2234 913 2308 piebis
930 2242 1017 2310 post'

70 2328 120 2376 um
130 2333 230 2376 meum
243 2317 460 2390 dissedissent,
477 2317 528 2394 qui
539 2318 677 2377 eamdem
687 2317 792 2376 horam
804 2312 1007 2390 meae‘pestis·

70 2413 137 2459 rum
152 2400 355 2475 praemiorum
369 2417 440 2461 esse
455 2400 633 2462 voluissent.
662 2400 725 2462 XX.
740 2398 790 2460 45.
807 2400 906 2459 Unum
919 2401 999 2461 enini

71 2484 188 2544 astabat
201 2483 289 2555 iilud,
307 2485 390 2558 quod
405 2484 531 2546 forsitan
545 2501 606 2544 non
618 2500 707 2545 nemo
718 2482 766 2542 vir
777 2482 862 2543 fortis
872 2491 905 2544 et
918 2484 998 2544 aeris

79 2567 240 2642 magnique
261 2566 383 2627 dixerit:
411 2569 605 2642 Restitisses‚
626 2583 849 2642 repugnasses,
872 2575 998 2628 mortem

70 2667 109 2711 ns
125 2650 310 2726 appetisses.
347 2652 396 2731 De
415 2661 534 2727 quote,
552 2661 598 2724 te,
619 2651 759 2727 inquam,
774 2649 886 2726 patria,
903 2658 999 2711 testor

70 2750 86 2805 ι,
110 2742 237 2808 penates
253 2733 402 2809 patriique
420 2734 464 2805 di,
486 2750 534 2794 me
550 2743 720 2795 vestrarum
736 2733 854 2795 sedium
870 2734 998 2808 templo·

70 2831 96 2877 re
109 2833 213 2892 eausa,
227 2833 273 2876 me
286 2826 411 2891 propter
422 2818 549 2878 salntem
560 2833 697 2878 meorum
708 2817 827 2889 civium,
841 2813 999 2891 quaemihi

70 2914 92 2960 tr
104 2900 158 2961 iuit
170 2917 238 2960 mea
249 2900 347 2960 carior
357 2899 428 2973 vita,
441 2899 663 2961 dimicationem
674 2901 861 2975 eaedemque
872 2898 998 2972 fugisse·
1032 2958 1036 2962 .

70 2999 86 3045 n
101 2984 128 3044 si
138 2984 209 3043 mihi
222 2984 251 3043 in
266 2983 369 3058 aliqua
383 2999 461 3044 nave
476 2999 545 3044 eum
555 2983 631 3044 meis
642 2981 749 3043 amicis
763 2980 1000 3055 navigantibus,

71 3085 103 3140 a,
120 3065 300 3141 accidisset,
323 3073 356 3126 ut
370 3065 455 3126 multi
472 3082 512 3126 ex
525 3067 625 3127 mattis
643 3067 719 3127 loeis
735 3065 906 3139 praedones
922 3062 999 3122 elas·

70 3168 135 3212 earn
147 3167 255 3213 navem
268 3166 302 3210 se
314 3165 522 3224 oppressuros
535 3147 756 3220 minitarentur,
772 3145 830 3205 nisi
844 3162 893 3206 me
907 3162 1000 3206 unum

70 3235 249 3306 edidissent,
270 3234 295 3294 si
310 3233 341 3292 id
355 3241 496 3293 vectores
508 3239 654 3306 negarent
668 3248 705 3292 ae
720 3245 838 3290 meeum
853 3228 941 3290 simul
955 3229 999 3288 in-

76 3336 167 3394 quam
182 3335 231 3378 me
253 3319 373 3393 tradere
393 3315 532 3376 hostibus
549 3313 685 3391 mallent,
707 3312 849 3373 iecissem
869 3312 937 3388 ipse
950 3329 1000 3373 me

70 3443 71 3455 t
91 3402 123 3462 in
145 3403 346 3478 profundum,
367 3408 401 3461 ut
416 3407 555 3462 caeteros
571 3413 809 3540 ⁰⁰n⁵⁰rvar⁹1ssi
828 3413 917 3473 quam
930 3395 999 3457 iilos
