2356 3854
378 103 460 164 ΟΑΡ.
473 112 571 166 3-6.
593 111 619 172 S·
636 113 750 167 s--tt
911 58 920 168 ,Ι
943 192 950 211 Ι
1032 107 1106 175 ³79x

64 268 186 315 sumus.
229 254 325 314 Recte
343 246 433 329 igitar
453 270 534 314 anns
555 253 685 315 invictus
707 271 755 327 es,
775 272 795 314 a
815 272 875 331 qao
891 254 981 316 eliam
996 256 1097 332 ipsius

64 334 216 396 victoriae
230 335 373 397 condicio
388 335 500 412 visque
515 336 636 397 devicta
649 347 706 408 est,

126 420 167 478 V.
177 417 227 479 13.
238 420 340 494 Atque
354 418 414 479 iaoc
430 418 461 478 C.
479 419 619 478 Caesaris
635 419 788 494 iudicium,
805 428 906 494 patres
922 421 1096 496 conscripti,

62 517 158 577 qnam
179 503 238 561 late
257 509 359 576 pateat
377 503 536 561 attendite:
559 518 666 562 omnes
688 501 783 574 enirn,
804 502 857 577 qui
879 503 919 563 ad
941 504 992 563 illa
1012 521 1098 564 arma

61 584 127 645 lato
143 600 251 644 sumas
268 585 373 645 nescio
392 601 454 659 quo
470 585 514 644 rei
529 585 668 659 publicae
686 585 797 645 misero
818 588 1001 660 funestoque
1016 603 1097 647 corn-

60 665 1097 743 pnlsietsialiqnaqulpatenemurerrorishannani,ascelerecerte
1151 722 1154 726 ,

59 748 183 810 liberati
197 766 330 810 sumas·
348 750 424 810 Nam
439 767 531 826 qaum
545 750 585 808 Μ.
602 751 777 810 Marcellum
793 750 1027 823 deprecantibus
1043 770 1096 813 vo-

59 830 111 894 bis
133 832 178 891 rei
202 831 342 906 publicae
358 832 566 904 conservavit,
589 841 698 893 memet
720 832 792 892 mihi
807 832 922 892 etitem
937 833 981 893 rei
999 835 1096 908 publi-

60 930 135 988 cae,
157 916 240 975 nullo
262 915 466 991 deprecante,
486 916 630 992 reliquos
652 915 860 990 amplissimos
884 915 966 976 viros
989 925 1020 975 et
1038 916 1097 976 sibi

58 997 152 1075 ipsos
166 1005 197 1058 et
209 997 326 1095 patriae
339 998 487 1060 reddidit·
506 1016 635 1074 qaorum
659 1007 689 1059 et
709 998 910 1074 frequentiam
926 1005 957 1058 et
970 999 1097 1093 dignita·

59 1090 126 1142 tern
140 1079 225 1142 boe
215 1097 286 1157 apso
301 1080 332 1141 in
350 1097 500 1143 consessa
516 1081 634 1144 videtis.
662 1082 728 1144 Non
745 1082 795 1143 ille
810 1082 916 1143 hostes
932 1081 1074 1142 induxit
1066 1098 1098 1140 ιιι

59 1162 195 1237 curiam,
214 1165 272 1225 sed
286 1164 432 1225 iudicavit
447 1182 466 1224 a
480 1165 656 1241 plerisque
649 1165 840 1240 ignoratione
854 1165 957 1240 potius
973 1173 1002 1225 et
1018 1166 1095 1226 falso

59 1255 158 1321 atque
172 1246 253 1307 inani
267 1257 350 1308 metu
365 1232 456 1322 quam
471 1249 635 1323 cupiditate
649 1258 701 1309 aut
714 1248 891 1309 crudelitate
902 1248 1013 1311 bellurn
1025 1264 1096 1309 esse

59 1338 251 1405 susceptum.
296 1327 345 1391 14.
371 1331 437 1404 Quo
461 1331 610 1407 quidem'
601 1349 632 1391 ιιι
655 1332 735 1392 bello
758 1347 879 1407 semper
900 1333 938 1392 de
953 1348 1096 1407 paceau-

58 1413 207 1473 diendum
219 1411 324 1488 putavi
339 1431 522 1491 semperque
534 1415 618 1476 dolui
632 1433 692 1475 non
704 1417 796 1476 modo
810 1433 925 1491 pacem,
939 1415 1096 1475 sedetiam

52 1495 232 1571 ‚einnonem
243 1496 353 1557 civium
367 1502 478 1572 pacem
490 1496 690 1572 flagitantium
707 1499 872 1573 repudiari.
894 1499 1001 1572 Neque
1015 1499 1095 1557 enim

58 1595 120 1653 ego
136 1574 187 1639 illa
200 1596 259 1640 neo
274 1581 336 1640 alla
352 1597 496 1655 umquam
511 1590 636 1641 seculus
658 1598 727 1641 sam
747 1597 830 1641 arma
845 1581 946 1640 civilia
961 1596 1096 1655 semper-

59 1677 124 1739 que
138 1678 207 1731 mea
219 1663 351 1724 coasilia
365 1663 451 1737 pacis
467 1669 497 1722 et
510 1672 600 1737 togae
615 1663 709 1735 socia,
728 1680 788 1722 non
804 1663 877 1723 belli
890 1671 982 1736 alque
997 1677 1096 1720 armo·

57 1761 128 1806 ram
150 1747 279 1807 lauant.
328 1744 487 1806 Hominem
510 1762 575 1807 sum
596 1754 720 1805 secutus
736 1746 853 1820 privato
866 1744 1010 1816 consilio,
1035 1760 1094 1804 non

58 1828 207 1904 publico·
235 1838 416 1903 tantamque
435 1829 519 1904 apud
546 1829 691 1903 magnati
717 1827 809 1888 animi
831 1827 930 1888 fidelis
952 1826 1097 1887 memoria

56 1912 164 1985 valuit,
180 1913 311 1972 utnulla
325 1929 386 1972 non
402 1913 494 1972 modo
510 1911 682 1985 cupiditate,
700 1912 756 1971 sed
772 1929 810 1972 ne
823 1927 879 1986 spe
891 1910 1012 1985 quidem
1025 1922 1096 1985 pra-

57 1995 139 2055 dens
160 2004 190 2056 et
209 1995 311 2056 sciens
332 2005 485 2071 tamquam
506 1995 546 2054 ad
569 1995 718 2055 interitum
744 2011 864 2056 ruerem
884 1994 1095 2055 voluntariam.

58 2075 113 2139 15.
142 2076 230 2151 Quod
257 2062 380 2153 qu'idenn
400 2095 501 2138 meam
521 2077 681 2138 consiliam
700 2077 821 2139 minime
845 2078 1009 2138 obscurum
1031 2077 1094 2137 luit.

56 2160 135 2221 Nam
156 2169 189 2221 et
207 2161 239 2222 in
260 2161 320 2222 hoc
339 2163 446 2222 ordine
466 2162 582 2235 integra
602 2178 636 2221 re
657 2162 750 2222 multa
772 2162 811 2221 de
832 2177 909 2237 pace
928 2160 993 2219 dixi
1016 2168 1045 2219 et
1064 2157 1095 2217 in

57 2242 131 2318 ipso
147 2243 228 2304 ballo
243 2245 352 2305 emera
366 2246 456 2306 eliam
473 2261 542 2306 cam
556 2243 664 2319 capitis
687 2245 746 2304 mei
761 2241 1095 2319 periculosorum

60 2342 124 2400 qao
141 2342 230 2388 nemo
244 2326 304 2388 iarn
318 2327 375 2390 erit
388 2337 448 2390 tam
463 2327 593 2389 iniustus
614 2326 802 2387 existimator
821 2342 921 2386 rerum
943 2326 994 2422 qui
1010 2325 1096 2395 dqbi-

16 2448 24 2465 ι
57 2416 104 2470 tet
121 2424 200 2485 qaae
211 2410 352 2471 Caesaris
368 2413 407 2472 de
422 2413 502 2472 bello
517 2413 658 2473 voluntas
674 2410 772 2483 luerit,
788 2426 881 2484 quarn
894 2409 979 2505 pacis
989 2418 1094 2469 aucto

56 2506 113 2552 res
127 2493 359 2554 conservandos
373 2487 472 2554 statim
487 2494 648 2567 censuerit,
667 2494 795 2555 caeteris
812 2491 921 2554 luerit
912 2490 1024 2554 iratior.
1041 2496 1095 2552 Αι-

58 2590 122 2650 que
136 2576 167 2635 id
181 2577 281 2637 minas
298 2577 430 2637 fortasse
444 2576 549 2637 miram
561 2586 632 2652 tum,
648 2593 741 2652 quum
756 2585 840 2639 esset
848 2578 984 2637 incertus
997 2577 1095 2635 exitus

52 2667 91 2719 -et
102 2673 218 2735 anceps
233 2660 355 2720 ianuae
368 2658 455 2719 belli·
471 2662 522 2734 qui
536 2676 609 2721 vero
624 2660 723 2722 victor
739 2659 826 2735 pacis
837 2669 978 2720 auctores
990 2656 1096 2731 diligit,

17 2758 22 2776 ·
57 2739 87 2801 is
104 2743 244 2816 proiecto
261 2743 397 2802 declarat
409 2757 444 2802 se
461 2740 606 2802 maluisse
623 2743 842 2803 non'dirnieare
857 2758 948 2818 quarn
961 2740 1094 2799 vincere.

57 2818 112 2883 Vl
130 2822 404 2901 tanquelmus
419 2823 600 2921 quidemrei
615 2824 655 2884 M
671 2825 815 2886 Marcello
831 2842 898 2885 suan
914 2822 1010 2883 testis
1036 2821 1094 2880 No-

56 2904 114 2968 stri
134 2906 215 2968 enim
236 2925 348 2969 sensas
369 2909 427 2968 ut
419 2925 450 2967 m
472 2924 549 2982 pace
564 2924 701 2983 semper,
722 2908 768 2968 sic
789 2906 954 2968 tumeliam
970 2902 1000 2962 in
1015 2903 1095 2965 bello
1112 2944 1117 2954 =

57 2991 279 3065 congruebant.
324 2990 470 3066 Quotiens
485 3006 543 3065 ego
560 3007 628 3050 eurn
644 2999 675 3052 et
689 2999 801 3065 quanto
817 3006 884 3051 cunr
902 2988 1009 3048 dolore
1023 2986 1095 3059 vidi,

57 3089 154 3147 quum
170 3073 364 3135 insolentiam
375 3072 691 3134 certorambomlnum
708 3083 770 3135 turn
788 3073 877 3134 etiarn
887 3064 986 3147 ipsias
1001 3071 1095 3131 viclo-

55 3155 122 3216 riae
137 3157 324 3217 lenocitatetn
338 3154 604 3216 extimescentemt
628 3155 693 3230 Quo
715 3155 830 3230 gratior
849 3165 901 3216 tua
919 3154 1094 3226 liberalitas,

58 3236 91 3297 0.
108 3238 229 3311 Caesar,
243 3236 342 3312 nobis,
358 3238 411 3314 qui
426 3239 478 3299 illa
493 3237 635 3310 vidimus
652 3238 743 3298 debet
760 3254 840 3299 esse.
864 3239 930 3299 Non
946 3237 1095 3297 animiam

56 3338 174 3383 causae
188 3330 259 3383 sunt
273 3324 350 3382 inter
365 3337 415 3395 se,
436 3322 492 3382 sed
510 3321 654 3382 victoriae
668 3323 902 3396 comparandae
945 3318 996 3382 17.
1010 3318 1096 3379 Vidi-
