2356 3854
135 201 204 273 ,aea
443 196 517 258 ruo
532 198 564 256 r.
581 195 713 256 susno
730 195 879 256 onnruo.
926 153 949 186 χ’

141 355 223 414 ullam
234 348 406 411 labefactam
418 349 455 407 ab
467 347 613 422 improbis
627 348 727 406 malui.
755 347 806 407 50.
821 347 1033 422 Memineram,
1049 348 1158 422 iudices,

142 434 276 496 divinum
297 433 380 492 illum
401 432 497 491 virum
516 439 608 507 atque
629 447 668 490 ex
685 429 793 490 iisdem
792 428 954 526 quibus'
944 448 1004 493 nos
1020 431 1157 492 radicibus

141 525 244 577 nalum
256 518 295 576 ad
307 515 433 575 salutem
445 512 552 574 huius
544 512 670 588 tmperii,
684 513 714 572 C
726 502 862 587 Marium,
874 530 997 575 summa
1009 523 1154 585 senectute,

143 618 237 676 quum
248 600 307 658 vim
319 614 417 673 prope
428 596 575 657 iustorum
588 613 740 656 armorum
752 596 950 671 profugisset,
968 597 1069 672 primo
1080 596 1154 658 senile

142 700 255 759 corpus
268 682 429 757 paludibus
442 682 613 741 occultasse
625 681 811 750 demersum,
827 680 939 740 deinde
951 681 991 740 ad
1003 681 1152 740 infimorum
1172 674 1174 697 ²

142 783 177 826 ac
196 765 442 827 tenuissimorum
457 763 611 823 homiuum
625 761 783 822 Minturnis
803 762 1049 824 misericordiam
1069 765 1151 824 corlu

141 851 240 925 gissa:
257 848 328 908 inde
342 846 462 920 navigio
476 861 645 921 perparvo,
664 863 757 920 quum
769 861 875 906 omues
890 855 1000 921 portus
1017 856 1151 922 terrasque

142 932 272 1008 lugeret,
286 931 329 989 'iu
351 947 422 990 oras
442 928 564 988 Airicae
589 928 813 989 desertissimas
825 931 1033 1002 pervenisse.
1072 932 1150 1004 Atque

141 1016 191 1075 ille
206 1015 296 1074 vitam
314 1030 414 1083 suam,
438 1029 476 1072 ne
490 1012 601 1072 inultus
616 1020 713 1083 esset,
736 1013 775 1070 ad
790 1011 1027 1074 incertissimam
1041 1017 1149 1089 spernet

141 1100 181 1158 ad
194 1098 239 1157 rei
254 1097 394 1172 publicae
410 1090 503 1155 latum
516 1094 697 1155 reservavit:
722 1109 796 1170 ego,
819 1094 870 1170 qui
887 1096 1147 1169 quemadmodum

142 1182 224 1241 multi
244 1179 274 1238 in
296 1187 403 1237 senatu
423 1195 471 1237 me
491 1179 617 1237 absente
633 1178 788 1250 dixerunt,
817 1177 953 1252 periculo
970 1177 1146 1255 reipublicae

143 1263 297 1334 vivebam,
315 1261 428 1335 quique
445 1261 484 1320 ob
499 1277 565 1320 eam
581 1277 705 1320 causam
720 1261 933 1322 consularibus
947 1260 1056 1335 litteris
1069 1262 1145 1322 dese·

142 1354 229 1405 uatus
246 1343 394 1404 sententia
414 1343 527 1402 exteris
542 1342 713 1403 nationibus
730 1345 980 1418 commendabar,
1006 1340 1145 1419 nonuqsi

142 1443 239 1487 meam
249 1428 340 1487 vitam
352 1426 574 1498 deseruissem,
588 1442 652 1486 rem
664 1426 815 1501 publicam
827 1427 1056 1501 prodidisseml
1067 1431 1143 1501 inqu

143 1510 265 1586 quidem
278 1525 358 1570 nunc
373 1525 421 1568 me
435 1507 572 1569 restituto
590 1508 663 1570 vivit
677 1526 795 1570 mecum
810 1511 897 1571 simul
912 1516 1082 1588 exemplum
1093 1504 1152 1570 utt-

140 1593 291 1670 publicae.
333 1591 422 1666 Quod
444 1591 470 1652 si
490 1591 657 1652 immortale
676 1594 833 1666 retinetur,
863 1593 934 1667 quis
955 1612 1019 1661 non
1036 1590 1143 1666 iutelligit
1166 1625 1169 1629 ·

56 1716 58 1720 -
140 1677 339 1737 immortalem
350 1677 428 1735 hanc
441 1674 591 1737 civitatem
603 1677 755 1737 luturamt
776 1677 880 1736 XXHI.
892 1675 942 1737 51.
960 1679 1036 1738 Nam
1046 1685 1139 1738 erum

140 1760 221 1821 bella·
243 1776 363 1835 regum,
393 1759 541 1834 gentium,
568 1758 721 1820 nationum
743 1761 802 1819 iam
823 1759 941 1835 pridem
961 1760 1004 1823 ita
1024 1757 1137 1822 exstiudr
1163 1764 1172 1818 ἐ

142 1852 226 1919 sunt,
250 1851 283 1904 ut
293 1844 459 1918 praeclare
481 1858 547 1902 cum
563 1841 611 1901 his
627 1857 767 1938 agamus,
791 1851 869 1918 quos
886 1853 1016 1917 pacatos
1030 1858 1092 1904 esse
1103 1852 1135 1915 pt
1156 1872 1161 1913 ς»

139 1926 258 1987 tiamur.
297 1925 437 2000 Denique
452 1940 491 1984 ex
507 1925 614 1984 bellica
629 1925 756 1986 victoria
770 1943 831 1986 non
846 1928 910 1986 lere
926 1942 1098 2004 quemquam
1108 1925 1135 1981 cll
1159 1972 1174 1983 ι

140 2008 254 2072 invidia
269 2007 378 2067 civium
394 2017 568 2068 consecuta.
601 2008 782 2070 Domesticis
800 2009 886 2069 malis
904 2019 935 2070 et
954 2000 1174 2072 audaciumc'r
1156 2021 1174 2049 rr

141 2090 224 2150 vium
240 2090 377 2150 consiliis
393 2106 486 2165 saepe
504 2100 550 2150 est
564 2091 768 2152 resistendum
784 2110 951 2167 eorumque
967 2093 1161 2183 periculorutl
1158 2096 1174 2150 ..i

75 2214 78 2219 -
140 2172 210 2234 est
202 2190 233 2231 un
247 2188 281 2232 re
296 2173 419 2247 publica
432 2173 589 2234 retinenda
603 2175 766 2272 medicina·
786 2194 876 2251 quam
889 2193 1026 2251 omnem,
1043 2173 1131 2236 iudica
1154 2177 1174 2233 u

140 2338 214 2400 loris
240 2339 288 2400 sui
313 2341 351 2399 de
367 2356 415 2400 me
437 2341 611 2400 declarandi
635 2351 771 2416 potestas
795 2352 878 2404 esset
898 2353 1014 2419 erepta.
1053 2343 1132 2433 Quali
1151 2340 1161 2387 ²··

140 2437 251 2481 moneo
272 2440 344 2494 vos,
370 2424 598 2518 adolescentes,
625 2432 716 2500 atque
739 2425 799 2486 hoc
820 2443 888 2486 meo
912 2426 980 2488 iure
1004 2416 1132 2504 praecipit
1152 2425 1166 2457 ³'

141 2520 194 2597 qul
185 2502 395 2578 dignitatem,
415 2505 542 2580 quirem
555 2507 723 2604 publicam,
739 2509 793 2596 qui
805 2511 931 2584 gloriam
943 2509 1093 2586 spectatis,
1104 2514 1133 2569 ll
1157 2520 1174 2563 u,

140 2586 167 2645 si
193 2594 272 2661 quae
292 2605 349 2648 vos
370 2589 533 2663 aliquando
555 2591 724 2652 necessitas
744 2579 868 2653 adrem
890 2594 1044 2693 publicam
1061 2594 1131 2652 corn
1155 2608 1174 2648 e

139 2666 338 2744 improbos
312 2687 397 2730 ouves
411 2671 635 2733 defendendam
652 2674 785 2745 vocabit,
812 2676 973 2751 segniores
989 2677 1052 2740 sitis
1069 2681 1130 2735 an

139 2752 316 2814 cordatione
330 2753 390 2814 mei
406 2770 497 2815 casus
513 2774 532 2816 a
546 2757 682 2818 consiliis
700 2759 826 2819 fortibus
841 2760 1009 2835 refugietis.
1041 2746 1130 2818 tali·
1155 2762 1174 2814 ²⁴„

139 2852 221 2897 mum
242 2847 369 2899 nonest
389 2839 557 2914 periculum
585 2857 623 2900 ne
651 2843 719 2916 quis
743 2858 885 2917 umquam
906 2842 1052 2905 incidat
1044 2858 1073 2904 ιιι
1091 2837 1129 2898 old

138 2919 222 2981 modi
237 2923 395 2995 consules,
412 2924 592 2997 praesertim
607 2923 633 2984 si
649 2925 705 2985 erit
719 2925 755 2984 iis
771 2925 818 2997 id,
837 2926 933 3021 quod·
936 2927 1075 3000 debetur,
1075 2906 1129 2997 tt*

138 3006 280 3065 solutum.
311 3006 427 3065 Deinde
442 3023 606 3080 numquam
622 3006 695 3080 iam,
710 3018 743 3069 ut
759 3025 867 3083 spero,
882 3008 1130 3085 quisquamiupu·
1160 3028 1174 3065 ,-

138 3085 197 3146 bus
213 3088 341 3148 consilio
356 3097 386 3149 et
399 3089 512 3150 auxilio
527 3090 677 3150 bonorum
694 3108 728 3151 se
744 3108 923 3167 oppugnare
936 3109 1002 3152 rem
1018 3089 1136 3227 putiau·
1160 3114 1166 3120 ·

139 3166 220 3229 dicet
234 3171 293 3231 illis
308 3172 493 3245 tacentibus,
512 3190 569 3234 nec
586 3173 691 3235 armati
705 3175 857 3237 exercitus
873 3184 1020 3236 terrorem
1035 3168 1134 3257 oppetii
1160 3179 1174 3234 l

139 3253 263 3322 togatis=
288 3271 389 3330 neque
403 3257 459 3317 erit
473 3255 551 3316 iusta
567 3273 661 3317 causa
676 3259 714 3317 ad
732 3267 835 3332 portas
851 3259 971 3320 sedenti
985 3244 1133 3333 imperatui
1159 3260 1174 3309 ⁴.

139 3346 202 3403 qua
214 3350 248 3393 re
260 3352 347 3396 suum
358 3345 502 3399 terrorem
517 3340 615 3400 laiso
607 3339 712 3401 uectari
725 3343 902 3417 opponique
915 3344 1052 3417 patiatur
1073 3337 1139 3398 llum·
1155 3342 1160 3403 J

139 3430 229 3491 quam
245 3417 324 3477 enim
338 3419 395 3480 erit
408 3430 467 3480 tam
483 3438 653 3498 oppressus
668 3433 807 3499 senatus,
831 3433 863 3484 ut
877 3424 907 3485 ei
920 3441 960 3485 ne
974 3404 1134 3500 supplico!
