2356 3854
8 226 16 239 ..
68 221 70 231 ·
83 196 144 264 158
329 195 367 252 ιιι
381 194 414 253 L.
431 193 639 286 CATILINAM
654 187 795 255 ORATIO
812 197 869 260 IV..

168 345 197 405 6.
221 343 282 403 Sed
308 360 365 417 ego
392 343 506 404 institui
529 345 643 403 reterre
663 346 702 403 ad
722 361 793 414 vos,
820 354 924 419 patres
940 346 1104 420 conscripti,

84 437 238 501 tamquam
259 425 406 500 integrum
414 470 433 499 ,..
445 436 475 486 et
498 428 536 485 de
557 427 636 486 lacto
655 427 728 499 quid
749 427 888 488 iudicetis
910 425 944 488 et'
960 429 1000 488 de
1015 446 1103 502 poena

86 510 161 586 quid
174 510 335 569 censeatis.
378 511 433 568 llla
450 509 637 584 praedicam,
668 527 747 585 quae
767 521 837 571 sunt
857 511 1005 571 consulis.
1048 513 1102 586 Ego

73 609 226 669 ,magnum
240 592 270 650 in
285 592 452 667 republica
469 592 584 652 versari
599 594 731 653 furorem
749 602 778 653 et
793 610 874 654 nova
892 595 1044 669 quaedam
1059 595 1103 652 mi·

85 675 164 736 scari
180 684 211 751 et
225 676 369 736 concitari
382 678 461 734 mala
472 678 530 736 lam
542 674 659 749 pridem
672 675 827 736 videbam:
842 678 1103 754 sedhanctantam,

84 767 145 819 tam
164 757 325 819 exitiosam
339 758 444 818 haberi
460 759 696 819 coniurationem
709 776 726 818 a
741 759 861 819 civibus
879 777 1046 834 numquam
1057 777 1102 834 pu-

83 841 156 903 tavi.
193 842 278 902 Nunc
297 841 446 917 quidquid
462 851 523 914 cst,
548 857 742 918 quocumque
756 851 877 902 vestrae
894 852 1014 903 mantes
1029 843 1100 902 incli-

85 934 157 985 nant
176 934 268 998 atque
289 929 471 997 sententiae,
499 926 691 985 statuendum
711 926 800 985 vobis
822 934 892 985 ante
913 934 1035 986 noctem
1056 934 1100 985 est.

85 1008 234 1081 Quantum
249 1008 366 1068 lacinus
384 1008 424 1067 ad
442 1024 497 1068 vos
516 1009 647 1068 delatum
665 1008 704 1068 sit
719 1007 837 1068 videtis.
860 1008 938 1068 Huic
955 1009 982 1068 si
997 1024 1099 1083 paucos

83 1091 196 1167 putatis
208 1092 326 1150 adfines
338 1107 419 1162 esse,
434 1091 629 1151 vehementer
641 1091 757 1151 erratis.
776 1091 1036 1169 Latiusopinione
1050 1092 1099 1150 dis·

85 1175 266 1235 seminatum
281 1173 401 1233 esthon
416 1175 542 1233 malum:
563 1173 695 1234 manavit
712 1191 773 1247 non
798 1176 896 1234 solum
919 1180 973 1249 pe‘r
988 1174 1098 1245 ltaliam,

84 1273 191 1317 verum
212 1255 302 1316 etiam
325 1256 512 1317 transcendit
533 1259 628 1332 Alpes
650 1265 679 1317 et
697 1258 828 1317 obscure
851 1273 982 1332 serpens
1003 1260 1096 1318 multat

84 1340 144 1400 iam
161 1337 334 1414 provincias
350 1339 520 1414 occupavit.
549 1340 583 1399 ld
598 1339 728 1414 opprimi
744 1342 944 1402 sustentando
960 1358 996 1401 ac
1014 1343 1097 1416 prola·

84 1424 176 1483 tando
192 1423 275 1482 nullo
294 1423 383 1496 paolo
400 1431 516 1497 potest:
536 1439 727 1500 quacumque
741 1423 858 1484 ratione
872 1426 988 1498 placet,
1007 1422 1094 1484 celeri

83 1513 129 1565 ter
144 1505 230 1565 vobis
247 1504 461 1565 vindicandum
476 1514 532 1566 est.

167 1589 218 1648 lV.
237 1586 265 1649 t.
281 1587 379 1648 Video
392 1589 492 1649 adhuc
509 1590 586 1648 duas
601 1605 672 1649 esse
687 1589 862 1662 sententias,
878 1593 1018 1651 unamD.
1033 1590 1093 1650 Sila

83 1671 114 1731 ni
122 1671 199 1748 ,qui
218 1681 324 1733 censet
338 1689 409 1745 eos,
425 1672 478 1746 qui
494 1672 570 1733 haec
585 1674 686 1733 delere
702 1673 803 1733 conati
819 1682 904 1747 sunt,
928 1683 1025 1735 morte
1038 1687 1093 1732 esse

84 1756 285 1828 mulctandos,
301 1757 424 1816 alteram
435 1755 465 1814 C.
479 1756 626 1829 Caesaris,
644 1756 694 1831 qui
707 1756 812 1817 mortis
824 1772 956 1829 poenam
964 1763 1092 1826 removet,

84 1847 271 1899 caeterorum
280 1838 613 1915 suppliciorumomnes
623 1839 802 1899 acerbitates
810 1840 1009 1913 amplectitur.
1024 1840 1091 1900 Uter·

84 1939 143 1997 que
155 1931 185 1982 et
196 1939 251 1997 pro
266 1939 323 1982 sua
340 1922 483 1996 dignitate
498 1932 528 1984 el
543 1940 597 1999 pro
612 1939 713 1983 rerum
724 1921 930 1997 magnitudine
946 1924 975 1983 in
994 1935 1093 1984 summa

84 2004 244 2065 severitate
262 2015 410 2066 versatur.
433 2008 518 2066 Alter
531 2015 600 2081 eos,
617 2006 669 2081 qui
682 2022 741 2066 nos
756 2022 877 2079 omneS,
895 2007 947 2080 qui
964 2009 1091 2082 populun

83 2089 252 2148 Romanum
266 2087 326 2147 vita
343 2090 463 2163 privare
478 2090 578 2149 conati
593 2097 672 2161 sunt,
692 2089 744 2164 qui
759 2091 861 2149 delere
872 2089 1037 2165 imperium,
1055 2085 1092 2160 qul

83 2170 187 2246 populi
208 2170 337 2231 Romani
357 2187 465 2230 nomen
487 2172 696 2246 exstinguere,
719 2181 863 2247 punctum
881 2174 1028 2248 temporis
1050 2168 1092 2230 imi

83 2254 144 2316 vita
158 2263 189 2316 et
203 2254 262 2315 hoc
280 2254 432 2315 communi
452 2255 559 2329 spiritu
580 2273 640 2316 non
659 2264 751 2351 putat·
759 2263 915 2330 oportere,
944 2266 1035 2332 atque
1048 2255 1092 2312 hot

82 2354 177 2412 genus
192 2355 311 2414 poenae
325 2354 419 2412 saepe
431 2337 461 2397 in
473 2339 629 2413 improbos
646 2339 730 2404 cives
744 2338 773 2397 in
789 2340 845 2398 hac
857 2355 890 2398 re
903 2341 1024 2413 publica
1037 2348 1092 2397 esse

7 2481 9 2486 .
82 2432 261 2496 usurpatum
274 2422 462 2482 recordatur.
476 2424 562 2482 Alter
575 2422 712 2497 intelligit
728 2430 853 2482 mortem
869 2422 908 2481 ab
915 2423 997 2491 dis
991 2433 1092 2481 immor·

54 2528 56 2537 ·
84 2504 192 2565 talibus
207 2522 268 2565 non
284 2522 356 2567 esse
371 2504 513 2580 supplicii
530 2523 624 2567 causa
640 2505 847 2577 constitutam,
864 2507 920 2564 sed
937 2515 989 2565 aut
1002 2517 1092 2565 neces

83 2587 202 2647 sitatem
217 2597 342 2648 naturae
358 2597 410 2648 aut
425 2589 562 2648 laborum
576 2607 612 2650 ac
629 2589 817 2649 miseriarum
837 2588 979 2662 quietem
1001 2590 1090 2660 ltaque

82 2688 150 2730 eam
165 2669 319 2746 sapientes
335 2687 498 2747 numquam
512 2671 612 2745 inviti,
642 2674 736 2732 fortes
758 2687 852 2746 saepe
870 2673 960 2732 etiam
982 2673 1092 2732 libenter

82 2754 304 2830 oppetiverunt.
325 2753 454 2813 Vincula
472 2772 544 2816 vero
560 2766 590 2817 et
604 2772 641 2815 ea
656 2754 839 2830 sempiterna
855 2764 936 2816 certe
951 2757 991 2815 ad
1006 2755 1091 2826 singu·

83 2841 175 2899 larem
188 2854 318 2914 poenam
331 2838 438 2897 nefarii
462 2839 587 2900 sceleris
608 2839 731 2898 inventa
747 2847 826 2898 sunt.
855 2838 1030 2913 Municipiis
1044 2833 1090 2894 dis-

82 2922 186 2996 partiri
200 2922 291 2983 iubet.
318 2922 437 2981 Habere
448 2922 568 2983 videtur
579 2922 697 2982 islares
712 2922 907 2996 iniquitatem,
921 2923 947 2981 si
959 2922 1091 2996 imperare

84 3007 168 3080 velis,
184 3007 212 3066 di
217 3006 399 3076 l,licultalem
418 3005 444 3065 si
461 3021 580 3079 rogare.
609 3007 759 3066 Decernat
747 3015 795 3066 tur
810 3014 924 3074 tamen,
950 3004 976 3066 si
999 3006 1089 3082 placet

81 3085 111 3147 8.
128 3089 193 3162 Ego
211 3090 290 3150 enim
309 3105 475 3164 suscipiam
490 3098 533 3158 et
552 3097 583 3148 ut
597 3099 705 3163 spero
721 3090 870 3164 reperiam
888 3107 941 3162 qur
956 3089 1001 3158 rd
1023 3078 1090 3174 quod

83 3170 189 3230 salutis
207 3173 337 3233 omnium
356 3189 450 3234 causa
466 3172 644 3244 statueritis,
669 3186 729 3232 non
754 3180 859 3247 putent
879 3187 951 3232 esse
974 3186 1046 3231 suae
1058 3161 1090 3224 li·

83 3252 205 3346 gnitatis
219 3270 371 3317 recusare.
405 3256 551 3331 Adiungit
566 3272 690 3330 gravem
704 3272 835 3331 poenam
850 3254 1059 3328 municipibus,
1071 3259 1090 3303 ⁵¹

84 3334 153 3409 quis
171 3350 275 3396 eorum
290 3339 410 3400 vincula
425 3340 554 3414 ruperit:
586 3339 749 3400 horribiles
764 3338 921 3399 custodias
944 3331 1091 3397 circumdat

62 3438 68 3450 ‘
83 3426 113 3477 et
127 3416 234 3492 dignas
246 3423 361 3482 scelera
375 3422 528 3482 hominum
537 3423 735 3496 perditorume
752 3422 849 3482 sancit
864 3438 903 3482 ne
919 3421 988 3495 quis
1003 3425 1091 3479 eorum
