2356 3854
31 248 34 257 Ι
122 166 185 233 140
277 126 288 183 ⁷
367 151 416 228 ru
429 169 463 227 ι.
480 167 689 251 cnrmnnn
703 166 844 238 οιιιιιιοΙ
858 167 952 277 ιι.Ι
1130 166 1133 173 ·

107 280 275 380 ¹vidiosum
289 318 464 392 aliquando,
480 319 564 393 quod
579 318 660 379 illum
675 317 826 379 emiserim
839 317 943 394 potius
960 334 1052 395 quam
1066 323 1132 395 quoi

123 401 272 463 eiecerim.
303 400 366 461 Sed
380 419 473 475 quum
483 401 544 461 sint
556 401 695 462 homines
710 402 763 476 qui
777 401 868 475 illum,
885 419 979 478 quum
994 404 1133 478 proiastra

123 485 170 556 sit,
188 483 317 544 eiectum
333 500 405 545 esse
420 484 649 557 dieantiidem,
671 484 698 544 si
712 485 889 547 interleetus
904 481 997 559 esset,
1017 486 1088 562 quid
1099 487 1133 547 tl·

123 574 247 628 nerent?
275 567 325 631 16.
345 568 532 643 Quamquam
545 568 609 639 isti,
632 568 683 642 qui
699 568 854 629 Catilinam
866 568 1035 630 Massiliam
1047 569 1090 632 ire
1100 571 1134 632 ti·
1165 568 1168 573 ’

122 650 241 724 alitent,
265 667 327 712 non
343 659 403 712 tam
419 652 478 712 hoe
496 660 661 728 queruntur
681 670 771 727 quam
791 661 943 713 verentur.
982 653 1083 715 'Nemo
1100 661 1137 715 est

122 736 248 796 istorum
267 744 328 798 tam
348 735 523 797 misericors
544 734 596 810 qui
616 734 699 796 illum
720 752 781 794 non
800 737 840 795 ad
853 735 990 796 Mallium
1007 739 1137 812 quemad

122 817 333 880 Massilienses
349 820 394 880 ire
408 819 500 880 malit.
523 819 576 877 llle
593 825 708 891 antem,
727 818 754 878 si
770 835 818 879 me
834 820 959 879 hereule
973 820 1050 893 hoe,
1067 821 1136 896 quod

122 901 198 976 agit,
215 918 380 977 numquam
399 911 489 962 antea
502 900 683 976 cogitasset,
698 910 796 961 tamen
811 902 1044 964 latrocinantem
1057 918 1091 964 se
1101 903 1136 963 iu·

122 985 218 1046 terlioi
236 987 337 1049 mallet
352 1003 443 1062 quam
455 987 594 1048 exsulem
605 985 717 1046 vivere.
737 986 824 1045 Nune
835 1002 917 1057 vero,
930 1003 1028 1061 quum
1037 986 1066 1048 ei
1078 986 1135 1047 nibil

122 1068 221 1135 adhue
243 1079 363 1146 praeter
382 1071 481 1145 ipsius
503 1073 685 1133 voluntatem
700 1071 976 1147 cogitationemque
995 1069 1134 1140 aesideril,

120 1153 179 1218 uisi
194 1156 280 1234 quod
293 1152 372 1215 vivis
387 1155 477 1215 nobis
487 1157 585 1216 Roma
602 1157 758 1232 proiectus
773 1164 830 1230 est,
845 1154 987 1230 optemus
1003 1155 1135 1230 potiusut

122 1250 171 1302 eat
183 1243 213 1301 in
231 1239 373 1300 exsilium
390 1255 481 1319 quam
496 1255 667 1315 queramur.

203 1323 283 1382 Vlll.
315 1320 364 1386 17.
400 1322 463 1382 Sed
486 1339 540 1382 eur
560 1331 620 1383 tam
640 1323 693 1383 diu
713 1325 753 1384 tle
774 1339 836 1383 uno
850 1322 940 1384 hoste
954 1322 1135 1399 loquimuret

122 1409 160 1467 de
175 1423 213 1467 eo
228 1406 331 1479 hoste,
350 1405 403 1482 qui
418 1405 478 1466 iam
492 1406 602 1466 fatetur
616 1423 651 1466 se
667 1422 738 1467 esse
752 1406 887 1478 hostem,
903 1413 933 1468 et
947 1422 1054 1482 quem,
1069 1405 1134 1482 quit

123 1492 205 1565 quod
221 1505 343 1564 semper
356 1489 455 1563 volui,
479 1506 583 1551 murus
597 1489 737 1565 interest,
765 1507 828 1550 non
842 1489 949 1550 limem
964 1491 1006 1551 (le
1020 1489 1072 1564 ils,
1095 1487 1134 1565 qri

121 1573 328 1647 dissimulant,
343 1573 395 1649 qui
409 1575 525 1635 Romae
539 1582 710 1647 remanent,
732 1574 785 1650 qui
801 1572 962 1634 nobiseum
977 1581 1064 1647 sunt,
1077 1570 1134 1633 niltl

122 1656 272 1718 dicimusr
303 1657 387 1730 Quos
402 1658 525 1734 quidem
545 1654 617 1733 ego,
641 1657 668 1718 si
688 1659 750 1718 ullo
766 1658 857 1717 modo
873 1657 940 1717 lieri
954 1656 1071 1734 possit,
1087 1669 1134 1717 nou

120 1749 179 1802 tam
192 1740 299 1802 ulcisci
314 1743 433 1805 studeo
442 1758 533 1816 quam
548 1758 657 1802 sanare
674 1740 732 1801 sibi
745 1741 844 1816 ipsos,
859 1744 981 1817 placare
996 1737 1135 1816 reipubl·

78 1879 91 1901 ,
123 1840 194 1896 ose,
216 1841 334 1900 neque,
349 1825 381 1885 id
399 1842 459 1901 qua
469 1841 503 1884 re
516 1825 583 1885 lieri
598 1841 659 1885 non
677 1826 789 1900 possit,
811 1824 900 1885 sime
915 1823 1024 1885 audire
1038 1826 1133 1893 volent,

120 1908 265 1984 intelligo.
287 1908 450 1984 Exponam
467 1909 545 1968 enim
562 1908 665 1982 vobis,
686 1906 832 1982 Quirites,
847 1924 886 1969 ex
904 1908 1018 1982 quibus
1033 1905 1134 1984 generi·

121 1990 181 2050 bus
195 1991 350 2051 hominum
365 1992 444 2053 istae
456 1993 565 2067 coplae
580 2000 806 2067 comparentum
822 1991 934 2052 deinde
947 1990 1077 2067 singulis
1087 2004 1133 2050 me

121 2072 250 2132 diuinam
266 2075 385 2133 consilii
399 2083 490 2150 atque
507 2075 654 2136 orationis
676 2091 777 2148 meae,
799 2073 932 2149 siquam
950 2084 1075 2150 potero,
1094 2071 1134 2134 al·

33 2183 36 2187 ⁴
121 2158 225 2215 leram.
247 2155 297 2218 te.
312 2157 411 2218 Unum
422 2174 521 2233 genus
538 2167 586 2220 est
600 2175 714 2231 eorum,
726 2157 779 2234 qui
793 2174 902 2233 magno
919 2157 949 2217 in
964 2175 1037 2219 aere
1052 2158 1135 2218 alieno

120 2238 253 2300 maiores
270 2240 360 2301 etiam
377 2241 597 2316 possessiones
613 2243 741 2315 habent,
762 2258 890 2317 quarum
904 2257 1012 2303 amore
1028 2236 1135 2301 adnuet

121 2322 250 2384 dissolvi
271 2325 354 2385 nullo
372 2325 463 2385 modo
484 2332 625 2400 possunt.
658 2327 772 2387 Horum
789 2325 944 2385 hominum
960 2324 1085 2400 speeies
1100 2327 1137 2384 est

120 2405 353 2467 honestissima=
375 2412 446 2469 sunt
460 2408 540 2468 enim
557 2410 742 2484 locupletes:
765 2410 906 2469 voluntas
922 2424 997 2470 vero
1012 2417 1043 2470 et
1057 2420 1136 2469 eausa

120 2486 391 2562 impudentissima.
423 2492 576 2568 Tungris,
591 2501 623 2553 tu
641 2491 805 2564 aediliciis,
819 2501 852 2554 tu
866 2500 1002 2566 argento,
1019 2500 1053 2552 ιιι
1067 2487 1136 2551 lani

120 2571 175 2642 lia,
201 2577 234 2631 ιιι
246 2574 340 2634 rebus
355 2575 495 2635 omnibus
510 2573 640 2636 ornatus'
655 2582 684 2637 et
699 2576 846 2660 copiosus
864 2577 907 2636 sis
928 2584 959 2635 et
973 2575 1095 2636 dubites
1107 2572 1137 2632 de

119 2654 323 2728 possessione
337 2658 496 2719 detrahere
504 2659 685 2735 ,acquirere
699 2661 740 2719 ad
753 2654 867 2719 lidemt
904 2658 983 2732 Quid
1001 2658 1082 2719 enim
1095 2670 1172 2716 ex·-

121 2744 265 2812 spectas?
278 2739 412 2799 betlnmr
426 2741 503 2814 Quid
513 2744 630 2818 ergot
623 2741 836 2803 intestatione
848 2742 1064 2803 omniumtuas
1078 2753 1139 2816 poe

120 2815 279 2882 sessiones
295 2833 509 2885 sacrosanctas
531 2827 647 2886 suturas
664 2832 776 2901 putast
818 2826 867 2884 An
888 2825 1008 2885 tabulas
1032 2825 1141 2886 nonest

119 2900 228 2966 urrant
242 2905 294 2980 qui
309 2906 384 2967 istas
401 2907 554 2969 acatilina
568 2917 764 2983 exspectant·
780 2924 848 2968 meo
863 2907 1015 2969 benelloio
1031 2907 1141 2969 utone

119 3002 219 3050 novae
233 2991 433 3064 prolerentur,
452 3008 555 3053 verum
567 2991 780 3085 auctionariae.
807 2992 914 3066 Neque
928 2991 1009 3051 eninr
1024 2990 1085 3064 isti,
1098 2985 1142 3064 qui

118 3072 338 3142 possessiones
354 3073 479 3148 habent,
503 3076 562 3135 alia
586 3052 703 3134 ratione
725 3076 787 3135 ulla
815 3075 908 3137 salvi
913 3090 986 3134 esse
1011 3079 1142 3150 possunt

120 3149 247 3222 Quod
222 3171 249 3214 sr
265 3157 411 3219 maturius
427 3159 528 3218 lacere
542 3157 713 3218 voluissent
727 3173 842 3232 neque,
858 3158 889 3217 id
905 3157 990 3232 quod
1008 3151 1143 3219 stultissi-

119 3247 201 3292 mum
217 3244 279 3311 est,
293 3250 410 3301 certare
425 3257 493 3302 eum
508 3239 610 3302 usuris
626 3240 773 3301 fructibus
787 3240 998 3315 praediorum,
1021 3249 1054 3301 et
1068 3241 1143 3301 lom·

119 3315 299 3391 pletioribus
314 3323 362 3382 his
383 3332 413 3384 et
432 3324 609 3385 melioribus
625 3323 744 3407 eivibus
766 3332 928 3385 uteremur.
971 3322 1036 3384 Sed
1057 3324 1146 3384 hosne

120 3398 260 3461 homines
274 3403 396 3466 minime
410 3415 485 3481 puto
501 3406 781 3482 pertimescendos,
804 3407 889 3482 quod
909 3415 968 3467 aut,
982 3405 1097 3468 deduci
1111 3402 1147 3464 tle
