<?xml version="1.0" encoding="UTF-8"?>
<!DOCTYPE html PUBLIC "-//W3C//DTD XHTML 1.0 Transitional//EN"
    "http://www.w3.org/TR/xhtml1/DTD/xhtml1-transitional.dtd">
<html xmlns="http://www.w3.org/1999/xhtml" xml:lang="en" lang="en">
 <head>
  <title>
</title>
<meta http-equiv="Content-Type" content="text/html;charset=utf-8" />
  <meta name='ocr-system' content='tesseract 3.04.00' />
  <meta name='ocr-capabilities' content='ocr_page ocr_carea ocr_par ocr_line ocrx_word'/>
</head>
<body>
  <div class='ocr_page' id='page_1' title='image "./mtulliiciceroni08cicegoog_0040.png"; bbox 0 0 2356 3854; ppageno 0'>
   <div class='ocr_carea' id='block_1_1' title="bbox 390 156 1103 269">
    <p class='ocr_par' dir='ltr' id='par_1_1' title="bbox 390 156 1103 269">
     <span class='ocr_line' id='line_1_1' title="bbox 390 156 1103 269; baseline 0.008 -15"><span class='ocrx_word' id='word_1_1' title='bbox 390 156 598 257; x_wconf 54' lang='lat' dir='ltr'><strong>cxxc-212.</strong></span> <span class='ocrx_word' id='word_1_2' title='bbox 620 204 645 263; x_wconf 85' lang='lat' dir='ltr'><strong>s.</strong></span> <span class='ocrx_word' id='word_1_3' title='bbox 662 204 793 261; x_wconf 80' lang='lat' dir='ltr'><strong>ao-ea.</strong></span> <span class='ocrx_word' id='word_1_4' title='bbox 1079 207 1103 269; x_wconf 83' lang='lat' dir='ltr'><strong>o</strong></span> 
     </span>
    </p>
   </div>
   <div class='ocr_carea' id='block_1_2' title="bbox 10 322 1138 3509">
    <p class='ocr_par' dir='ltr' id='par_1_2' title="bbox 10 322 1138 3493">
     <span class='ocr_line' id='line_1_2' title="bbox 156 322 1102 424; baseline 0.006 -17"><span class='ocrx_word' id='word_1_5' title='bbox 156 346 213 407; x_wconf 88' lang='lat' dir='ltr'><strong>xl.</strong></span> <span class='ocrx_word' id='word_1_6' title='bbox 237 343 314 418; x_wconf 80' lang='lat' dir='ltr'><strong>Quid</strong></span> <span class='ocrx_word' id='word_1_7' title='bbox 334 343 462 420; x_wconf 87' lang='lat' dir='ltr'><strong>primum</strong></span> <span class='ocrx_word' id='word_1_8' title='bbox 484 352 613 421; x_wconf 65' lang='lat' dir='ltr'><strong>querar?</strong></span> <span class='ocrx_word' id='word_1_9' title='bbox 638 356 689 408; x_wconf 88' lang='lat' dir='ltr'><strong>aut</strong></span> <span class='ocrx_word' id='word_1_10' title='bbox 704 351 783 408; x_wconf 92' lang='lat' dir='ltr'><strong>unde</strong></span> <span class='ocrx_word' id='word_1_11' title='bbox 801 322 1009 424; x_wconf 87' lang='lat' dir='ltr'><strong>potissimum,</strong></span> <span class='ocrx_word' id='word_1_12' title='bbox 1025 350 1102 413; x_wconf 91' lang='lat' dir='ltr'><strong>iudi-</strong></span> 
     </span>
     <span class='ocr_line' id='line_1_3' title="bbox 64 427 1102 508; baseline 0.005 -19"><span class='ocrx_word' id='word_1_13' title='bbox 64 443 141 500; x_wconf 91' lang='lat' dir='ltr'><strong>ces,</strong></span> <span class='ocrx_word' id='word_1_14' title='bbox 167 427 294 489; x_wconf 69' lang='lat' dir='ltr'><strong>ordiar?</strong></span> <span class='ocrx_word' id='word_1_15' title='bbox 313 435 365 486; x_wconf 89' lang='lat' dir='ltr'><strong>aut</strong></span> <span class='ocrx_word' id='word_1_16' title='bbox 385 427 469 500; x_wconf 91' lang='lat' dir='ltr'><strong>quod</strong></span> <span class='ocrx_word' id='word_1_17' title='bbox 482 435 535 488; x_wconf 89' lang='lat' dir='ltr'><strong>aut</strong></span> <span class='ocrx_word' id='word_1_18' title='bbox 549 443 568 486; x_wconf 86' lang='lat' dir='ltr'><strong>a</strong></span> <span class='ocrx_word' id='word_1_19' title='bbox 582 429 693 502; x_wconf 90' lang='lat' dir='ltr'><strong>quibus</strong></span> <span class='ocrx_word' id='word_1_20' title='bbox 709 431 854 493; x_wconf 89' lang='lat' dir='ltr'><strong>auxilium</strong></span> <span class='ocrx_word' id='word_1_21' title='bbox 868 441 991 508; x_wconf 66' lang='lat' dir='ltr'><strong>petam?</strong></span> <span class='ocrx_word' id='word_1_22' title='bbox 1022 435 1102 494; x_wconf 86' lang='lat' dir='ltr'><strong>Deo</strong></span> 
     </span>
     <span class='ocr_line' id='line_1_4' title="bbox 10 507 1102 592; baseline 0.007 -24"><span class='ocrx_word' id='word_1_23' title='bbox 10 578 12 583; x_wconf 43' lang='grc'>,</span> <span class='ocrx_word' id='word_1_24' title='bbox 67 527 186 573; x_wconf 83' lang='lat' dir='ltr'><strong>rumne</strong></span> <span class='ocrx_word' id='word_1_25' title='bbox 209 507 444 583; x_wconf 71' lang='lat' dir='ltr'><strong>immortalium,</strong></span> <span class='ocrx_word' id='word_1_26' title='bbox 482 510 628 584; x_wconf 85' lang='lat' dir='ltr'>populine</span> <span class='ocrx_word' id='word_1_27' title='bbox 653 512 797 587; x_wconf 88' lang='lat' dir='ltr'><strong>Romani,</strong></span> <span class='ocrx_word' id='word_1_28' title='bbox 830 525 1018 590; x_wconf 83' lang='lat' dir='ltr'><strong>vestramne,</strong></span> <span class='ocrx_word' id='word_1_29' title='bbox 1048 517 1102 592; x_wconf 90' lang='lat' dir='ltr'><strong>qui</strong></span> 
     </span>
     <span class='ocr_line' id='line_1_5' title="bbox 10 591 1103 694; baseline 0.007 -44"><span class='ocrx_word' id='word_1_30' title='bbox 10 626 14 673; x_wconf 62' lang='grc' dir='ltr'><strong>ι,</strong></span> <span class='ocrx_word' id='word_1_31' title='bbox 74 609 228 651; x_wconf 87' lang='lat' dir='ltr'><strong>summam</strong></span> <span class='ocrx_word' id='word_1_32' title='bbox 244 600 428 667; x_wconf 88' lang='lat' dir='ltr'><strong>potestatem</strong></span> <span class='ocrx_word' id='word_1_33' title='bbox 442 591 576 665; x_wconf 89' lang='lat' dir='ltr'><strong>habetis,</strong></span> <span class='ocrx_word' id='word_1_34' title='bbox 591 594 677 655; x_wconf 90' lang='lat' dir='ltr'><strong>hoct</strong></span> <span class='ocrx_word' id='word_1_35' title='bbox 665 603 801 671; x_wconf 88' lang='lat' dir='ltr'><strong>tempore</strong></span> <span class='ocrx_word' id='word_1_36' title='bbox 816 599 906 658; x_wconf 88' lang='lat' dir='ltr'><strong>fidem</strong></span> <span class='ocrx_word' id='word_1_37' title='bbox 921 599 1103 694; x_wconf 70' lang='lat' dir='ltr'><strong>implorem?</strong></span> 
     </span>
     <span class='ocr_line' id='line_1_6' title="bbox 10 670 1101 752; baseline 0.005 -17"><span class='ocrx_word' id='word_1_38' title='bbox 10 680 12 689; x_wconf 91' lang='lat'>&#39;</span> <span class='ocrx_word' id='word_1_39' title='bbox 75 673 124 735; x_wconf 75' lang='lat' dir='ltr'><strong>eu</strong></span> <span class='ocrx_word' id='word_1_40' title='bbox 143 670 237 735; x_wconf 75' lang='lat' dir='ltr'><strong>Pater</strong></span> <span class='ocrx_word' id='word_1_41' title='bbox 250 675 373 735; x_wconf 88' lang='lat' dir='ltr'><strong>occisus</strong></span> <span class='ocrx_word' id='word_1_42' title='bbox 390 675 519 749; x_wconf 85' lang='lat' dir='ltr'><strong>nelarie,</strong></span> <span class='ocrx_word' id='word_1_43' title='bbox 536 677 646 737; x_wconf 90' lang='lat' dir='ltr'><strong>domus</strong></span> <span class='ocrx_word' id='word_1_44' title='bbox 662 677 793 739; x_wconf 88' lang='lat' dir='ltr'><strong>obsessa</strong></span> <span class='ocrx_word' id='word_1_45' title='bbox 804 681 865 739; x_wconf 89' lang='lat' dir='ltr'><strong>ab</strong></span> <span class='ocrx_word' id='word_1_46' title='bbox 857 681 1003 752; x_wconf 84' lang='lat' dir='ltr'><strong>mimici,s</strong></span> <span class='ocrx_word' id='word_1_47' title='bbox 1019 682 1101 741; x_wconf 86' lang='lat' dir='ltr'><strong>bona</strong></span> 
     </span>
     <span class='ocr_line' id='line_1_7' title="bbox 75 757 1101 853; baseline 0.006 -36"><span class='ocrx_word' id='word_1_48' title='bbox 75 759 235 833; x_wconf 84' lang='lat' dir='ltr'><strong>adempte,</strong></span> <span class='ocrx_word' id='word_1_49' title='bbox 257 774 420 833; x_wconf 88' lang='lat' dir='ltr'><strong>possessa,</strong></span> <span class='ocrx_word' id='word_1_50' title='bbox 435 757 573 853; x_wconf 72' lang='lat' dir='ltr'><strong>direpta,</strong></span> <span class='ocrx_word' id='word_1_51' title='bbox 596 760 650 819; x_wconf 90' lang='lat' dir='ltr'><strong>lilii</strong></span> <span class='ocrx_word' id='word_1_52' title='bbox 672 759 734 819; x_wconf 89' lang='lat' dir='ltr'><strong>vita</strong></span> <span class='ocrx_word' id='word_1_53' title='bbox 755 762 880 836; x_wconf 87' lang='lat' dir='ltr'><strong>inlesla,</strong></span> <span class='ocrx_word' id='word_1_54' title='bbox 904 780 997 838; x_wconf 83' lang='lat' dir='ltr'>saepe</span> <span class='ocrx_word' id='word_1_55' title='bbox 1019 765 1101 824; x_wconf 88' lang='lat' dir='ltr'><strong>lerro</strong></span> 
     </span>
     <span class='ocr_line' id='line_1_8' title="bbox 76 839 1100 918; baseline 0.004 -17"><span class='ocrx_word' id='word_1_56' title='bbox 76 848 169 918; x_wconf 86' lang='lat' dir='ltr'><strong>atque</strong></span> <span class='ocrx_word' id='word_1_57' title='bbox 194 839 315 901; x_wconf 89' lang='lat' dir='ltr'><strong>insidiis</strong></span> <span class='ocrx_word' id='word_1_58' title='bbox 340 839 482 914; x_wconf 86' lang='lat' dir='ltr'><strong>appetita.</strong></span> <span class='ocrx_word' id='word_1_59' title='bbox 525 841 601 914; x_wconf 81' lang='lat' dir='ltr'><strong>Quid</strong></span> <span class='ocrx_word' id='word_1_60' title='bbox 627 844 665 901; x_wconf 89' lang='lat' dir='ltr'><strong>ab</strong></span> <span class='ocrx_word' id='word_1_61' title='bbox 693 841 741 903; x_wconf 91' lang='lat' dir='ltr'><strong>his</strong></span> <span class='ocrx_word' id='word_1_62' title='bbox 769 851 812 903; x_wconf 92' lang='lat' dir='ltr'><strong>tot</strong></span> <span class='ocrx_word' id='word_1_63' title='bbox 832 845 988 904; x_wconf 87' lang='lat' dir='ltr'><strong>maleficiis</strong></span> <span class='ocrx_word' id='word_1_64' title='bbox 1004 847 1100 906; x_wconf 89' lang='lat' dir='ltr'><strong>scele-</strong></span> 
     </span>
     <span class='ocr_line' id='line_1_9' title="bbox 10 923 1100 989; baseline 0.005 -5"><span class='ocrx_word' id='word_1_65' title='bbox 10 980 11 984; x_wconf 75' lang='grc'><strong>,</strong></span> <span class='ocrx_word' id='word_1_66' title='bbox 77 923 118 984; x_wconf 85' lang='lat' dir='ltr'><strong>ris</strong></span> <span class='ocrx_word' id='word_1_67' title='bbox 140 925 255 989; x_wconf 80' lang='lat' dir='ltr'><strong>abesse</strong></span> <span class='ocrx_word' id='word_1_68' title='bbox 282 924 422 983; x_wconf 73' lang='lat' dir='ltr'><strong>videtur?</strong></span> <span class='ocrx_word' id='word_1_69' title='bbox 461 924 571 983; x_wconf 82' lang='lat' dir='ltr'><strong>Tamen</strong></span> <span class='ocrx_word' id='word_1_70' title='bbox 598 925 674 984; x_wconf 88' lang='lat' dir='ltr'><strong>haec</strong></span> <span class='ocrx_word' id='word_1_71' title='bbox 699 924 766 985; x_wconf 90' lang='lat' dir='ltr'><strong>aliis</strong></span> <span class='ocrx_word' id='word_1_72' title='bbox 797 926 920 986; x_wconf 83' lang='lat' dir='ltr'><strong>nefariis</strong></span> <span class='ocrx_word' id='word_1_73' title='bbox 948 931 1100 989; x_wconf 89' lang='lat' dir='ltr'><strong>cumulant</strong></span> 
     </span>
     <span class='ocr_line' id='line_1_10' title="bbox 10 1007 1099 1089; baseline 0.003 -24"><span class='ocrx_word' id='word_1_74' title='bbox 10 1058 14 1065; x_wconf 88' lang='lat'>.</span> <span class='ocrx_word' id='word_1_75' title='bbox 77 1016 168 1082; x_wconf 84' lang='lat' dir='ltr'><strong>etque</strong></span> <span class='ocrx_word' id='word_1_76' title='bbox 187 1007 355 1089; x_wconf 79' lang='lat' dir='ltr'><strong>adaugent,</strong></span> <span class='ocrx_word' id='word_1_77' title='bbox 383 1007 495 1066; x_wconf 79' lang='lat' dir='ltr'><strong>crimen</strong></span> <span class='ocrx_word' id='word_1_78' title='bbox 524 1007 700 1067; x_wconf 84' lang='lat' dir='ltr'><strong>incredibile</strong></span> <span class='ocrx_word' id='word_1_79' title='bbox 727 1009 918 1084; x_wconf 86' lang='lat' dir='ltr'><strong>confingant,</strong></span> <span class='ocrx_word' id='word_1_80' title='bbox 947 1016 1040 1069; x_wconf 88' lang='lat' dir='ltr'><strong>testes</strong></span> <span class='ocrx_word' id='word_1_81' title='bbox 1067 1010 1099 1068; x_wconf 92' lang='lat' dir='ltr'><strong>in</strong></span> 
     </span>
     <span class='ocr_line' id='line_1_11' title="bbox 10 1088 1138 1173; baseline 0.004 -27"><span class='ocrx_word' id='word_1_82' title='bbox 10 1138 14 1146; x_wconf 95' lang='lat'>.</span> <span class='ocrx_word' id='word_1_83' title='bbox 77 1088 156 1149; x_wconf 89' lang='lat' dir='ltr'><strong>hunc</strong></span> <span class='ocrx_word' id='word_1_84' title='bbox 175 1098 207 1151; x_wconf 90' lang='lat' dir='ltr'><strong>et</strong></span> <span class='ocrx_word' id='word_1_85' title='bbox 220 1097 417 1173; x_wconf 83' lang='lat' dir='ltr'><strong>accusatores</strong></span> <span class='ocrx_word' id='word_1_86' title='bbox 437 1089 564 1150; x_wconf 89' lang='lat' dir='ltr'><strong>huiusce</strong></span> <span class='ocrx_word' id='word_1_87' title='bbox 580 1091 709 1164; x_wconf 90' lang='lat' dir='ltr'><strong>pecunia</strong></span> <span class='ocrx_word' id='word_1_88' title='bbox 723 1099 912 1166; x_wconf 88' lang='lat' dir='ltr'><strong>comparant:</strong></span> <span class='ocrx_word' id='word_1_89' title='bbox 933 1092 1012 1151; x_wconf 90' lang='lat' dir='ltr'><strong>hanc</strong></span> <span class='ocrx_word' id='word_1_90' title='bbox 1027 1106 1099 1151; x_wconf 90' lang='lat' dir='ltr'><strong>con·</strong></span> <span class='ocrx_word' id='word_1_91' title='bbox 1132 1133 1138 1145; x_wconf 82' lang='lat'><strong>.</strong></span> 
     </span>
     <span class='ocr_line' id='line_1_12' title="bbox 10 1160 1099 1248; baseline 0.003 -17"><span class='ocrx_word' id='word_1_92' title='bbox 10 1172 12 1183; x_wconf 80' lang='lat'><em>&#39;</em></span> <span class='ocrx_word' id='word_1_93' title='bbox 79 1160 251 1233; x_wconf 75' lang='grc' dir='ltr'>ιιιιιιοιιθιιι</span> <span class='ocrx_word' id='word_1_94' title='bbox 254 1171 367 1233; x_wconf 90' lang='lat' dir='ltr'><strong>misero</strong></span> <span class='ocrx_word' id='word_1_95' title='bbox 395 1174 513 1245; x_wconf 88' lang='lat' dir='ltr'><strong>lerunt,</strong></span> <span class='ocrx_word' id='word_1_96' title='bbox 540 1181 573 1233; x_wconf 92' lang='lat' dir='ltr'><strong>ut</strong></span> <span class='ocrx_word' id='word_1_97' title='bbox 601 1182 704 1248; x_wconf 88' lang='lat' dir='ltr'><strong>optet,</strong></span> <span class='ocrx_word' id='word_1_98' title='bbox 731 1182 831 1235; x_wconf 85' lang='grc' dir='ltr'>ιιιιιιιιι</span> <span class='ocrx_word' id='word_1_99' title='bbox 857 1175 939 1234; x_wconf 87' lang='lat' dir='ltr'><strong>rnalit</strong></span> <span class='ocrx_word' id='word_1_100' title='bbox 962 1174 1099 1234; x_wconf 88' lang='lat' dir='ltr'><strong>cervices</strong></span> 
     </span>
     <span class='ocr_line' id='line_1_13' title="bbox 77 1255 1098 1331; baseline 0 -15"><span class='ocrx_word' id='word_1_101' title='bbox 77 1255 188 1317; x_wconf 83' lang='lat' dir='ltr'><strong>Roscio</strong></span> <span class='ocrx_word' id='word_1_102' title='bbox 214 1257 289 1316; x_wconf 89' lang='lat' dir='ltr'><strong>dare</strong></span> <span class='ocrx_word' id='word_1_103' title='bbox 315 1271 353 1314; x_wconf 90' lang='lat' dir='ltr'><strong>an</strong></span> <span class='ocrx_word' id='word_1_104' title='bbox 380 1255 499 1315; x_wconf 88' lang='lat' dir='ltr'><strong>insutus</strong></span> <span class='ocrx_word' id='word_1_105' title='bbox 520 1255 550 1314; x_wconf 93' lang='lat' dir='ltr'><strong>in</strong></span> <span class='ocrx_word' id='word_1_106' title='bbox 578 1257 695 1316; x_wconf 87' lang='lat' dir='ltr'><strong>culeum</strong></span> <span class='ocrx_word' id='word_1_107' title='bbox 714 1274 769 1331; x_wconf 89' lang='lat' dir='ltr'><strong>per</strong></span> <span class='ocrx_word' id='word_1_108' title='bbox 789 1274 938 1317; x_wconf 92' lang='lat' dir='ltr'><strong>summum</strong></span> <span class='ocrx_word' id='word_1_109' title='bbox 953 1258 1098 1329; x_wconf 88' lang='lat' dir='ltr'><strong>dedecus</strong></span> 
     </span>
     <span class='ocr_line' id='line_1_14' title="bbox 78 1338 1098 1414; baseline 0.002 -16"><span class='ocrx_word' id='word_1_110' title='bbox 78 1339 167 1400; x_wconf 86' lang='lat' dir='ltr'><strong>vitam</strong></span> <span class='ocrx_word' id='word_1_111' title='bbox 185 1339 333 1400; x_wconf 87' lang='lat' dir='ltr'><strong>amittere.</strong></span> <span class='ocrx_word' id='word_1_112' title='bbox 376 1338 525 1399; x_wconf 82' lang='lat' dir='ltr'><strong>Patronus</strong></span> <span class='ocrx_word' id='word_1_113' title='bbox 552 1339 621 1398; x_wconf 89' lang='lat' dir='ltr'><strong>huic</strong></span> <span class='ocrx_word' id='word_1_114' title='bbox 643 1340 727 1399; x_wconf 90' lang='lat' dir='ltr'><strong>delut</strong></span> <span class='ocrx_word' id='word_1_115' title='bbox 695 1348 800 1400; x_wconf 78' lang='lat' dir='ltr'><strong>muros</strong></span> <span class='ocrx_word' id='word_1_116' title='bbox 822 1349 1018 1414; x_wconf 84' lang='lat' dir='ltr'><strong>putaverunt:</strong></span> <span class='ocrx_word' id='word_1_117' title='bbox 1047 1341 1098 1400; x_wconf 89' lang='lat' dir='ltr'><strong>de-</strong></span> 
     </span>
     <span class='ocr_line' id='line_1_15' title="bbox 77 1400 1098 1498; baseline -0.002 -15"><span class='ocrx_word' id='word_1_118' title='bbox 77 1431 160 1483; x_wconf 83' lang='lat' dir='ltr'><strong>sunt·</strong></span> <span class='ocrx_word' id='word_1_119' title='bbox 175 1421 248 1497; x_wconf 86' lang='lat' dir='ltr'><strong>,qui</strong></span> <span class='ocrx_word' id='word_1_120' title='bbox 270 1421 365 1481; x_wconf 91' lang='lat' dir='ltr'><strong>libere</strong></span> <span class='ocrx_word' id='word_1_121' title='bbox 383 1400 479 1492; x_wconf 89' lang='lat' dir='ltr'><strong>dicat,</strong></span> <span class='ocrx_word' id='word_1_122' title='bbox 503 1421 553 1495; x_wconf 90' lang='lat' dir='ltr'><strong>qui</strong></span> <span class='ocrx_word' id='word_1_123' title='bbox 576 1438 643 1483; x_wconf 89' lang='lat' dir='ltr'><strong>cum</strong></span> <span class='ocrx_word' id='word_1_124' title='bbox 665 1424 726 1482; x_wconf 88' lang='lat' dir='ltr'><strong>lide</strong></span> <span class='ocrx_word' id='word_1_125' title='bbox 742 1425 899 1497; x_wconf 79' lang='lat' dir='ltr'><strong>defendat,</strong></span> <span class='ocrx_word' id='word_1_126' title='bbox 922 1423 954 1482; x_wconf 90' lang='grc' dir='ltr'><strong>ιιι</strong></span> <span class='ocrx_word' id='word_1_127' title='bbox 970 1422 1098 1498; x_wconf 89' lang='grc' dir='ltr'>ιιιιοιιιιι</span> 
     </span>
     <span class='ocr_line' id='line_1_16' title="bbox 75 1503 1098 1601; baseline 0.001 -35"><span class='ocrx_word' id='word_1_128' title='bbox 75 1506 130 1566; x_wconf 88' lang='lat' dir='ltr'><strong>bac</strong></span> <span class='ocrx_word' id='word_1_129' title='bbox 141 1520 236 1579; x_wconf 75' lang='lat' dir='ltr'><strong>causa</strong></span> <span class='ocrx_word' id='word_1_130' title='bbox 248 1512 296 1564; x_wconf 89' lang='lat' dir='ltr'><strong>est</strong></span> <span class='ocrx_word' id='word_1_131' title='bbox 309 1503 399 1577; x_wconf 89' lang='lat' dir='ltr'><strong>satis,</strong></span> <span class='ocrx_word' id='word_1_132' title='bbox 413 1504 688 1601; x_wconf 77' lang='lat' dir='ltr'><strong>quoniamquidem</strong></span> <span class='ocrx_word' id='word_1_133' title='bbox 701 1506 839 1581; x_wconf 85' lang='lat' dir='ltr'><strong>suscepi,</strong></span> <span class='ocrx_word' id='word_1_134' title='bbox 855 1523 916 1566; x_wconf 89' lang='lat' dir='ltr'><strong>non</strong></span> <span class='ocrx_word' id='word_1_135' title='bbox 929 1510 1016 1567; x_wconf 89' lang='lat' dir='ltr'><strong>deest</strong></span> <span class='ocrx_word' id='word_1_136' title='bbox 1029 1523 1098 1580; x_wconf 89' lang='lat' dir='ltr'><strong>pro-</strong></span> 
     </span>
     <span class='ocr_line' id='line_1_17' title="bbox 75 1586 1099 1663; baseline 0.001 -16"><span class='ocrx_word' id='word_1_137' title='bbox 75 1590 170 1660; x_wconf 91' lang='lat' dir='ltr'><strong>lecto,</strong></span> <span class='ocrx_word' id='word_1_138' title='bbox 186 1587 315 1648; x_wconf 90' lang='lat' dir='ltr'><strong>iudices.</strong></span> <span class='ocrx_word' id='word_1_139' title='bbox 354 1586 404 1647; x_wconf 87' lang='grc'><strong>31.</strong></span> <span class='ocrx_word' id='word_1_140' title='bbox 424 1587 490 1646; x_wconf 86' lang='grc' dir='ltr'><strong>Ειι</strong></span> <span class='ocrx_word' id='word_1_141' title='bbox 489 1587 602 1648; x_wconf 90' lang='lat' dir='ltr'><strong>orsitan</strong></span> <span class='ocrx_word' id='word_1_142' title='bbox 615 1588 646 1647; x_wconf 91' lang='lat' dir='ltr'><strong>in</strong></span> <span class='ocrx_word' id='word_1_143' title='bbox 665 1589 864 1663; x_wconf 86' lang='lat' dir='ltr'><strong>suscipienda</strong></span> <span class='ocrx_word' id='word_1_144' title='bbox 879 1596 1099 1649; x_wconf 83' lang='lat' dir='ltr'><strong>causalemere</strong></span> 
     </span>
     <span class='ocr_line' id='line_1_18' title="bbox 18 1669 1092 1755; baseline -0.001 -24"><span class='ocrx_word' id='word_1_145' title='bbox 18 1742 23 1755; x_wconf 94' lang='lat'><strong>.</strong></span> <span class='ocrx_word' id='word_1_146' title='bbox 72 1671 223 1747; x_wconf 86' lang='lat' dir='ltr'><strong>impulsas</strong></span> <span class='ocrx_word' id='word_1_147' title='bbox 240 1670 448 1731; x_wconf 88' lang='lat' dir='ltr'><strong>adolescentia</strong></span> <span class='ocrx_word' id='word_1_148' title='bbox 462 1669 599 1730; x_wconf 82' lang='lat' dir='ltr'><strong>fecerim:</strong></span> <span class='ocrx_word' id='word_1_149' title='bbox 618 1672 761 1746; x_wconf 85' lang='lat' dir='ltr'><strong>quoniam</strong></span> <span class='ocrx_word' id='word_1_150' title='bbox 779 1673 904 1746; x_wconf 89' lang='lat' dir='ltr'><strong>quidem</strong></span> <span class='ocrx_word' id='word_1_151' title='bbox 918 1672 1012 1732; x_wconf 88' lang='lat' dir='ltr'><strong>semel</strong></span> <span class='ocrx_word' id='word_1_152' title='bbox 1028 1688 1092 1730; x_wconf 86' lang='lat' dir='ltr'><strong>sus-</strong></span> 
     </span>
     <span class='ocr_line' id='line_1_19' title="bbox 10 1752 1098 1829; baseline -0.006 -14"><span class='ocrx_word' id='word_1_153' title='bbox 10 1812 12 1821; x_wconf 90' lang='grc'>,</span> <span class='ocrx_word' id='word_1_154' title='bbox 74 1753 156 1829; x_wconf 91' lang='lat' dir='ltr'><strong>cepi,</strong></span> <span class='ocrx_word' id='word_1_155' title='bbox 177 1753 249 1828; x_wconf 78' lang='lat' dir='ltr'><strong>licet</strong></span> <span class='ocrx_word' id='word_1_156' title='bbox 269 1752 408 1812; x_wconf 87' lang='lat' dir='ltr'><strong>hercules</strong></span> <span class='ocrx_word' id='word_1_157' title='bbox 422 1753 557 1827; x_wconf 89' lang='lat' dir='ltr'><strong>undique</strong></span> <span class='ocrx_word' id='word_1_158' title='bbox 573 1769 678 1813; x_wconf 90' lang='lat' dir='ltr'><strong>omnes</strong></span> <span class='ocrx_word' id='word_1_159' title='bbox 693 1753 786 1812; x_wconf 91' lang='lat' dir='ltr'><strong>inme</strong></span> <span class='ocrx_word' id='word_1_160' title='bbox 805 1763 935 1812; x_wconf 89' lang='lat' dir='ltr'><strong>terrores</strong></span> <span class='ocrx_word' id='word_1_161' title='bbox 950 1752 1098 1826; x_wconf 90' lang='lat' dir='ltr'><strong>pericula-</strong></span> 
     </span>
     <span class='ocr_line' id='line_1_20' title="bbox 72 1834 1099 1913; baseline -0.004 -15"><span class='ocrx_word' id='word_1_162' title='bbox 72 1854 132 1913; x_wconf 89' lang='lat' dir='ltr'><strong>que</strong></span> <span class='ocrx_word' id='word_1_163' title='bbox 143 1837 342 1912; x_wconf 87' lang='lat' dir='ltr'><strong>impendeant</strong></span> <span class='ocrx_word' id='word_1_164' title='bbox 352 1835 467 1906; x_wconf 83' lang='lat' dir='ltr'><strong>omnia,</strong></span> <span class='ocrx_word' id='word_1_165' title='bbox 480 1851 653 1895; x_wconf 87' lang='lat' dir='ltr'><strong>succurram</strong></span> <span class='ocrx_word' id='word_1_166' title='bbox 664 1844 756 1907; x_wconf 89' lang='lat' dir='ltr'><strong>atque</strong></span> <span class='ocrx_word' id='word_1_167' title='bbox 769 1835 888 1894; x_wconf 87' lang='lat' dir='ltr'><strong>subibo.</strong></span> <span class='ocrx_word' id='word_1_168' title='bbox 919 1834 1038 1894; x_wconf 88' lang='lat' dir='ltr'><strong>Certum</strong></span> <span class='ocrx_word' id='word_1_169' title='bbox 1052 1842 1099 1894; x_wconf 86' lang='lat' dir='ltr'><strong>est</strong></span> 
     </span>
     <span class='ocr_line' id='line_1_21' title="bbox 70 1917 1099 1993; baseline -0.005 -13"><span class='ocrx_word' id='word_1_170' title='bbox 70 1920 352 1993; x_wconf 89' lang='lat' dir='ltr'><strong>deliberatumque,</strong></span> <span class='ocrx_word' id='word_1_171' title='bbox 374 1934 453 1992; x_wconf 87' lang='lat' dir='ltr'><strong>quae</strong></span> <span class='ocrx_word' id='word_1_172' title='bbox 467 1919 506 1975; x_wconf 88' lang='lat' dir='ltr'><strong>ad</strong></span> <span class='ocrx_word' id='word_1_173' title='bbox 528 1933 651 1976; x_wconf 88' lang='lat' dir='ltr'><strong>causam</strong></span> <span class='ocrx_word' id='word_1_174' title='bbox 668 1917 819 1991; x_wconf 88' lang='lat' dir='ltr'><strong>pertinere</strong></span> <span class='ocrx_word' id='word_1_175' title='bbox 834 1917 975 1990; x_wconf 86' lang='lat' dir='ltr'><strong>arbitror,</strong></span> <span class='ocrx_word' id='word_1_176' title='bbox 998 1917 1099 1978; x_wconf 88' lang='lat' dir='ltr'><strong>omnio</strong></span> 
     </span>
     <span class='ocr_line' id='line_1_22' title="bbox 67 1999 1098 2074; baseline -0.004 -11"><span class='ocrx_word' id='word_1_177' title='bbox 67 2020 132 2063; x_wconf 93' lang='lat' dir='ltr'><strong>non</strong></span> <span class='ocrx_word' id='word_1_178' title='bbox 147 2003 241 2063; x_wconf 89' lang='lat' dir='ltr'><strong>modo</strong></span> <span class='ocrx_word' id='word_1_179' title='bbox 258 2001 374 2072; x_wconf 87' lang='lat' dir='ltr'><strong>dicere,</strong></span> <span class='ocrx_word' id='word_1_180' title='bbox 397 2017 502 2061; x_wconf 88' lang='lat' dir='ltr'><strong>verum</strong></span> <span class='ocrx_word' id='word_1_181' title='bbox 517 1999 605 2060; x_wconf 89' lang='lat' dir='ltr'><strong>etiam</strong></span> <span class='ocrx_word' id='word_1_182' title='bbox 620 1999 760 2072; x_wconf 86' lang='lat' dir='ltr'><strong>libenter,</strong></span> <span class='ocrx_word' id='word_1_183' title='bbox 781 2002 927 2061; x_wconf 84' lang='lat' dir='ltr'><strong>audacter</strong></span> <span class='ocrx_word' id='word_1_184' title='bbox 941 2001 1098 2074; x_wconf 83' lang='lat' dir='ltr'><strong>libereque</strong></span> 
     </span>
     <span class='ocr_line' id='line_1_23' title="bbox 68 2083 1098 2158; baseline -0.005 -13"><span class='ocrx_word' id='word_1_185' title='bbox 68 2086 185 2147; x_wconf 88' lang='lat' dir='ltr'><strong>dicere.</strong></span> <span class='ocrx_word' id='word_1_186' title='bbox 226 2085 314 2144; x_wconf 87' lang='lat' dir='ltr'><strong>Nulla</strong></span> <span class='ocrx_word' id='word_1_187' title='bbox 340 2100 390 2143; x_wconf 89' lang='lat' dir='ltr'><strong>res</strong></span> <span class='ocrx_word' id='word_1_188' title='bbox 416 2092 498 2145; x_wconf 88' lang='lat' dir='ltr'><strong>tanta</strong></span> <span class='ocrx_word' id='word_1_189' title='bbox 520 2083 662 2154; x_wconf 87' lang='lat' dir='ltr'><strong>exsistet,</strong></span> <span class='ocrx_word' id='word_1_190' title='bbox 690 2083 823 2154; x_wconf 79' lang='lat' dir='ltr'><strong>indicae,</strong></span> <span class='ocrx_word' id='word_1_191' title='bbox 847 2092 880 2144; x_wconf 89' lang='lat' dir='ltr'><strong>ut</strong></span> <span class='ocrx_word' id='word_1_192' title='bbox 910 2084 1010 2158; x_wconf 90' lang='lat' dir='ltr'><strong>possit</strong></span> <span class='ocrx_word' id='word_1_193' title='bbox 1038 2083 1098 2141; x_wconf 90' lang='lat' dir='ltr'><strong>vim</strong></span> 
     </span>
     <span class='ocr_line' id='line_1_24' title="bbox 66 2164 1099 2241; baseline -0.005 -12"><span class='ocrx_word' id='word_1_194' title='bbox 66 2167 144 2229; x_wconf 85' lang='lat' dir='ltr'><strong>mibi</strong></span> <span class='ocrx_word' id='word_1_195' title='bbox 160 2167 305 2228; x_wconf 89' lang='lat' dir='ltr'><strong>maiorem</strong></span> <span class='ocrx_word' id='word_1_196' title='bbox 318 2167 462 2227; x_wconf 88' lang='lat' dir='ltr'><strong>adhibere</strong></span> <span class='ocrx_word' id='word_1_197' title='bbox 477 2175 575 2229; x_wconf 89' lang='lat' dir='ltr'><strong>metus</strong></span> <span class='ocrx_word' id='word_1_198' title='bbox 590 2183 680 2241; x_wconf 90' lang='lat' dir='ltr'><strong>quam</strong></span> <span class='ocrx_word' id='word_1_199' title='bbox 693 2167 781 2226; x_wconf 90' lang='lat' dir='ltr'><strong>fides.</strong></span> <span class='ocrx_word' id='word_1_200' title='bbox 824 2164 875 2227; x_wconf 73' lang='lat'><strong>32.</strong></span> <span class='ocrx_word' id='word_1_201' title='bbox 896 2167 1011 2226; x_wconf 84' lang='lat' dir='ltr'><strong>Etenim</strong></span> <span class='ocrx_word' id='word_1_202' title='bbox 1028 2165 1099 2240; x_wconf 89' lang='lat' dir='ltr'><strong>quis</strong></span> 
     </span>
     <span class='ocr_line' id='line_1_25' title="bbox 66 2248 1097 2325; baseline -0.008 -13"><span class='ocrx_word' id='word_1_203' title='bbox 66 2260 132 2313; x_wconf 85' lang='lat' dir='ltr'><strong>tam</strong></span> <span class='ocrx_word' id='word_1_204' title='bbox 154 2252 303 2312; x_wconf 85' lang='lat' dir='ltr'><strong>dissoluto</strong></span> <span class='ocrx_word' id='word_1_205' title='bbox 323 2248 423 2309; x_wconf 90' lang='lat' dir='ltr'><strong>animo</strong></span> <span class='ocrx_word' id='word_1_206' title='bbox 439 2259 500 2322; x_wconf 88' lang='lat' dir='ltr'><strong>est,</strong></span> <span class='ocrx_word' id='word_1_207' title='bbox 529 2248 580 2323; x_wconf 92' lang='lat' dir='ltr'><strong>qui</strong></span> <span class='ocrx_word' id='word_1_208' title='bbox 600 2249 676 2309; x_wconf 91' lang='lat' dir='ltr'><strong>haec</strong></span> <span class='ocrx_word' id='word_1_209' title='bbox 692 2266 784 2325; x_wconf 92' lang='lat' dir='ltr'><strong>quum</strong></span> <span class='ocrx_word' id='word_1_210' title='bbox 800 2250 916 2320; x_wconf 87' lang='lat' dir='ltr'><strong>videat,</strong></span> <span class='ocrx_word' id='word_1_211' title='bbox 940 2258 1040 2308; x_wconf 88' lang='lat' dir='ltr'><strong>tacere</strong></span> <span class='ocrx_word' id='word_1_212' title='bbox 1060 2263 1097 2305; x_wconf 91' lang='lat' dir='ltr'><strong>ac</strong></span> 
     </span>
     <span class='ocr_line' id='line_1_26' title="bbox 67 2330 1098 2411; baseline -0.007 -17"><span class='ocrx_word' id='word_1_213' title='bbox 67 2335 225 2411; x_wconf 81' lang='lat' dir='ltr'><strong>negligere</strong></span> <span class='ocrx_word' id='word_1_214' title='bbox 251 2332 372 2408; x_wconf 69' lang='lat' dir='ltr'><strong>possit?</strong></span> <span class='ocrx_word' id='word_1_215' title='bbox 413 2333 530 2394; x_wconf 87' lang='lat' dir='ltr'><strong>Patrem</strong></span> <span class='ocrx_word' id='word_1_216' title='bbox 555 2348 669 2405; x_wconf 92' lang='lat' dir='ltr'><strong>meum,</strong></span> <span class='ocrx_word' id='word_1_217' title='bbox 699 2349 806 2406; x_wconf 91' lang='lat' dir='ltr'><strong>quum·</strong></span> <span class='ocrx_word' id='word_1_218' title='bbox 818 2330 1009 2407; x_wconf 89' lang='lat' dir='ltr'><strong>proscriptus</strong></span> <span class='ocrx_word' id='word_1_219' title='bbox 1036 2345 1098 2388; x_wconf 89' lang='lat' dir='ltr'><strong>non</strong></span> 
     </span>
     <span class='ocr_line' id='line_1_27' title="bbox 68 2414 1098 2491; baseline -0.007 -13"><span class='ocrx_word' id='word_1_220' title='bbox 68 2424 170 2491; x_wconf 88' lang='lat' dir='ltr'><strong>esset,</strong></span> <span class='ocrx_word' id='word_1_221' title='bbox 189 2414 363 2490; x_wconf 83' lang='lat' dir='ltr'><strong>iugulastis=</strong></span> <span class='ocrx_word' id='word_1_222' title='bbox 385 2415 520 2475; x_wconf 89' lang='lat' dir='ltr'><strong>occisum</strong></span> <span class='ocrx_word' id='word_1_223' title='bbox 534 2414 564 2473; x_wconf 93' lang='lat' dir='ltr'><strong>in</strong></span> <span class='ocrx_word' id='word_1_224' title='bbox 580 2415 820 2490; x_wconf 89' lang='lat' dir='ltr'><strong>proscriptorum</strong></span> <span class='ocrx_word' id='word_1_225' title='bbox 835 2424 990 2473; x_wconf 88' lang='lat' dir='ltr'><strong>numerum</strong></span> <span class='ocrx_word' id='word_1_226' title='bbox 1005 2419 1098 2472; x_wconf 88' lang='lat' dir='ltr'><strong>rettu-</strong></span> 
     </span>
     <span class='ocr_line' id='line_1_28' title="bbox 67 2496 1097 2573; baseline -0.008 -12"><span class='ocrx_word' id='word_1_227' title='bbox 67 2500 163 2561; x_wconf 90' lang='lat' dir='ltr'><strong>lislis=</strong></span> <span class='ocrx_word' id='word_1_228' title='bbox 178 2516 227 2559; x_wconf 89' lang='lat' dir='ltr'><strong>me</strong></span> <span class='ocrx_word' id='word_1_229' title='bbox 239 2499 330 2559; x_wconf 91' lang='lat' dir='ltr'><strong>domo</strong></span> <span class='ocrx_word' id='word_1_230' title='bbox 345 2514 412 2556; x_wconf 88' lang='lat' dir='ltr'><strong>mea</strong></span> <span class='ocrx_word' id='word_1_231' title='bbox 429 2497 558 2573; x_wconf 89' lang='lat' dir='ltr'><strong>pervim</strong></span> <span class='ocrx_word' id='word_1_232' title='bbox 573 2497 749 2573; x_wconf 77' lang='lat' dir='ltr'><strong>expulistis:</strong></span> <span class='ocrx_word' id='word_1_233' title='bbox 768 2496 982 2572; x_wconf 87' lang='lat' dir='ltr'><strong>patrimonium</strong></span> <span class='ocrx_word' id='word_1_234' title='bbox 996 2511 1097 2554; x_wconf 90' lang='lat' dir='ltr'><strong>meum</strong></span> 
     </span>
     <span class='ocr_line' id='line_1_29' title="bbox 66 2578 1097 2660; baseline -0.007 -17"><span class='ocrx_word' id='word_1_235' title='bbox 66 2581 249 2659; x_wconf 85' lang='lat' dir='ltr'><strong>possidetis.</strong></span> <span class='ocrx_word' id='word_1_236' title='bbox 288 2580 367 2660; x_wconf 83' lang='lat' dir='ltr'><strong>Quid</strong></span> <span class='ocrx_word' id='word_1_237' title='bbox 381 2583 470 2641; x_wconf 89' lang='lat' dir='ltr'><strong>vultis</strong></span> <span class='ocrx_word' id='word_1_238' title='bbox 485 2581 637 2657; x_wconf 69' lang='lat' dir='ltr'><strong>amplius?</strong></span> <span class='ocrx_word' id='word_1_239' title='bbox 663 2581 792 2640; x_wconf 86' lang='lat' dir='ltr'><strong>etiamne</strong></span> <span class='ocrx_word' id='word_1_240' title='bbox 813 2582 852 2640; x_wconf 90' lang='lat' dir='ltr'><strong>ad</strong></span> <span class='ocrx_word' id='word_1_241' title='bbox 869 2578 1015 2640; x_wconf 88' lang='lat' dir='ltr'><strong>subsellia</strong></span> <span class='ocrx_word' id='word_1_242' title='bbox 1029 2593 1097 2637; x_wconf 92' lang='lat' dir='ltr'><strong>cum</strong></span> 
     </span>
     <span class='ocr_line' id='line_1_30' title="bbox 68 2662 1096 2740; baseline -0.012 -9"><span class='ocrx_word' id='word_1_243' title='bbox 68 2668 154 2731; x_wconf 73' lang='lat' dir='ltr'><strong>ferro</strong></span> <span class='ocrx_word' id='word_1_244' title='bbox 167 2673 260 2740; x_wconf 88' lang='lat' dir='ltr'><strong>alque</strong></span> <span class='ocrx_word' id='word_1_245' title='bbox 277 2664 344 2724; x_wconf 89' lang='lat' dir='ltr'><strong>telis</strong></span> <span class='ocrx_word' id='word_1_246' title='bbox 362 2664 503 2738; x_wconf 86' lang='lat' dir='ltr'><strong>venistis,</strong></span> <span class='ocrx_word' id='word_1_247' title='bbox 518 2671 551 2723; x_wconf 85' lang='grc' dir='ltr'><strong>ιιι</strong></span> <span class='ocrx_word' id='word_1_248' title='bbox 565 2663 613 2723; x_wconf 89' lang='lat' dir='ltr'><strong>hic</strong></span> <span class='ocrx_word' id='word_1_249' title='bbox 629 2663 679 2724; x_wconf 83' lang='lat' dir='ltr'><strong>abt</strong></span> <span class='ocrx_word' id='word_1_250' title='bbox 693 2663 833 2737; x_wconf 84' lang='lat' dir='ltr'><strong>iuguletis</strong></span> <span class='ocrx_word' id='word_1_251' title='bbox 848 2672 900 2723; x_wconf 90' lang='lat' dir='ltr'><strong>aut</strong></span> <span class='ocrx_word' id='word_1_252' title='bbox 914 2662 1096 2722; x_wconf 90' lang='lat' dir='ltr'><strong>condemne-</strong></span> 
     </span>
     <span class='ocr_line' id='line_1_31' title="bbox 68 2743 1096 2821; baseline -0.011 -11"><span class='ocrx_word' id='word_1_253' title='bbox 68 2748 110 2810; x_wconf 83' lang='lat' dir='ltr'><strong>tis</strong></span> <span class='ocrx_word' id='word_1_254' title='bbox 125 2746 199 2809; x_wconf 86' lang='lat' dir='ltr'><strong>Sex</strong></span> <span class='ocrx_word' id='word_1_255' title='bbox 216 2746 383 2808; x_wconf 68' lang='lat' dir='ltr'><strong>Roscium?</strong></span> <span class='ocrx_word' id='word_1_256' title='bbox 424 2747 487 2806; x_wconf 83' lang='lat' dir='ltr'><strong>llll.</strong></span> <span class='ocrx_word' id='word_1_257' title='bbox 503 2744 559 2809; x_wconf 95' lang='grc'><strong>33.</strong></span> <span class='ocrx_word' id='word_1_258' title='bbox 581 2746 740 2806; x_wconf 91' lang='lat' dir='ltr'><strong>Hominem</strong></span> <span class='ocrx_word' id='word_1_259' title='bbox 754 2748 845 2821; x_wconf 90' lang='lat' dir='ltr'><strong>longe</strong></span> <span class='ocrx_word' id='word_1_260' title='bbox 859 2743 1096 2806; x_wconf 88' lang='lat' dir='ltr'><strong>audacissimam</strong></span> 
     </span>
     <span class='ocr_line' id='line_1_32' title="bbox 66 2828 1096 2927; baseline -0.012 -34"><span class='ocrx_word' id='word_1_261' title='bbox 66 2829 358 2927; x_wconf 77' lang='lat' dir='ltr'><strong>nuperbabulmus</strong></span> <span class='ocrx_word' id='word_1_262' title='bbox 351 2846 381 2889; x_wconf 91' lang='lat' dir='ltr'><strong>m</strong></span> <span class='ocrx_word' id='word_1_263' title='bbox 393 2829 556 2891; x_wconf 70' lang='lat' dir='ltr'><strong>civitatee.</strong></span> <span class='ocrx_word' id='word_1_264' title='bbox 567 2828 728 2889; x_wconf 89' lang='lat' dir='ltr'><strong>Fimbriam</strong></span> <span class='ocrx_word' id='word_1_265' title='bbox 743 2837 773 2890; x_wconf 88' lang='lat' dir='ltr'><strong>et</strong></span> <span class='ocrx_word' id='word_1_266' title='bbox 779 2831 885 2905; x_wconf 88' lang='lat' dir='ltr'><strong>,quod</strong></span> <span class='ocrx_word' id='word_1_267' title='bbox 897 2829 975 2889; x_wconf 92' lang='lat' dir='ltr'><strong>inter</strong></span> <span class='ocrx_word' id='word_1_268' title='bbox 990 2840 1096 2885; x_wconf 87' lang='lat' dir='ltr'><strong>omnes</strong></span> 
     </span>
     <span class='ocr_line' id='line_1_33' title="bbox 54 2905 1096 2989; baseline -0.015 -12"><span class='ocrx_word' id='word_1_269' title='bbox 54 2914 206 2986; x_wconf 84' lang='lat' dir='ltr'><strong>-constat,</strong></span> <span class='ocrx_word' id='word_1_270' title='bbox 222 2913 282 2975; x_wconf 89' lang='lat' dir='ltr'><strong>nisi</strong></span> <span class='ocrx_word' id='word_1_271' title='bbox 296 2913 373 2972; x_wconf 90' lang='lat' dir='ltr'><strong>inter</strong></span> <span class='ocrx_word' id='word_1_272' title='bbox 387 2929 458 2987; x_wconf 77' lang='lat' dir='ltr'><strong>eOS,</strong></span> <span class='ocrx_word' id='word_1_273' title='bbox 473 2914 524 2989; x_wconf 89' lang='lat' dir='ltr'><strong>qai</strong></span> <span class='ocrx_word' id='word_1_274' title='bbox 538 2911 599 2989; x_wconf 91' lang='lat' dir='ltr'><strong>ipsi</strong></span> <span class='ocrx_word' id='word_1_275' title='bbox 614 2929 738 2987; x_wconf 86' lang='lat' dir='ltr'><strong>quoque</strong></span> <span class='ocrx_word' id='word_1_276' title='bbox 752 2912 920 2980; x_wconf 90' lang='lat' dir='ltr'><strong>insaniunt,</strong></span> <span class='ocrx_word' id='word_1_277' title='bbox 937 2905 1096 2968; x_wconf 88' lang='lat' dir='ltr'><strong>insanissi-</strong></span> 
     </span>
     <span class='ocr_line' id='line_1_34' title="bbox 67 2989 1098 3072; baseline -0.013 -13"><span class='ocrx_word' id='word_1_278' title='bbox 67 3015 161 3060; x_wconf 88' lang='lat' dir='ltr'><strong>mum</strong></span> <span class='ocrx_word' id='word_1_279' title='bbox 197 2998 228 3058; x_wconf 90' lang='lat' dir='ltr'><strong>ls</strong></span> <span class='ocrx_word' id='word_1_280' title='bbox 245 3015 337 3072; x_wconf 93' lang='lat' dir='ltr'><strong>quum</strong></span> <span class='ocrx_word' id='word_1_281' title='bbox 355 2995 536 3057; x_wconf 86' lang='lat' dir='ltr'><strong>curasselin</strong></span> <span class='ocrx_word' id='word_1_282' title='bbox 558 2996 709 3055; x_wconf 81' lang='lat' dir='ltr'><strong>lanerec.</strong></span> <span class='ocrx_word' id='word_1_283' title='bbox 726 2996 828 3067; x_wconf 89' lang='lat' dir='ltr'><strong>llllarii,</strong></span> <span class='ocrx_word' id='word_1_284' title='bbox 848 2991 931 3064; x_wconf 81' lang='lat' dir='ltr'><strong>th.</strong></span> <span class='ocrx_word' id='word_1_285' title='bbox 948 2989 1098 3048; x_wconf 88' lang='lat' dir='ltr'><strong>Scaevola</strong></span> 
     </span>
     <span class='ocr_line' id='line_1_35' title="bbox 69 3074 1097 3153; baseline -0.013 -12"><span class='ocrx_word' id='word_1_286' title='bbox 69 3083 296 3152; x_wconf 89' lang='lat' dir='ltr'><strong>vulneraretur,</strong></span> <span class='ocrx_word' id='word_1_287' title='bbox 323 3078 370 3139; x_wconf 91' lang='lat' dir='ltr'><strong>vir</strong></span> <span class='ocrx_word' id='word_1_288' title='bbox 391 3078 601 3139; x_wconf 90' lang='lat' dir='ltr'><strong>sanctissimus</strong></span> <span class='ocrx_word' id='word_1_289' title='bbox 622 3086 715 3153; x_wconf 89' lang='lat' dir='ltr'><strong>alque</strong></span> <span class='ocrx_word' id='word_1_290' title='bbox 738 3074 949 3140; x_wconf 87' lang='lat' dir='ltr'><strong>ornatissimus</strong></span> <span class='ocrx_word' id='word_1_291' title='bbox 973 3080 1097 3131; x_wconf 87' lang='lat' dir='ltr'><strong>nostrae</strong></span> 
     </span>
     <span class='ocr_line' id='line_1_36' title="bbox 69 3155 1096 3238; baseline -0.015 -12"><span class='ocrx_word' id='word_1_292' title='bbox 69 3164 219 3238; x_wconf 77' lang='lat' dir='ltr'><strong>civitatis,</strong></span> <span class='ocrx_word' id='word_1_293' title='bbox 234 3165 281 3231; x_wconf 91' lang='lat' dir='ltr'><strong>de</strong></span> <span class='ocrx_word' id='word_1_294' title='bbox 289 3162 376 3224; x_wconf 88' lang='lat' dir='ltr'><strong>cuius</strong></span> <span class='ocrx_word' id='word_1_295' title='bbox 390 3162 480 3221; x_wconf 85' lang='lat' dir='ltr'><strong>laude</strong></span> <span class='ocrx_word' id='word_1_296' title='bbox 495 3170 594 3235; x_wconf 85' lang='lat' dir='ltr'><strong>neque</strong></span> <span class='ocrx_word' id='word_1_297' title='bbox 609 3161 658 3219; x_wconf 89' lang='lat' dir='ltr'><strong>hic</strong></span> <span class='ocrx_word' id='word_1_298' title='bbox 672 3163 759 3220; x_wconf 92' lang='lat' dir='ltr'><strong>locus</strong></span> <span class='ocrx_word' id='word_1_299' title='bbox 778 3166 825 3218; x_wconf 87' lang='lat' dir='ltr'><strong>est</strong></span> <span class='ocrx_word' id='word_1_300' title='bbox 840 3167 871 3216; x_wconf 90' lang='lat' dir='ltr'><strong>ut</strong></span> <span class='ocrx_word' id='word_1_301' title='bbox 885 3155 978 3214; x_wconf 83' lang='lat' dir='ltr'><strong>mulla</strong></span> <span class='ocrx_word' id='word_1_302' title='bbox 994 3155 1096 3215; x_wconf 86' lang='lat' dir='ltr'><strong>dicun-</strong></span> 
     </span>
     <span class='ocr_line' id='line_1_37' title="bbox 68 3239 1095 3323; baseline -0.017 -12"><span class='ocrx_word' id='word_1_303' title='bbox 68 3255 119 3310; x_wconf 85' lang='lat' dir='ltr'><strong>tur</strong></span> <span class='ocrx_word' id='word_1_304' title='bbox 140 3264 242 3323; x_wconf 87' lang='lat' dir='ltr'><strong>neque</strong></span> <span class='ocrx_word' id='word_1_305' title='bbox 262 3249 351 3323; x_wconf 88' lang='lat' dir='ltr'><strong>plura</strong></span> <span class='ocrx_word' id='word_1_306' title='bbox 365 3253 464 3305; x_wconf 90' lang='lat' dir='ltr'><strong>tamen</strong></span> <span class='ocrx_word' id='word_1_307' title='bbox 481 3241 541 3302; x_wconf 89' lang='lat' dir='ltr'><strong>dici</strong></span> <span class='ocrx_word' id='word_1_308' title='bbox 557 3250 703 3316; x_wconf 90' lang='lat' dir='ltr'><strong>possunt,</strong></span> <span class='ocrx_word' id='word_1_309' title='bbox 726 3257 817 3315; x_wconf 89' lang='lat' dir='ltr'><strong>quarn</strong></span> <span class='ocrx_word' id='word_1_310' title='bbox 839 3239 972 3314; x_wconf 92' lang='lat' dir='ltr'><strong>popalus</strong></span> <span class='ocrx_word' id='word_1_311' title='bbox 987 3239 1095 3296; x_wconf 86' lang='lat' dir='ltr'><strong>Roma-</strong></span> 
     </span>
     <span class='ocr_line' id='line_1_38' title="bbox 67 3321 1096 3400; baseline -0.016 -7"><span class='ocrx_word' id='word_1_312' title='bbox 67 3349 129 3393; x_wconf 90' lang='lat' dir='ltr'><strong>nus</strong></span> <span class='ocrx_word' id='word_1_313' title='bbox 140 3346 289 3393; x_wconf 82' lang='lat' dir='ltr'><strong>memoria</strong></span> <span class='ocrx_word' id='word_1_314' title='bbox 298 3327 422 3400; x_wconf 73' lang='lat' dir='ltr'><strong>retinet</strong></span> <span class='ocrx_word' id='word_1_315' title='bbox 435 3324 690 3385; x_wconf 87' lang='lat' dir='ltr'><strong>dremScaevolae</strong></span> <span class='ocrx_word' id='word_1_316' title='bbox 701 3321 776 3383; x_wconf 88' lang='grc' dir='ltr'>ιιιιιιι</span> <span class='ocrx_word' id='word_1_317' title='bbox 783 3330 1003 3398; x_wconf 87' lang='lat' dir='ltr'><strong>posteaquam</strong></span> <span class='ocrx_word' id='word_1_318' title='bbox 1015 3335 1096 3379; x_wconf 91' lang='lat' dir='ltr'><strong>com</strong></span> 
     </span>
     <span class='ocr_line' id='line_1_39' title="bbox 68 3403 1101 3509; baseline -0.02 -31"><span class='ocrx_word' id='word_1_319' title='bbox 68 3413 150 3493; x_wconf 86' lang='lat' dir='ltr'><strong>perit</strong></span> <span class='ocrx_word' id='word_1_320' title='bbox 162 3431 234 3477; x_wconf 89' lang='lat' dir='ltr'><strong>eum</strong></span> <span class='ocrx_word' id='word_1_321' title='bbox 252 3427 347 3489; x_wconf 80' lang='lat' dir='ltr'><strong>posse</strong></span> <span class='ocrx_word' id='word_1_322' title='bbox 363 3410 474 3471; x_wconf 89' lang='lat' dir='ltr'><strong>vivere.</strong></span> <span class='ocrx_word' id='word_1_323' title='bbox 503 3407 601 3483; x_wconf 82' lang='lat' dir='ltr'><strong>Quum</strong></span> <span class='ocrx_word' id='word_1_324' title='bbox 616 3407 654 3467; x_wconf 91' lang='lat' dir='ltr'><strong>ab</strong></span> <span class='ocrx_word' id='word_1_325' title='bbox 669 3422 705 3467; x_wconf 92' lang='lat' dir='ltr'><strong>eo</strong></span> <span class='ocrx_word' id='word_1_326' title='bbox 723 3414 932 3482; x_wconf 88' lang='lat' dir='ltr'><strong>quaereretur,</strong></span> <span class='ocrx_word' id='word_1_327' title='bbox 947 3403 1019 3479; x_wconf 89' lang='lat' dir='ltr'><strong>quid</strong></span> <span class='ocrx_word' id='word_1_328' title='bbox 1032 3410 1101 3509; x_wconf 79' lang='lat' dir='ltr'><strong>tan·-</strong></span> 
     </span>
    </p>
   </div>
   <div class='ocr_carea' id='block_1_3' title="bbox 0 0 1182 3854">
    <p class='ocr_par' dir='ltr' id='par_1_3' title="bbox 0 0 1182 3854">
     <span class='ocr_line' id='line_1_40' title="bbox 0 0 1182 3854; baseline 0 0"><span class='ocrx_word' id='word_1_329' title='bbox 0 0 1182 3854; x_wconf 95' lang='lat' dir='ltr'><strong> </strong></span> 
     </span>
    </p>
   </div>
  </div>
 </body>
</html>
