2356 3854
1 127 4 146 '
81 156 144 235 mo
339 158 378 219 nt
392 157 425 217 n.
442 155 653 219 cnnnrnan
668 149 858 233 onumen.
920 186 924 191 -
974 190 978 201 .

82 308 219 387 periculo
237 306 441 373 sustulissem.
485 305 515 368 4.
539 307 602 368 Sed
622 324 715 383 quum
735 298 871 367 vider'em
888 324 928 369 ne
944 307 1091 386 vobisqui·
1134 373 1136 379 ,

83 394 153 453 dem
164 390 305 453 omnibus
319 406 353 449 re
366 389 528 461 etiamtum
543 391 680 466 probata,
699 389 726 450 si
739 388 833 462 illum,
852 397 884 449 ut
898 399 966 453 erat
979 393 1093 469 meritus,
1130 384 1137 479 ᾖ

81 483 177 547 morte
195 475 407 546 mulctassem,
433 474 499 533 iore
523 483 557 535 ut
579 473 645 534 eius
671 471 775 534 socios
800 472 916 543 invidia
942 491 1093 552 oppressus

81 557 228 635 persequi
245 574 306 618 non
325 573 465 635 possem,
486 574 551 618 rem
571 558 630 618 huc
652 554 783 630 deduxi,
803 564 836 618 ut
853 566 917 633 tum
933 561 1034 635 palam
1052 578 1095 637 pu
1119 594 1122 599 ·

81 658 175 721 gnare
189 641 339 718 possetis,
362 658 455 717 quum
476 642 596 703 hostem
611 650 717 717 aperte
735 639 889 720 viderelis.
935 641 1031 717 Quem
1044 643 1096 721 qul·
1119 656 1133 715 “,

82 728 152 791 dem
165 718 229 805 'ego
244 725 363 790 bostem
381 743 472 802 quam
487 727 681 788 vehementer
699 722 773 784 ioris
789 740 860 784 esse
875 723 1042 787 timendum
1051 746 1097 803 pu
1135 729 1136 733 ’

82 821 157 892 tem,
181 806 252 881 licet
271 813 342 877 hino
362 811 552 889 intelligatis,
580 809 664 887 qnod
685 806 775 868 etiem
795 806 869 867 illud
889 811 1020 871 moleste
1036 811 1097 885 iero,

83 903 167 983 quod
187 920 227 963 ex
245 902 321 967 urbe
342 916 449 975 parum
471 894 630 957 comitatus
652 888 768 952 exierit.
805 889 927 951 Utinam
941 892 994 953 ille
1007 910 1097 956 omues
1132 960 1137 982 ἶ

83 1005 188 1051 secum
202 1004 275 1048 suas
291 983 397 1061 copias
412 978 588 1043 eduxisset!
616 974 786 1054 Tongilium
800 972 871 1035 mihi
888 976 1005 1053 eduxit,
1023 994 1096 1054 quen
1133 1028 1137 1049 „

83 1089 184 1133 amare
201 1070 232 1130 in
246 1076 404 1146 praetexta
421 1073 581 1145 coeperat,
601 1059 765 1125 Publicium
788 1069 818 1124 et
832 1056 1016 1141 Minucium,
1037 1068 1096 1139 qno
1135 1054 1137 1071 '

82 1173 149 1219 rum
164 1170 219 1214 aes
239 1153 371 1213 alienum
392 1159 579 1213 contractum
597 1150 627 1210 iu
648 1148 763 1227 popina
782 1147 897 1209 nullum
911 1145 958 1209 rei
974 1145 1097 1223 publicet

83 1245 197 1298 motum
220 1236 341 1297 adferre
365 1242 498 1310 poterat:
526 1234 647 1310 reliquit
671 1248 749 1308 quos
775 1229 874 1292 viros!
902 1238 1018 1306 quanto
1041 1242 1096 1291 tert
1131 1302 1136 1313 ὗ

83 1320 199 1380 alieno!
226 1335 318 1394 quam
340 1320 492 1379 valentes!
516 1335 607 1393 quem
628 1315 761 1377 nobiles!
804 1315 856 1375 lll.
871 1313 902 1374 5.
927 1314 1035 1393 Itaque
1052 1326 1094 1387 egt
1132 1322 1137 1401 ’1

83 1403 168 1464 illum
182 1400 348 1462 exercitum
362 1410 396 1463 et
406 1400 568 1463 Gallicanis
582 1399 754 1476 legionibus
769 1405 798 1459 et
811 1398 871 1459 hoc
886 1397 1010 1472 dilectu,
1024 1412 1095 1477 queu
1131 1412 1137 1483 ζ

84 1486 115 1547 in
135 1501 209 1560 agro
229 1483 341 1545 Piceno
362 1494 393 1545 et
408 1483 522 1545 Gallico
539 1485 572 1558 Q.
588 1484 728 1545 Metellus
745 1482 864 1556 habuit,
889 1481 987 1543 ethis
1007 1480 1095 1559 cupiit,
1134 1552 1137 1557 ,

86 1585 165 1647 quae
182 1585 201 1629 a
219 1567 309 1628 nobis
324 1567 435 1627 cotidie
451 1576 681 1644 comparantur,
704 1582 815 1640 magno
833 1582 927 1643 opere
943 1573 1094 1636 coutemm,
1135 1568 1137 1573 '

85 1653 245 1714 collectum
259 1667 299 1711 ex
312 1650 437 1712 senibus
453 1651 642 1730 desperatis,
666 1667 705 1710 ex
726 1649 839 1724 agresti
854 1649 991 1725 luxuria,
1010 1666 1048 1711 ex
1059 1664 1094 1709 ru·
1131 1664 1137 1672 ·

86 1732 170 1796 slicis
185 1733 416 1806 decoctoribus,
431 1752 469 1795 ex
484 1734 537 1807 iis,
557 1735 609 1811 qui
625 1733 798 1794 vadimonia
812 1733 958 1794 deserere
973 1742 1058 1810 qnam
1071 1728 1094 1793 il·

85 1821 146 1879 lum
166 1816 334 1880 exercitum
355 1819 539 1879 meluerunt:
563 1818 673 1894 quibus
696 1833 753 1891 ego
773 1832 836 1877 non
856 1817 950 1877 modo
973 1817 1000 1879 si
1019 1814 1096 1879 aden
1135 1881 1137 1887 ,

85 1901 237 1964 exercitus
251 1902 356 1973 nostri,
373 1918 478 1963 verum
493 1901 582 1962 etiam
594 1900 620 1962 si
635 1898 766 1961 edictum
778 1900 926 1976 praetoris
940 1902 1095 1971 ostendero,

85 1984 255 2045 concident.
283 1984 466 2060 Hos,.quos
481 1984 572 2044 video
587 1984 715 2045 volitare
736 1984 767 2049 iu
782 1984 864 2056 loro,
885 2000 966 2059 quos
982 1982 1096 2047 staretl

85 2065 216 2145 curium,
231 2082 311 2142 quos
326 2067 418 2127 etiam
431 2066 462 2128 in
477 2077 614 2128 senatum
630 2065 747 2136 venire,
766 2066 818 2142 qui
833 2066 929 2129 nitent
942 2066 1096 2146 unguentis,

86 2149 138 2226 qui
152 2150 268 2225 fulgent
280 2166 426 2225 purpura,
443 2150 563 2211 mallem
577 2168 682 2213 secum
699 2149 809 2210 milites
827 2151 1003 2214 eduxisset:
1022 2147 1098 2229 quini

83 2233 134 2294 hic
148 2240 335 2308 permanent,
351 2241 533 2294 mementote
548 2251 609 2294 non
625 2244 685 2295 tarn
699 2232 865 2295 exercitum
879 2233 964 2295 illum
978 2252 1049 2297 esse
1058 2250 1098 2295 uu

82 2316 132 2377 bis
148 2333 239 2392 quam
256 2317 328 2389 hos,
351 2315 404 2391 qui
419 2316 583 2378 exercitum
604 2319 818 2388 deseruerunt,
841 2317 1098 2393 pertimescendos.

84 2403 188 2474 Atque
202 2400 262 2460 hoc
277 2400 367 2460 etiam
378 2408 449 2461 sunt
460 2398 589 2472 timendi,
598 2399 704 2476 magis,
722 2400 806 2474 quod
819 2399 971 2476 quidquid
982 2400 1100 2477 cogitant

84 2496 134 2541 me
148 2480 227 2541 scire
245 2483 387 2555 sentiunt,
402 2499 504 2558 neque
522 2493 620 2545 tamen
636 2491 860 2558 permoventur.
899 2485 930 2546 6.
952 2485 1051 2545 Video
1064 2479 1100 2544 cui

70 2562 125 2631 ¹sit
137 2562 249 2639 Apulia
263 2566 419 2639 attribute,
437 2566 506 2642 quis
520 2568 632 2628 habeat
644 2566 809 2640 Etmriam,
827 2567 896 2641 quis
911 2584 1020 2642 agrum
1032 2568 1100 2627 Pice

84 2662 169 2717 uum,
192 2646 262 2722 quis
277 2648 438 2721 Gallicum,
461 2649 531 2724 quis
553 2649 611 2711 sibi
631 2650 687 2709 has
707 2651 840 2710 urbanas
860 2649 991 2712 iusidias
1012 2647 1101 2712 caedis
1134 2688 1137 2723 ς

84 2738 176 2805 atque
200 2729 410 2793 incendiorum
437 2731 671 2809 depoposcerit:
697 2732 799 2793 omnia
823 2734 993 2808 superioris
1018 2733 1101 2794 nocie

84 2813 213 2874 consiliu
230 2815 270 2874 ad
289 2830 337 2875 me
353 2817 468 2890 perlata
489 2833 560 2877 esse
577 2815 725 2877 sentiunm
748 2816 879 2891 patefeci
893 2816 924 2876 in
941 2827 1050 2879 senatu
1061 2816 1101 2875 le

83 2906 186 2959 sterno
202 2897 268 2959 die:
290 2898 416 2960 catilina
430 2899 500 2974 ipse
514 2899 681 2975 pertimuit,
697 2899 846 2975 profugio
868 2898 899 2959 hi
914 2900 991 2973 quid
1005 2912 1101 2974 exspe

84 2986 186 3041 omme
219 2982 265 3049 Ne
284 2981 326 3042 illi
345 2983 540 3044 vehementer
555 2991 671 3054 errant,
694 2982 721 3043 si
741 2982 823 3043 illam
843 2999 942 3045 meam
957 2983 1103 3059 pristinam

82 3060 235 3126 lenitatem
251 3074 429 3142 perpetuam
444 3074 570 3141 sperant
579 3060 726 3126 'futuram

159 3148 216 3206 lv.
239 3149 327 3220 Quod
341 3148 531 3225 exspectavi,
546 3149 606 3210 iarn
618 3166 686 3211 sum
696 3150 873 3222 adsecutus,
889 3156 925 3210 ut
936 3166 997 3210 vos
1009 3159 1102 3208 omnen

83 3223 193 3286 iactam
214 3245 285 3291 esse
304 3238 411 3307 aperte
435 3231 675 3294 coniurationem
696 3241 801 3293 contra
816 3248 880 3292 rem
901 3231 1055 3307 publicam
1067 3227 1102 3287 vi

83 3305 209 3400 decedes
231 3311 291 3373 nisi
309 3331 383 3376 vero
399 3315 427 3375 si
446 3316 516 3390 quis
532 3324 579 3377 est
596 3314 649 3391 qui
663 3314 809 3376 Catilinae
824 3315 939 3376 similes
955 3331 1024 3376 cum
1039 3308 1102 3374 cati

82 3388 337 3457 lmesentirenou
348 3405 444 3472 putet
466 3398 535 3459 Non
546 3405 596 3460 est
606 3399 666 3459 iam
676 3397 791 3458 lenitati
802 3399 905 3460 locus:
921 3396 1102 3460 severitatem
