2356 3854
90 130 134 197 44
305 126 343 184 ΙΝ
360 124 391 183 C.
406 121 569 182 VERREM
583 114 667 179 hcl.
684 121 719 178 ll.
737 120 808 179 LlB.
823 120 876 179 lv.
947 137 962 153 ·

93 278 141 339 bln
158 289 340 352 proponom=
358 287 413 332 vos
425 286 492 331 eam
504 256 570 342 sno,
585 285 646 330 non
661 258 793 331 nominis
805 270 942 344 pondere
954 267 1104 344 penditote.

93 362 195 420 Genus
211 357 311 431 ipsum
326 355 413 430 prins
426 353 618 427 cognoscite,
636 353 770 413 iudices·
786 353 899 413 deinde
913 353 1043 413 fortasse
1056 368 1103 411 noo
1162 412 1172 425 Α

92 456 200 514 magno
219 454 311 512 opere
330 437 481 512 quaeretis
498 452 557 510 quo
579 436 610 494 id
626 435 746 496 nomine
762 434 981 510 appellandum
996 434 1103 528 putetis
1162 468 1172 506 2:

91 522 199 596 Nego'
192 539 222 580 m
241 520 404 580 Siciliat
360 528 437 590 tot,a
454 527 513 578 tem
529 519 681 613 locupleti,
697 528 757 578 tam
772 527 875 577 vetere
891 516 1056 591 provincio,
1070 522 1107 576 tot
1163 535 1172 589 ι

92 601 224 680 oppidis,
235 612 279 662 tot
267 601 411 662 tlamiliis
424 609 483 661 tarn
496 590 641 675 copiosis
654 604 747 662 ullum
758 609 932 675 argenteum
945 601 1106 670 vesullum
1162 634 1172 672 3

92 685 276 746 Corinthium
291 693 342 745 aut
330 684 510 745 tDeliacum
528 683 639 756 luisse,
660 686 751 743 ullam
767 700 915 779 gemmam
930 691 981 742 ant
1003 697 1104 756 morga-
1170 716 1172 721 -

90 769 191 840 ritem,
219 768 385 843 quidquam
406 782 444 826 ex
466 783 539 826 auro
555 775 606 826 aut
594 766 742 826 tehorel
729 769 789 826 itae
791 784 855 839 um,
882 767 1002 840 signnm
1026 766 1105 824 ullum
1165 797 1172 835 ς

90 855 227 925 a'e'neum,
245 866 455 921 marmoreum,
471 851 636 910 eburneum
639 865 738 922 nego
750 851 841 909 ullam
857 850 1006 924 picturam
1017 861 1105 922 neque

90 935 120 992 in
138 932 237 993 tabula
259 949 358 1028 neque
375 932 433 991 int
422 932 517 991 textili
530 932 602 1006 quin
611 931 823 1015 conquisierit,
842 930 1019 1006 inspexerit,
1036 926 1103 1003 quod
1142 963 1171 1011 .'·

90 1017 269 1090 placitum
246 1025 284 1075 si
273 1017 368 1074 labst
370 1014 465 1074 ulerit.
499 1013 528 1072 ⁸2.
559 1002 702 1088 Magnum
717 1015 825 1074 videor
840 1015 956 1074 dicere·
974 1011 1108 1073 attendite
1164 1046 1168 1082 ·.

91 1099 180 1158 etiam
196 1114 286 1172 quem
307 1099 347 1155 ad
368 1097 492 1156 modum
515 1096 622 1156 dicam
665 1097 731 1158 Non
749 1097 828 1157 enim
844 1096 930 1156 verhi
946 1092 1048 1170 neque
1062 1093 1106 1154 eri-
1166 1109 1172 1163 ι

90 1178 180 1239 minis
205 1180 336 1254 augendi
363 1196 458 1240 causa
481 1183 668 1254 complector
690 1181 805 1240 omnia:
833 1197 926 1254 quum
952 1178 1021 1238 dico
1046 1175 1105 1236 nihil
1171 1190 1172 1195 ¹

89 1262 181 1323 istum
203 1263 268 1329 eius
290 1261 373 1321 modi
394 1279 494 1321 rerum
515 1265 544 1322 in
560 1271 622 1323 tota
639 1262 798 1337 provincia
812 1264 991 1337 reliquisse,
1014 1259 1107 1320 Latine

90 1362 138 1404 me
154 1344 277 1417 scitote,
300 1362 361 1405 non
383 1347 572 1405 accusatorie
592 1346 686 1421 loqui.
716 1345 814 1406 Etiam
838 1345 973 1420 planius:
995 1342 1069 1404 nihil
1084 1340 1108 1403 it
1170 1378 1172 1411 ι

90 1427 217 1488 aedibus
230 1426 419 1503 cuiusquam,
433 1445 472 1488 ne
486 1428 516 1487 in
529 1428 653 1503 oppidis
667 1429 804 1504 quidem:
821 1429 892 1487 nihil
905 1428 936 1486 in
947 1425 1026 1487 locis
1037 1440 1109 1485 eom-

90 1511 242 1582 munibus,
258 1527 297 1570 ne
307 1512 337 1575 in
353 1511 432 1570 lanis
452 1511 589 1584 quidem=
607 1511 680 1570 nihil
695 1513 776 1586 opud
791 1511 935 1583 Siculum,
949 1507 1024 1568 nihil
1036 1507 1110 1582 apud

90 1593 189 1653 civem
201 1595 386 1667 Romanum,
408 1594 540 1668 denique
557 1595 630 1653 nihil
648 1594 739 1655 istum
761 1596 844 1669 quod
866 1595 904 1652 ad
925 1595 1033 1652 oculos
1055 1589 1107 1649 ani

89 1693 232 1751 mumque
251 1676 396 1737 acciderit
410 1693 510 1752 neque
527 1676 637 1752 privati
654 1694 755 1753 neque
771 1677 900 1752 publici,
922 1690 1025 1749 neque
1047 1689 1111 1748 pro·

90 1758 152 1819 lani
167 1776 267 1835 neque
285 1762 364 1822 sacri
380 1769 442 1821 tota
457 1762 487 1821 in
506 1760 609 1820 Sicilia
629 1760 802 1836 reliquisse.
1169 1804 1172 1831 ,

173 1841 203 1902 3.
231 1844 319 1903 Unde
344 1843 433 1918 igilur
458 1844 561 1919 potins
587 1842 733 1918 incipiam
755 1859 847 1917 quam
870 1841 908 1919 ob
930 1857 966 1899 ea
988 1840 1112 1909 civitate,
1169 1836 1172 1857 ³

91 1940 170 2000 quae
183 1924 237 1983 tihi
251 1942 309 1984 una
323 1925 353 1983 in
368 1942 472 1984 amore
488 1935 581 2000 atque
595 1928 625 1985 in
641 1924 759 1985 deliciis
774 1926 849 1984 luitl
861 1932 913 1983 aut
928 1939 967 1983 ex
982 1920 1045 1997 qu'o
1062 1939 1113 1996 po·

89 2009 150 2067 tius
165 2022 290 2065 numero
308 2025 399 2080 quam
414 2022 453 2066 ex
467 2007 543 2082 ipsis
558 2008 766 2068 laudatoribus
781 2007 865 2067 tuis?
891 2006 1023 2066 Facilius
1040 2005 1114 2065 enim

89 2088 293 2165 perspicietur
309 2089 408 2163 qualis
423 2091 507 2165 apud
522 2105 577 2150 eos
593 2091 700 2164 fueris,
724 2089 821 2166 quite
837 2090 981 2162 oderunt,
1001 2087 1115 2165 qui-ac-

91 2179 212 2244 cusant,
241 2171 293 2246 qui
309 2179 549 2247 persequuntur,
574 2190 666 2248 quum
680 2175 763 2249 apud
779 2182 848 2234 tuos
863 2171 1061 2232 Mamertinos
1074 2171 1119 2230 in·

90 2253 216 2314 veniere
229 2253 456 2328 improbissima
470 2255 587 2316 ratione
608 2272 678 2316 esse
694 2258 867 2331 praedatus.
899 2255 935 2314 ΙΙ.
969 2255 1000 2313 C.
1022 2255 1117 2315 Heius

91 2345 139 2397 est
159 2337 355 2398 Mamertinus
378 2371 417 2383 -
441 2354 547 2398 omnes
569 2339 629 2399 hoc
651 2339 722 2398 rnihi
746 2338 798 2414 qui
815 2339 990 2399 Messanam
1012 2353 1117 2397 acces-

90 2426 194 2480 serunt
218 2419 306 2479 looile
332 2423 504 2483 concedunt
522 2454 564 2465 -—
582 2423 720 2482 omnihus
746 2423 838 2481 rebus
863 2421 914 2480 illa
939 2419 969 2479 in
998 2419 1119 2480 civitate

91 2501 312 2564 ornatissimus
347 2503 444 2564 Huius
456 2505 564 2566 domus
580 2507 689 2566 estivel
704 2506 818 2580 optima
833 2505 1005 2576 Messanae,
1024 2505 1118 2564 notis·

92 2584 169 2646 simo
184 2584 307 2660 quidem
319 2593 400 2647 certe
415 2596 445 2647 et
458 2587 752 2649 nostrishominihus
761 2586 960 2662 apertissima
973 2586 1118 2669 maxime-

91 2683 150 2743 que
165 2667 336 2742 hospitalis
367 2670 413 2728 Ea
429 2672 538 2731 domus
561 2680 630 2731 ante
652 2671 739 2731 istius
761 2672 923 2731 adventum
945 2660 1052 2730 ornata
1073 2668 1120 2730 sic

90 2749 160 2821 luit,
183 2758 216 2810 ut
235 2752 301 2810 urbi
323 2769 446 2827 qnoque
468 2762 553 2814 esset
567 2763 752 2814 ornamento
783 2752 888 2815 Nam
880 2770 948 2828 rpsa
962 2753 1119 2823 Messana,

91 2849 171 2907 quae
186 2835 254 2907 situ,
270 2834 431 2896 moenibus
450 2844 600 2911 portuque
621 2845 726 2896 ornata
742 2835 794 2909 sit,
812 2837 850 2895 ab
865 2836 912 2895 his
927 2836 1034 2907 rebus,
1045 2833 1120 2909 qui-

88 2915 146 2975 bus
169 2915 228 2977 iste
253 2919 434 2992 delectetur,
467 2936 541 2979 sane
564 2935 661 2979 vacue
680 2928 773 2994 atque
789 2920 874 2979 nuda
900 2925 956 2978 est.
988 2915 1017 2977 4.
1047 2918 1121 2977 Erat

89 2982 172 3074 ahud
188 2999 297 3061 Heium
312 3002 477 3061 sacrarium
494 3018 604 3077 magna
626 3018 694 3061 curn
716 3002 860 3077 dignitate
882 3001 912 3062 in
932 2999 1076 3073 aedibus,
1101 3017 1121 3059 a

89 3080 254 3142 maioribus
268 3084 424 3155 traditum,
442 3086 670 3160 perantiquum,
690 3085 720 3144 in
737 3102 797 3158 quo
815 3086 901 3159 signa
916 3083 1124 3158 pulcherrima

90 3171 240 3240 quattuor,
257 3181 374 3227 summo
390 3169 527 3241 artificio,
542 3183 659 3227 summa
673 3167 838 3239 nobilitate,
856 3184 934 3240 quac
948 3182 1009 3224 non
1024 3166 1119 3226 modo

89 3247 180 3309 istum
204 3247 355 3307 hominem
381 3250 574 3325 ingeniosum
598 3260 627 3310 et
640 3250 871 3324 intelligentem,
894 3266 1000 3309 verum
1028 3249 1119 3308 ctiam

91 3329 228 3403 quemvis
244 3338 396 3403 nostrum,
418 3349 497 3406 quos
514 3333 573 3392 iste
585 3332 698 3392 idiotas
714 3334 856 3411 appellat,
872 3332 1022 3392 delectare
1043 3346 1119 3406 pos·
