<?xml version="1.0" encoding="UTF-8"?>
<!DOCTYPE html PUBLIC "-//W3C//DTD XHTML 1.0 Transitional//EN"
    "http://www.w3.org/TR/xhtml1/DTD/xhtml1-transitional.dtd">
<html xmlns="http://www.w3.org/1999/xhtml" xml:lang="en" lang="en">
 <head>
  <title>
</title>
<meta http-equiv="Content-Type" content="text/html;charset=utf-8" />
  <meta name='ocr-system' content='tesseract 3.04.00' />
  <meta name='ocr-capabilities' content='ocr_page ocr_carea ocr_par ocr_line ocrx_word'/>
</head>
<body>
  <div class='ocr_page' id='page_1' title='image "./mtulliiciceroni08cicegoog_0344.png"; bbox 0 0 2356 3854; ppageno 0'>
   <div class='ocr_carea' id='block_1_1' title="bbox 120 134 1041 273">
    <p class='ocr_par' dir='ltr' id='par_1_1' title="bbox 120 134 1041 273">
     <span class='ocr_line' id='line_1_1' title="bbox 120 134 1041 273; baseline 0.004 -47"><span class='ocrx_word' id='word_1_1' title='bbox 120 165 205 241; x_wconf 45' lang='lat' dir='ltr'>vqs</span> <span class='ocrx_word' id='word_1_2' title='bbox 242 264 249 273; x_wconf 19' lang='grc' dir='ltr'>ἱ</span> <span class='ocrx_word' id='word_1_3' title='bbox 311 167 540 230; x_wconf 67' lang='grc' dir='ltr'>οΑΡιιι-ιι</span> <span class='ocrx_word' id='word_1_4' title='bbox 561 173 736 234; x_wconf 77' lang='lat' dir='ltr'>§.as-es.</span> <span class='ocrx_word' id='word_1_5' title='bbox 973 134 1041 231; x_wconf 73' lang='lat' dir='ltr'>ata&#39;</span> 
     </span>
    </p>
   </div>
   <div class='ocr_carea' id='block_1_2' title="bbox 69 316 1091 3470">
    <p class='ocr_par' dir='ltr' id='par_1_2' title="bbox 69 316 1076 1959">
     <span class='ocr_line' id='line_1_2' title="bbox 76 316 1036 393; baseline 0.003 -15"><span class='ocrx_word' id='word_1_6' title='bbox 76 324 123 378; x_wconf 76' lang='lat' dir='ltr'>et</span> <span class='ocrx_word' id='word_1_7' title='bbox 134 316 224 389; x_wconf 70' lang='lat' dir='ltr'>mem</span> <span class='ocrx_word' id='word_1_8' title='bbox 237 325 270 378; x_wconf 89' lang='lat' dir='ltr'>et</span> <span class='ocrx_word' id='word_1_9' title='bbox 281 318 321 378; x_wconf 84' lang='lat' dir='ltr'>ab</span> <span class='ocrx_word' id='word_1_10' title='bbox 335 317 395 379; x_wconf 87' lang='lat' dir='ltr'>hoe</span> <span class='ocrx_word' id='word_1_11' title='bbox 410 317 589 379; x_wconf 86' lang='lat' dir='ltr'>observatas</span> <span class='ocrx_word' id='word_1_12' title='bbox 603 317 700 381; x_wconf 85' lang='lat' dir='ltr'>tribus</span> <span class='ocrx_word' id='word_1_13' title='bbox 720 319 845 393; x_wconf 79' lang='lat' dir='ltr'>ederes,</span> <span class='ocrx_word' id='word_1_14' title='bbox 865 335 926 379; x_wconf 91' lang='lat' dir='ltr'>non</span> <span class='ocrx_word' id='word_1_15' title='bbox 943 320 1036 381; x_wconf 89' lang='lat' dir='ltr'>modo</span> 
     </span>
     <span class='ocr_line' id='line_1_3' title="bbox 70 399 1038 477; baseline 0.004 -17"><span class='ocrx_word' id='word_1_16' title='bbox 70 411 241 474; x_wconf 76' lang='lat' dir='ltr'>quererer,</span> <span class='ocrx_word' id='word_1_17' title='bbox 262 401 446 461; x_wconf 82' lang='lat' dir='ltr'>sedbuno“</span> <span class='ocrx_word' id='word_1_18' title='bbox 427 418 465 461; x_wconf 89' lang='lat' dir='ltr'>us</span> <span class='ocrx_word' id='word_1_19' title='bbox 482 399 751 474; x_wconf 83' lang='lat' dir='ltr'>iudiciboseditis,</span> <span class='ocrx_word' id='word_1_20' title='bbox 769 401 823 477; x_wconf 92' lang='lat' dir='ltr'>qul</span> <span class='ocrx_word' id='word_1_21' title='bbox 836 402 928 464; x_wconf 88' lang='lat' dir='ltr'>iidem</span> <span class='ocrx_word' id='word_1_22' title='bbox 941 411 1038 464; x_wconf 87' lang='lat' dir='ltr'>testes</span> 
     </span>
     <span class='ocr_line' id='line_1_4' title="bbox 86 484 1038 561; baseline 0.003 -17"><span class='ocrx_word' id='word_1_23' title='bbox 86 493 234 557; x_wconf 77' lang='lat' dir='ltr'>possent,</span> <span class='ocrx_word' id='word_1_24' title='bbox 255 484 427 545; x_wconf 90' lang='lat' dir='ltr'>absolutum</span> <span class='ocrx_word' id='word_1_25' title='bbox 444 491 599 558; x_wconf 85' lang='lat' dir='ltr'>putarem=</span> <span class='ocrx_word' id='word_1_26' title='bbox 620 501 721 561; x_wconf 90' lang='lat' dir='ltr'>neque</span> <span class='ocrx_word' id='word_1_27' title='bbox 735 501 816 546; x_wconf 88' lang='lat' dir='ltr'>nono</span> <span class='ocrx_word' id='word_1_28' title='bbox 837 489 930 548; x_wconf 90' lang='lat' dir='ltr'>multo</span> <span class='ocrx_word' id='word_1_29' title='bbox 945 486 1038 548; x_wconf 84' lang='lat' dir='ltr'>secus</span> 
     </span>
     <span class='ocr_line' id='line_1_5' title="bbox 70 560 1039 642; baseline 0.01 -20.104"><span class='ocrx_word' id='word_1_30' title='bbox 70 560 155 627; x_wconf 82' lang='lat' dir='ltr'>tirno.</span> <span class='ocrx_word' id='word_1_31' title='bbox 178 566 276 640; x_wconf 76' lang='lat' dir='ltr'>Quum</span> <span class='ocrx_word' id='word_1_32' title='bbox 291 569 371 627; x_wconf 88' lang='lat' dir='ltr'>enirn</span> <span class='ocrx_word' id='word_1_33' title='bbox 384 568 441 627; x_wconf 88' lang='lat' dir='ltr'>bas</span> <span class='ocrx_word' id='word_1_34' title='bbox 458 567 553 628; x_wconf 89' lang='lat' dir='ltr'>tribus</span> <span class='ocrx_word' id='word_1_35' title='bbox 571 566 702 641; x_wconf 74' lang='lat' dir='ltr'>edidisti,</span> <span class='ocrx_word' id='word_1_36' title='bbox 716 567 828 642; x_wconf 81' lang='lat' dir='ltr'>ignotis</span> <span class='ocrx_word' id='word_1_37' title='bbox 843 578 872 630; x_wconf 89' lang='lat' dir='ltr'>te</span> <span class='ocrx_word' id='word_1_38' title='bbox 886 568 1039 632; x_wconf 83' lang='lat' dir='ltr'>iudicibus</span> 
     </span>
     <span class='ocr_line' id='line_1_6' title="bbox 73 648 1037 727; baseline 0.009 -21"><span class='ocrx_word' id='word_1_39' title='bbox 73 651 276 727; x_wconf 73' lang='lat' dir='ltr'>malequam</span> <span class='ocrx_word' id='word_1_40' title='bbox 301 651 381 711; x_wconf 90' lang='lat' dir='ltr'>notis</span> <span class='ocrx_word' id='word_1_41' title='bbox 400 648 588 711; x_wconf 80' lang='lat' dir='ltr'>indicavisti·</span> <span class='ocrx_word' id='word_1_42' title='bbox 614 649 718 724; x_wconf 78' lang='lat' dir='ltr'>fugisti</span> <span class='ocrx_word' id='word_1_43' title='bbox 745 653 924 714; x_wconf 88' lang='lat' dir='ltr'>seutentiam</span> <span class='ocrx_word' id='word_1_44' title='bbox 944 652 1037 727; x_wconf 78' lang='lat' dir='ltr'>legis·</span> 
     </span>
     <span class='ocr_line' id='line_1_7' title="bbox 70 729 1038 808; baseline 0.006 -18"><span class='ocrx_word' id='word_1_45' title='bbox 70 729 317 794; x_wconf 83' lang='lat' dir='ltr'>uitatemomnem</span> <span class='ocrx_word' id='word_1_46' title='bbox 326 733 475 794; x_wconf 83' lang='lat' dir='ltr'>reiecisti=</span> <span class='ocrx_word' id='word_1_47' title='bbox 489 734 519 792; x_wconf 93' lang='lat' dir='ltr'>in</span> <span class='ocrx_word' id='word_1_48' title='bbox 535 733 668 793; x_wconf 87' lang='lat' dir='ltr'>tenebris</span> <span class='ocrx_word' id='word_1_49' title='bbox 683 749 774 808; x_wconf 88' lang='lat' dir='ltr'>quam</span> <span class='ocrx_word' id='word_1_50' title='bbox 787 733 818 794; x_wconf 92' lang='lat' dir='ltr'>in</span> <span class='ocrx_word' id='word_1_51' title='bbox 833 737 901 796; x_wconf 84' lang='lat' dir='ltr'>lure</span> <span class='ocrx_word' id='word_1_52' title='bbox 913 752 1038 796; x_wconf 88' lang='lat' dir='ltr'>oausam</span> 
     </span>
     <span class='ocr_line' id='line_1_8' title="bbox 70 814 1036 893; baseline 0.003 -17"><span class='ocrx_word' id='word_1_53' title='bbox 70 814 121 876; x_wconf 80' lang='lat' dir='ltr'>teri</span> <span class='ocrx_word' id='word_1_54' title='bbox 140 816 282 877; x_wconf 83' lang='lat' dir='ltr'>maluisti.</span> <span class='ocrx_word' id='word_1_55' title='bbox 325 815 377 879; x_wconf 74' lang='grc'>48.</span> <span class='ocrx_word' id='word_1_56' title='bbox 402 816 535 877; x_wconf 82' lang='lat' dir='ltr'>Voltinia</span> <span class='ocrx_word' id='word_1_57' title='bbox 556 815 652 877; x_wconf 87' lang='lat' dir='ltr'>tribus</span> <span class='ocrx_word' id='word_1_58' title='bbox 667 817 706 876; x_wconf 92' lang='lat' dir='ltr'>ab</span> <span class='ocrx_word' id='word_1_59' title='bbox 721 816 782 876; x_wconf 86' lang='lat' dir='ltr'>lton</span> <span class='ocrx_word' id='word_1_60' title='bbox 797 826 954 893; x_wconf 82' lang='lat' dir='ltr'>corrupta:</span> <span class='ocrx_word' id='word_1_61' title='bbox 982 819 1036 879; x_wconf 77' lang='lat' dir='ltr'>Te·</span> 
     </span>
     <span class='ocr_line' id='line_1_9' title="bbox 70 895 1037 975; baseline 0.005 -18"><span class='ocrx_word' id='word_1_62' title='bbox 70 895 152 959; x_wconf 88' lang='lat' dir='ltr'>tinam</span> <span class='ocrx_word' id='word_1_63' title='bbox 166 901 314 961; x_wconf 77' lang='lat' dir='ltr'>habuerat</span> <span class='ocrx_word' id='word_1_64' title='bbox 328 900 478 960; x_wconf 86' lang='lat' dir='ltr'>venalem.</span> <span class='ocrx_word' id='word_1_65' title='bbox 514 899 590 973; x_wconf 83' lang='lat' dir='ltr'>Quid</span> <span class='ocrx_word' id='word_1_66' title='bbox 605 899 721 960; x_wconf 80' lang='lat' dir='ltr'>diceret</span> <span class='ocrx_word' id='word_1_67' title='bbox 734 901 818 975; x_wconf 88' lang='lat' dir='ltr'>apud</span> <span class='ocrx_word' id='word_1_68' title='bbox 828 900 1037 962; x_wconf 88' lang='lat' dir='ltr'>Voltinienses</span> 
     </span>
     <span class='ocr_line' id='line_1_10' title="bbox 76 982 1039 1061; baseline 0.003 -20"><span class='ocrx_word' id='word_1_69' title='bbox 76 983 154 1058; x_wconf 84' lang='lat' dir='ltr'>opud</span> <span class='ocrx_word' id='word_1_70' title='bbox 168 982 296 1061; x_wconf 85' lang='lat' dir='ltr'>tribules</span> <span class='ocrx_word' id='word_1_71' title='bbox 311 1000 387 1044; x_wconf 87' lang='lat' dir='ltr'>suos</span> <span class='ocrx_word' id='word_1_72' title='bbox 401 982 542 1044; x_wconf 71' lang='lat' dir='ltr'>iudices?</span> <span class='ocrx_word' id='word_1_73' title='bbox 561 983 656 1043; x_wconf 93' lang='lat' dir='ltr'>lmmo</span> <span class='ocrx_word' id='word_1_74' title='bbox 673 999 746 1044; x_wconf 93' lang='lat' dir='ltr'>vero</span> <span class='ocrx_word' id='word_1_75' title='bbox 761 992 793 1043; x_wconf 92' lang='lat' dir='ltr'>tu</span> <span class='ocrx_word' id='word_1_76' title='bbox 808 984 880 1057; x_wconf 87' lang='lat' dir='ltr'>quid</span> <span class='ocrx_word' id='word_1_77' title='bbox 898 983 1039 1044; x_wconf 83' lang='lat' dir='ltr'>diaerest</span> 
     </span>
     <span class='ocr_line' id='line_1_11' title="bbox 70 1064 1076 1145; baseline 0 -18"><span class='ocrx_word' id='word_1_78' title='bbox 70 1083 98 1127; x_wconf 88' lang='lat' dir='ltr'>m</span> <span class='ocrx_word' id='word_1_79' title='bbox 118 1067 249 1129; x_wconf 86' lang='lat' dir='ltr'>iudieem</span> <span class='ocrx_word' id='word_1_80' title='bbox 269 1066 390 1126; x_wconf 87' lang='lat' dir='ltr'>axillis</span> <span class='ocrx_word' id='word_1_81' title='bbox 414 1075 466 1127; x_wconf 92' lang='lat' dir='ltr'>aut</span> <span class='ocrx_word' id='word_1_82' title='bbox 490 1064 613 1126; x_wconf 84' lang='lat' dir='ltr'>teritum</span> <span class='ocrx_word' id='word_1_83' title='bbox 628 1073 736 1127; x_wconf 89' lang='lat' dir='ltr'>testem</span> <span class='ocrx_word' id='word_1_84' title='bbox 752 1066 882 1127; x_wconf 85' lang='lat' dir='ltr'>haberes</span> <span class='ocrx_word' id='word_1_85' title='bbox 897 1074 949 1126; x_wconf 87' lang='lat' dir='ltr'>out</span> <span class='ocrx_word' id='word_1_86' title='bbox 963 1082 1037 1127; x_wconf 89' lang='lat' dir='ltr'>vero</span> <span class='ocrx_word' id='word_1_87' title='bbox 1071 1138 1076 1145; x_wconf 25' lang='lat'><em>¹</em></span> 
     </span>
     <span class='ocr_line' id='line_1_12' title="bbox 72 1148 1038 1246; baseline 0 -38"><span class='ocrx_word' id='word_1_88' title='bbox 72 1167 98 1208; x_wconf 93' lang='lat' dir='ltr'>m</span> <span class='ocrx_word' id='word_1_89' title='bbox 113 1150 287 1210; x_wconf 65' lang='lat' dir='ltr'>excitares?</span> <span class='ocrx_word' id='word_1_90' title='bbox 299 1149 417 1210; x_wconf 84' lang='lat' dir='ltr'>Etenim</span> <span class='ocrx_word' id='word_1_91' title='bbox 433 1148 461 1209; x_wconf 92' lang='lat' dir='ltr'>si</span> <span class='ocrx_word' id='word_1_92' title='bbox 475 1165 546 1209; x_wconf 91' lang='lat' dir='ltr'>reus</span> <span class='ocrx_word' id='word_1_93' title='bbox 565 1148 659 1209; x_wconf 88' lang='lat' dir='ltr'>tribus</span> <span class='ocrx_word' id='word_1_94' title='bbox 673 1151 789 1246; x_wconf 85' lang='lat' dir='ltr'>ederet,</span> <span class='ocrx_word' id='word_1_95' title='bbox 802 1148 965 1210; x_wconf 85' lang='lat' dir='ltr'>Voltiniam</span> <span class='ocrx_word' id='word_1_96' title='bbox 977 1150 1038 1209; x_wconf 88' lang='lat' dir='ltr'>lor-</span> 
     </span>
     <span class='ocr_line' id='line_1_13' title="bbox 70 1230 1037 1323; baseline 0.001 -30.005"><span class='ocrx_word' id='word_1_97' title='bbox 70 1233 244 1293; x_wconf 71' lang='lat' dir='ltr'>ellandus</span> <span class='ocrx_word' id='word_1_98' title='bbox 262 1230 387 1323; x_wconf 69' lang='lat' dir='ltr'>propter</span> <span class='ocrx_word' id='word_1_99' title='bbox 401 1231 660 1292; x_wconf 81' lang='lat' dir='ltr'>necessitudinem</span> <span class='ocrx_word' id='word_1_100' title='bbox 680 1249 716 1293; x_wconf 88' lang='lat' dir='ltr'>ao</span> <span class='ocrx_word' id='word_1_101' title='bbox 732 1232 931 1306; x_wconf 80' lang='lat' dir='ltr'>vicinitatem,</span> <span class='ocrx_word' id='word_1_102' title='bbox 949 1249 1037 1294; x_wconf 90' lang='lat' dir='ltr'>suam</span> 
     </span>
     <span class='ocr_line' id='line_1_14' title="bbox 70 1296 1037 1390; baseline 0.003 -15"><span class='ocrx_word' id='word_1_103' title='bbox 70 1332 82 1375; x_wconf 82' lang='grc' dir='ltr'>ι</span> <span class='ocrx_word' id='word_1_104' title='bbox 102 1325 182 1377; x_wconf 85' lang='lat' dir='ltr'>oarte</span> <span class='ocrx_word' id='word_1_105' title='bbox 196 1296 353 1377; x_wconf 72' lang='lat' dir='ltr'>edidisset</span> <span class='ocrx_word' id='word_1_106' title='bbox 395 1317 447 1390; x_wconf 81' lang='lat' dir='ltr'>Et,</span> <span class='ocrx_word' id='word_1_107' title='bbox 465 1314 492 1376; x_wconf 91' lang='lat' dir='ltr'>si</span> <span class='ocrx_word' id='word_1_108' title='bbox 509 1316 666 1390; x_wconf 84' lang='lat' dir='ltr'>quaesitor</span> <span class='ocrx_word' id='word_1_109' title='bbox 680 1315 751 1376; x_wconf 87' lang='lat' dir='ltr'>huia</span> <span class='ocrx_word' id='word_1_110' title='bbox 765 1318 905 1378; x_wconf 90' lang='lat' dir='ltr'>edendus</span> <span class='ocrx_word' id='word_1_111' title='bbox 918 1315 1037 1390; x_wconf 85' lang='lat' dir='ltr'>luisset,</span> 
     </span>
     <span class='ocr_line' id='line_1_15' title="bbox 70 1399 1037 1497; baseline 0.002 -38"><span class='ocrx_word' id='word_1_112' title='bbox 70 1415 96 1459; x_wconf 90' lang='lat' dir='ltr'>m</span> <span class='ocrx_word' id='word_1_113' title='bbox 111 1400 231 1460; x_wconf 90' lang='lat' dir='ltr'>tandem</span> <span class='ocrx_word' id='word_1_114' title='bbox 246 1399 348 1474; x_wconf 85' lang='lat' dir='ltr'>potius</span> <span class='ocrx_word' id='word_1_115' title='bbox 362 1416 453 1497; x_wconf 82' lang='lat' dir='ltr'>quam</span> <span class='ocrx_word' id='word_1_116' title='bbox 467 1399 596 1460; x_wconf 84' lang='lat' dir='ltr'>hunoc.</span> <span class='ocrx_word' id='word_1_117' title='bbox 611 1400 738 1471; x_wconf 81' lang='lat' dir='ltr'>Alfium,</span> <span class='ocrx_word' id='word_1_118' title='bbox 757 1417 847 1475; x_wconf 91' lang='lat' dir='ltr'>quem</span> <span class='ocrx_word' id='word_1_119' title='bbox 861 1400 968 1472; x_wconf 86' lang='lat' dir='ltr'>habet,</span> <span class='ocrx_word' id='word_1_120' title='bbox 986 1399 1037 1461; x_wconf 83' lang='lat' dir='ltr'>oui</span> 
     </span>
     <span class='ocr_line' id='line_1_16' title="bbox 70 1482 1036 1557; baseline 0.001 -15"><span class='ocrx_word' id='word_1_121' title='bbox 70 1483 182 1544; x_wconf 89' lang='lat' dir='ltr'>ssimus</span> <span class='ocrx_word' id='word_1_122' title='bbox 195 1499 268 1546; x_wconf 83' lang='lat' dir='ltr'>esse</span> <span class='ocrx_word' id='word_1_123' title='bbox 281 1484 380 1556; x_wconf 91' lang='lat' dir='ltr'>debet,</span> <span class='ocrx_word' id='word_1_124' title='bbox 394 1482 537 1555; x_wconf 83' lang='lat' dir='ltr'>vicinum,</span> <span class='ocrx_word' id='word_1_125' title='bbox 551 1483 699 1556; x_wconf 86' lang='lat' dir='ltr'>tribulem,</span> <span class='ocrx_word' id='word_1_126' title='bbox 710 1483 924 1557; x_wconf 75' lang='lat' dir='ltr'>gravissimum</span> <span class='ocrx_word' id='word_1_127' title='bbox 939 1483 1036 1543; x_wconf 68' lang='lat' dir='ltr'>homi</span> 
     </span>
     <span class='ocr_line' id='line_1_17' title="bbox 70 1563 1037 1642; baseline 0.001 -18"><span class='ocrx_word' id='word_1_128' title='bbox 70 1615 72 1624; x_wconf 37' lang='grc' dir='ltr'>ι</span> <span class='ocrx_word' id='word_1_129' title='bbox 93 1565 353 1640; x_wconf 86' lang='lat' dir='ltr'>iustissimumque</span> <span class='ocrx_word' id='word_1_130' title='bbox 369 1565 543 1627; x_wconf 68' lang='lat' dir='ltr'>edidisset?</span> <span class='ocrx_word' id='word_1_131' title='bbox 557 1566 644 1627; x_wconf 89' lang='lat' dir='ltr'>ouius</span> <span class='ocrx_word' id='word_1_132' title='bbox 661 1563 938 1642; x_wconf 85' lang='lat' dir='ltr'>quidem‘aequitas</span> <span class='ocrx_word' id='word_1_133' title='bbox 954 1575 983 1628; x_wconf 90' lang='lat' dir='ltr'>et</span> <span class='ocrx_word' id='word_1_134' title='bbox 1000 1581 1037 1626; x_wconf 89' lang='lat' dir='ltr'>aa</span> 
     </span>
     <span class='ocr_line' id='line_1_18' title="bbox 69 1649 1036 1724; baseline 0 -15"><span class='ocrx_word' id='word_1_135' title='bbox 69 1658 147 1710; x_wconf 87' lang='lat' dir='ltr'>mtas</span> <span class='ocrx_word' id='word_1_136' title='bbox 170 1665 243 1724; x_wconf 81' lang='lat' dir='ltr'>erga</span> <span class='ocrx_word' id='word_1_137' title='bbox 257 1651 308 1708; x_wconf 84' lang='lat' dir='ltr'>Cn.</span> <span class='ocrx_word' id='word_1_138' title='bbox 321 1649 434 1709; x_wconf 87' lang='lat' dir='ltr'>Planoii</span> <span class='ocrx_word' id='word_1_139' title='bbox 455 1650 598 1721; x_wconf 90' lang='lat' dir='ltr'>salutern,</span> <span class='ocrx_word' id='word_1_140' title='bbox 619 1666 710 1722; x_wconf 89' lang='lat' dir='ltr'>quam</span> <span class='ocrx_word' id='word_1_141' title='bbox 724 1649 775 1709; x_wconf 88' lang='lat' dir='ltr'>ille</span> <span class='ocrx_word' id='word_1_142' title='bbox 792 1650 858 1710; x_wconf 91' lang='lat' dir='ltr'>sine</span> <span class='ocrx_word' id='word_1_143' title='bbox 872 1651 935 1710; x_wconf 87' lang='lat' dir='ltr'>ulla</span> <span class='ocrx_word' id='word_1_144' title='bbox 951 1649 1036 1724; x_wconf 82' lang='lat' dir='ltr'>eupi-</span> 
     </span>
     <span class='ocr_line' id='line_1_19' title="bbox 70 1731 1035 1807; baseline -0.001 -15"><span class='ocrx_word' id='word_1_145' title='bbox 70 1732 109 1792; x_wconf 88' lang='lat' dir='ltr'>tis</span> <span class='ocrx_word' id='word_1_146' title='bbox 124 1731 301 1807; x_wconf 85' lang='lat' dir='ltr'>suspicione</span> <span class='ocrx_word' id='word_1_147' title='bbox 315 1749 390 1807; x_wconf 87' lang='lat' dir='ltr'>prae</span> <span class='ocrx_word' id='word_1_148' title='bbox 405 1747 439 1792; x_wconf 89' lang='lat' dir='ltr'>se</span> <span class='ocrx_word' id='word_1_149' title='bbox 455 1733 526 1803; x_wconf 87' lang='lat' dir='ltr'>lert,</span> <span class='ocrx_word' id='word_1_150' title='bbox 548 1732 637 1791; x_wconf 87' lang='lat' dir='ltr'>iaoile</span> <span class='ocrx_word' id='word_1_151' title='bbox 652 1732 788 1792; x_wconf 82' lang='lat' dir='ltr'>declarat</span> <span class='ocrx_word' id='word_1_152' title='bbox 801 1748 862 1791; x_wconf 91' lang='lat' dir='ltr'>non</span> <span class='ocrx_word' id='word_1_153' title='bbox 879 1731 975 1792; x_wconf 83' lang='lat' dir='ltr'>luisse</span> <span class='ocrx_word' id='word_1_154' title='bbox 990 1733 1035 1791; x_wconf 90' lang='lat' dir='ltr'>lu-</span> 
     </span>
     <span class='ocr_line' id='line_1_20' title="bbox 70 1813 1036 1889; baseline -0.002 -15"><span class='ocrx_word' id='word_1_155' title='bbox 70 1817 135 1876; x_wconf 88' lang='lat' dir='ltr'>dos</span> <span class='ocrx_word' id='word_1_156' title='bbox 150 1816 275 1876; x_wconf 85' lang='lat' dir='ltr'>tribules</span> <span class='ocrx_word' id='word_1_157' title='bbox 291 1815 360 1875; x_wconf 85' lang='lat' dir='ltr'>buia</span> <span class='ocrx_word' id='word_1_158' title='bbox 374 1815 507 1889; x_wconf 81' lang='lat' dir='ltr'>iudices,</span> <span class='ocrx_word' id='word_1_159' title='bbox 529 1814 578 1874; x_wconf 89' lang='lat' dir='ltr'>oui</span> <span class='ocrx_word' id='word_1_160' title='bbox 600 1815 802 1889; x_wconf 88' lang='lat' dir='ltr'>quaesitorem</span> <span class='ocrx_word' id='word_1_161' title='bbox 824 1813 963 1875; x_wconf 90' lang='lat' dir='ltr'>tribulem</span> <span class='ocrx_word' id='word_1_162' title='bbox 984 1830 1036 1874; x_wconf 89' lang='lat' dir='ltr'>ex-</span> 
     </span>
     <span class='ocr_line' id='line_1_21' title="bbox 70 1898 436 1959; baseline 0.005 -3"><span class='ocrx_word' id='word_1_163' title='bbox 70 1899 168 1959; x_wconf 92' lang='lat' dir='ltr'>ndum</span> <span class='ocrx_word' id='word_1_164' title='bbox 186 1898 282 1959; x_wconf 88' lang='lat' dir='ltr'>luisse</span> <span class='ocrx_word' id='word_1_165' title='bbox 297 1898 436 1958; x_wconf 89' lang='lat' dir='ltr'>videatis.</span> 
     </span>
    </p>

    <p class='ocr_par' dir='ltr' id='par_1_3' title="bbox 69 1976 1091 2889">
     <span class='ocr_line' id='line_1_22' title="bbox 70 1976 1036 2057; baseline -0.002 -15"><span class='ocrx_word' id='word_1_166' title='bbox 70 1983 170 2042; x_wconf 78' lang='lat' dir='ltr'>KVlll.</span> <span class='ocrx_word' id='word_1_167' title='bbox 192 1979 244 2043; x_wconf 83' lang='lat'>44.</span> <span class='ocrx_word' id='word_1_168' title='bbox 261 1983 367 2057; x_wconf 85' lang='lat' dir='ltr'>Neque</span> <span class='ocrx_word' id='word_1_169' title='bbox 382 1997 440 2056; x_wconf 84' lang='lat' dir='ltr'>ego</span> <span class='ocrx_word' id='word_1_170' title='bbox 464 1996 545 2040; x_wconf 86' lang='lat' dir='ltr'>nuno</span> <span class='ocrx_word' id='word_1_171' title='bbox 560 1976 720 2040; x_wconf 87' lang='lat' dir='ltr'>eonsilium</span> <span class='ocrx_word' id='word_1_172' title='bbox 731 1979 923 2054; x_wconf 83' lang='lat' dir='ltr'>reprebendo</span> <span class='ocrx_word' id='word_1_173' title='bbox 939 1988 1036 2052; x_wconf 90' lang='lat' dir='ltr'>tuum,</span> 
     </span>
     <span class='ocr_line' id='line_1_23' title="bbox 70 2061 1035 2139; baseline -0.005 -15"><span class='ocrx_word' id='word_1_174' title='bbox 70 2067 154 2124; x_wconf 86' lang='lat' dir='ltr'>deas</span> <span class='ocrx_word' id='word_1_175' title='bbox 169 2066 275 2138; x_wconf 87' lang='lat' dir='ltr'>tribus,</span> <span class='ocrx_word' id='word_1_176' title='bbox 290 2065 402 2139; x_wconf 88' lang='lat' dir='ltr'>quibus</span> <span class='ocrx_word' id='word_1_177' title='bbox 411 2071 476 2124; x_wconf 89' lang='lat' dir='ltr'>erat</span> <span class='ocrx_word' id='word_1_178' title='bbox 489 2062 538 2122; x_wconf 89' lang='lat' dir='ltr'>hio</span> <span class='ocrx_word' id='word_1_179' title='bbox 553 2061 684 2125; x_wconf 85' lang='lat' dir='ltr'>maxime</span> <span class='ocrx_word' id='word_1_180' title='bbox 696 2071 796 2137; x_wconf 86' lang='lat' dir='ltr'>notus,</span> <span class='ocrx_word' id='word_1_181' title='bbox 807 2080 869 2125; x_wconf 90' lang='lat' dir='ltr'>non</span> <span class='ocrx_word' id='word_1_182' title='bbox 884 2062 1035 2123; x_wconf 75' lang='lat' dir='ltr'>edideris:</span> 
     </span>
     <span class='ocr_line' id='line_1_24' title="bbox 75 2146 1036 2220; baseline -0.003 -11"><span class='ocrx_word' id='word_1_183' title='bbox 75 2166 95 2208; x_wconf 89' lang='lat' dir='ltr'>a</span> <span class='ocrx_word' id='word_1_184' title='bbox 109 2158 139 2209; x_wconf 89' lang='lat' dir='ltr'>te</span> <span class='ocrx_word' id='word_1_185' title='bbox 158 2150 256 2208; x_wconf 89' lang='lat' dir='ltr'>dooeo</span> <span class='ocrx_word' id='word_1_186' title='bbox 269 2148 430 2209; x_wconf 86' lang='lat' dir='ltr'>eonsilium</span> <span class='ocrx_word' id='word_1_187' title='bbox 441 2164 501 2207; x_wconf 90' lang='lat' dir='ltr'>non</span> <span class='ocrx_word' id='word_1_188' title='bbox 516 2153 669 2207; x_wconf 90' lang='lat' dir='ltr'>servatum</span> <span class='ocrx_word' id='word_1_189' title='bbox 680 2154 818 2207; x_wconf 85' lang='lat' dir='ltr'>senatus.</span> <span class='ocrx_word' id='word_1_190' title='bbox 831 2146 947 2209; x_wconf 86' lang='lat' dir='ltr'>Etenim</span> <span class='ocrx_word' id='word_1_191' title='bbox 967 2147 1036 2220; x_wconf 89' lang='lat' dir='ltr'>quis</span> 
     </span>
     <span class='ocr_line' id='line_1_25' title="bbox 70 2229 1035 2306; baseline -0.002 -16"><span class='ocrx_word' id='word_1_192' title='bbox 70 2249 107 2291; x_wconf 87' lang='lat' dir='ltr'>nn</span> <span class='ocrx_word' id='word_1_193' title='bbox 119 2231 237 2292; x_wconf 88' lang='lat' dir='ltr'>audiret</span> <span class='ocrx_word' id='word_1_194' title='bbox 250 2233 370 2293; x_wconf 89' lang='lat' dir='ltr'>illorum</span> <span class='ocrx_word' id='word_1_195' title='bbox 390 2239 441 2293; x_wconf 87' lang='lat' dir='ltr'>aut</span> <span class='ocrx_word' id='word_1_196' title='bbox 453 2229 683 2306; x_wconf 82' lang='lat' dir='ltr'>quiddioerest</span> <span class='ocrx_word' id='word_1_197' title='bbox 703 2229 1035 2305; x_wconf 85' lang='lat' dir='ltr'>SequesuemnePlan-</span> 
     </span>
     <span class='ocr_line' id='line_1_26' title="bbox 70 2313 1033 2392; baseline -0.001 -18"><span class='ocrx_word' id='word_1_198' title='bbox 70 2321 104 2374; x_wconf 78' lang='lat' dir='ltr'>t?</span> <span class='ocrx_word' id='word_1_199' title='bbox 120 2324 301 2390; x_wconf 86' lang='lat' dir='ltr'>respuerent</span> <span class='ocrx_word' id='word_1_200' title='bbox 315 2331 416 2392; x_wconf 87' lang='lat' dir='ltr'>aures,</span> <span class='ocrx_word' id='word_1_201' title='bbox 432 2313 521 2376; x_wconf 84' lang='lat' dir='ltr'>nemo</span> <span class='ocrx_word' id='word_1_202' title='bbox 537 2321 726 2388; x_wconf 78' lang='lat' dir='ltr'>agnosceret,</span> <span class='ocrx_word' id='word_1_203' title='bbox 741 2313 947 2388; x_wconf 84' lang='lat' dir='ltr'>repudiarent.</span> <span class='ocrx_word' id='word_1_204' title='bbox 963 2350 966 2357; x_wconf 84' lang='lat'><em>·</em></span> <span class='ocrx_word' id='word_1_205' title='bbox 984 2314 1033 2373; x_wconf 85' lang='lat' dir='ltr'>An</span> 
     </span>
     <span class='ocr_line' id='line_1_27' title="bbox 69 2394 1034 2469; baseline -0.005 -11"><span class='ocrx_word' id='word_1_206' title='bbox 69 2399 191 2460; x_wconf 81' lang='lat' dir='ltr'>iosumt</span> <span class='ocrx_word' id='word_1_207' title='bbox 210 2397 251 2457; x_wconf 92' lang='lat' dir='ltr'>illi</span> <span class='ocrx_word' id='word_1_208' title='bbox 275 2398 402 2461; x_wconf 89' lang='lat' dir='ltr'>libenter</span> <span class='ocrx_word' id='word_1_209' title='bbox 420 2399 574 2469; x_wconf 89' lang='lat' dir='ltr'>audirent,</span> <span class='ocrx_word' id='word_1_210' title='bbox 595 2413 652 2459; x_wconf 89' lang='lat' dir='ltr'>nos</span> <span class='ocrx_word' id='word_1_211' title='bbox 673 2413 735 2457; x_wconf 88' lang='lat' dir='ltr'>non</span> <span class='ocrx_word' id='word_1_212' title='bbox 756 2397 858 2457; x_wconf 89' lang='lat' dir='ltr'>timide</span> <span class='ocrx_word' id='word_1_213' title='bbox 875 2394 1034 2459; x_wconf 83' lang='lat' dir='ltr'>eonfitere-</span> 
     </span>
     <span class='ocr_line' id='line_1_28' title="bbox 70 2479 1034 2557; baseline 0 -18"><span class='ocrx_word' id='word_1_214' title='bbox 70 2525 76 2539; x_wconf 94' lang='lat'>.</span> <span class='ocrx_word' id='word_1_215' title='bbox 121 2481 188 2540; x_wconf 88' lang='lat' dir='ltr'>Noli</span> <span class='ocrx_word' id='word_1_216' title='bbox 209 2483 288 2540; x_wconf 90' lang='lat' dir='ltr'>enim</span> <span class='ocrx_word' id='word_1_217' title='bbox 305 2493 432 2557; x_wconf 76' lang='lat' dir='ltr'>putare,</span> <span class='ocrx_word' id='word_1_218' title='bbox 444 2480 635 2553; x_wconf 90' lang='lat' dir='ltr'>Laterensis,</span> <span class='ocrx_word' id='word_1_219' title='bbox 649 2479 768 2554; x_wconf 80' lang='lat' dir='ltr'>legibus</span> <span class='ocrx_word' id='word_1_220' title='bbox 784 2479 866 2552; x_wconf 85' lang='lat' dir='ltr'>istis,</span> <span class='ocrx_word' id='word_1_221' title='bbox 889 2495 965 2552; x_wconf 90' lang='lat' dir='ltr'>quas</span> <span class='ocrx_word' id='word_1_222' title='bbox 987 2480 1034 2539; x_wconf 81' lang='lat' dir='ltr'>&#39;se-</span> 
     </span>
     <span class='ocr_line' id='line_1_29' title="bbox 70 2561 1035 2638; baseline -0.004 -13"><span class='ocrx_word' id='word_1_223' title='bbox 70 2582 92 2625; x_wconf 77' lang='lat' dir='ltr'>ls</span> <span class='ocrx_word' id='word_1_224' title='bbox 109 2565 148 2624; x_wconf 92' lang='lat' dir='ltr'>de</span> <span class='ocrx_word' id='word_1_225' title='bbox 163 2565 277 2625; x_wconf 88' lang='lat' dir='ltr'>ambitu</span> <span class='ocrx_word' id='word_1_226' title='bbox 290 2565 401 2626; x_wconf 82' lang='lat' dir='ltr'>sanciri</span> <span class='ocrx_word' id='word_1_227' title='bbox 416 2565 559 2638; x_wconf 88' lang='lat' dir='ltr'>voluerit,</span> <span class='ocrx_word' id='word_1_228' title='bbox 579 2564 611 2624; x_wconf 91' lang='lat' dir='ltr'>id</span> <span class='ocrx_word' id='word_1_229' title='bbox 627 2580 697 2624; x_wconf 88' lang='lat' dir='ltr'>esse</span> <span class='ocrx_word' id='word_1_230' title='bbox 712 2572 826 2635; x_wconf 85' lang='lat' dir='ltr'>actum,</span> <span class='ocrx_word' id='word_1_231' title='bbox 839 2571 872 2623; x_wconf 92' lang='lat' dir='ltr'>ut</span> <span class='ocrx_word' id='word_1_232' title='bbox 886 2561 1035 2636; x_wconf 78' lang='lat' dir='ltr'>suffraga-</span> 
     </span>
     <span class='ocr_line' id='line_1_30' title="bbox 71 2645 1034 2722; baseline -0.006 -13"><span class='ocrx_word' id='word_1_233' title='bbox 71 2658 106 2709; x_wconf 90' lang='lat' dir='ltr'>ut</span> <span class='ocrx_word' id='word_1_234' title='bbox 120 2648 323 2720; x_wconf 75' lang='lat' dir='ltr'>observantia,</span> <span class='ocrx_word' id='word_1_235' title='bbox 337 2658 371 2709; x_wconf 91' lang='lat' dir='ltr'>ut</span> <span class='ocrx_word' id='word_1_236' title='bbox 383 2647 480 2722; x_wconf 77' lang='lat' dir='ltr'>gratia</span> <span class='ocrx_word' id='word_1_237' title='bbox 493 2650 656 2709; x_wconf 89' lang='lat' dir='ltr'>tolleretur.</span> <span class='ocrx_word' id='word_1_238' title='bbox 700 2646 829 2722; x_wconf 86' lang='lat' dir='ltr'>Semper</span> <span class='ocrx_word' id='word_1_239' title='bbox 843 2647 964 2707; x_wconf 88' lang='lat' dir='ltr'>luerunt</span> <span class='ocrx_word' id='word_1_240' title='bbox 979 2645 1034 2711; x_wconf 79' lang='lat' dir='ltr'>viri</span> 
     </span>
     <span class='ocr_line' id='line_1_31' title="bbox 70 2727 1091 2815; baseline -0.004 -25"><span class='ocrx_word' id='word_1_241' title='bbox 70 2779 87 2805; x_wconf 23' lang='lat'>1,</span> <span class='ocrx_word' id='word_1_242' title='bbox 112 2731 165 2804; x_wconf 90' lang='lat' dir='ltr'>qui</span> <span class='ocrx_word' id='word_1_243' title='bbox 185 2733 268 2804; x_wconf 87' lang='lat' dir='ltr'>apud</span> <span class='ocrx_word' id='word_1_244' title='bbox 287 2731 412 2792; x_wconf 89' lang='lat' dir='ltr'>tribules</span> <span class='ocrx_word' id='word_1_245' title='bbox 428 2747 503 2791; x_wconf 86' lang='lat' dir='ltr'>suos</span> <span class='ocrx_word' id='word_1_246' title='bbox 517 2730 644 2804; x_wconf 77' lang='lat' dir='ltr'>gratiosi</span> <span class='ocrx_word' id='word_1_247' title='bbox 657 2747 729 2792; x_wconf 89' lang='lat' dir='ltr'>esse</span> <span class='ocrx_word' id='word_1_248' title='bbox 744 2733 864 2792; x_wconf 86' lang='lat' dir='ltr'>vellent.</span> <span class='ocrx_word' id='word_1_249' title='bbox 907 2727 959 2790; x_wconf 85' lang='grc'>45.</span> <span class='ocrx_word' id='word_1_250' title='bbox 976 2728 1033 2787; x_wconf 78' lang='lat' dir='ltr'>Ne</span> <span class='ocrx_word' id='word_1_251' title='bbox 1082 2807 1091 2815; x_wconf 82' lang='lat'><strong>.</strong></span> 
     </span>
     <span class='ocr_line' id='line_1_32' title="bbox 83 2810 1035 2889; baseline -0.003 -16"><span class='ocrx_word' id='word_1_252' title='bbox 83 2830 157 2874; x_wconf 86' lang='lat' dir='ltr'>vero</span> <span class='ocrx_word' id='word_1_253' title='bbox 173 2824 232 2875; x_wconf 88' lang='lat' dir='ltr'>tam</span> <span class='ocrx_word' id='word_1_254' title='bbox 249 2816 343 2875; x_wconf 90' lang='lat' dir='ltr'>durus</span> <span class='ocrx_word' id='word_1_255' title='bbox 356 2816 385 2874; x_wconf 87' lang='lat' dir='ltr'>in</span> <span class='ocrx_word' id='word_1_256' title='bbox 407 2813 527 2889; x_wconf 87' lang='lat' dir='ltr'>plebem</span> <span class='ocrx_word' id='word_1_257' title='bbox 546 2822 651 2876; x_wconf 88' lang='lat' dir='ltr'>noster</span> <span class='ocrx_word' id='word_1_258' title='bbox 665 2816 741 2874; x_wconf 93' lang='lat' dir='ltr'>ordo</span> <span class='ocrx_word' id='word_1_259' title='bbox 758 2813 826 2883; x_wconf 91' lang='lat' dir='ltr'>luit,</span> <span class='ocrx_word' id='word_1_260' title='bbox 841 2821 875 2873; x_wconf 91' lang='lat' dir='ltr'>ut</span> <span class='ocrx_word' id='word_1_261' title='bbox 888 2827 956 2871; x_wconf 91' lang='lat' dir='ltr'>eam</span> <span class='ocrx_word' id='word_1_262' title='bbox 974 2810 1035 2870; x_wconf 87' lang='lat' dir='ltr'>eoli</span> 
     </span>
    </p>

    <p class='ocr_par' dir='ltr' id='par_1_4' title="bbox 69 2892 1036 3458">
     <span class='ocr_line' id='line_1_33' title="bbox 69 2892 1034 2975; baseline -0.004 -19"><span class='ocrx_word' id='word_1_263' title='bbox 69 2914 104 2957; x_wconf 89' lang='lat' dir='ltr'>ra</span> <span class='ocrx_word' id='word_1_264' title='bbox 117 2897 238 2958; x_wconf 84' lang='lat' dir='ltr'>modica</span> <span class='ocrx_word' id='word_1_265' title='bbox 252 2898 429 2959; x_wconf 85' lang='lat' dir='ltr'>liberalitate</span> <span class='ocrx_word' id='word_1_266' title='bbox 445 2897 589 2956; x_wconf 73' lang='lat' dir='ltr'>noluerim</span> <span class='ocrx_word' id='word_1_267' title='bbox 611 2913 712 2970; x_wconf 86' lang='lat' dir='ltr'>neque</span> <span class='ocrx_word' id='word_1_268' title='bbox 726 2896 784 2956; x_wconf 89' lang='lat' dir='ltr'>hoo</span> <span class='ocrx_word' id='word_1_269' title='bbox 800 2894 905 2975; x_wconf 87' lang='lat' dir='ltr'>liberis</span> <span class='ocrx_word' id='word_1_270' title='bbox 920 2892 1034 2953; x_wconf 87' lang='lat' dir='ltr'>nostris</span> 
     </span>
     <span class='ocr_line' id='line_1_34' title="bbox 70 2975 1035 3052; baseline -0.003 -14"><span class='ocrx_word' id='word_1_271' title='bbox 70 2980 314 3052; x_wconf 71' lang='lat' dir='ltr'>dicendumst,</span> <span class='ocrx_word' id='word_1_272' title='bbox 332 2997 371 3040; x_wconf 92' lang='lat' dir='ltr'>ne</span> <span class='ocrx_word' id='word_1_273' title='bbox 382 2981 547 3039; x_wconf 86' lang='lat' dir='ltr'>observent</span> <span class='ocrx_word' id='word_1_274' title='bbox 556 2978 681 3040; x_wconf 86' lang='lat' dir='ltr'>tribules</span> <span class='ocrx_word' id='word_1_275' title='bbox 693 2995 776 3048; x_wconf 88' lang='lat' dir='ltr'>suos,</span> <span class='ocrx_word' id='word_1_276' title='bbox 795 2994 833 3037; x_wconf 90' lang='lat' dir='ltr'>ne</span> <span class='ocrx_word' id='word_1_277' title='bbox 845 2975 979 3050; x_wconf 81' lang='lat' dir='ltr'>diligant,</span> <span class='ocrx_word' id='word_1_278' title='bbox 996 2991 1035 3035; x_wconf 93' lang='lat' dir='ltr'>ne</span> 
     </span>
     <span class='ocr_line' id='line_1_35' title="bbox 70 3057 1035 3136; baseline -0.006 -12"><span class='ocrx_word' id='word_1_279' title='bbox 70 3067 154 3125; x_wconf 89' lang='lat' dir='ltr'>loere</span> <span class='ocrx_word' id='word_1_280' title='bbox 171 3064 356 3125; x_wconf 74' lang='lat' dir='ltr'>necessariis</span> <span class='ocrx_word' id='word_1_281' title='bbox 372 3063 437 3123; x_wconf 84' lang='lat' dir='ltr'>suis</span> <span class='ocrx_word' id='word_1_282' title='bbox 450 3079 536 3122; x_wconf 86' lang='lat' dir='ltr'>suam</span> <span class='ocrx_word' id='word_1_283' title='bbox 552 3061 661 3122; x_wconf 90' lang='lat' dir='ltr'>tribum</span> <span class='ocrx_word' id='word_1_284' title='bbox 677 3061 804 3136; x_wconf 83' lang='lat' dir='ltr'>possint,</span> <span class='ocrx_word' id='word_1_285' title='bbox 822 3075 929 3133; x_wconf 86' lang='lat' dir='ltr'>nepar</span> <span class='ocrx_word' id='word_1_286' title='bbox 944 3057 1035 3118; x_wconf 88' lang='lat' dir='ltr'>abiis</span> 
     </span>
     <span class='ocr_line' id='line_1_36' title="bbox 71 3142 1036 3222; baseline -0.006 -14"><span class='ocrx_word' id='word_1_287' title='bbox 71 3165 111 3208; x_wconf 85' lang='lat' dir='ltr'>us</span> <span class='ocrx_word' id='word_1_288' title='bbox 133 3148 168 3207; x_wconf 89' lang='lat' dir='ltr'>in</span> <span class='ocrx_word' id='word_1_289' title='bbox 185 3164 242 3208; x_wconf 90' lang='lat' dir='ltr'>sua</span> <span class='ocrx_word' id='word_1_290' title='bbox 262 3147 406 3222; x_wconf 84' lang='lat' dir='ltr'>petitione</span> <span class='ocrx_word' id='word_1_291' title='bbox 425 3152 609 3219; x_wconf 78' lang='lat' dir='ltr'>respectent.</span> <span class='ocrx_word' id='word_1_292' title='bbox 653 3145 736 3205; x_wconf 87' lang='lat' dir='ltr'>Haeo</span> <span class='ocrx_word' id='word_1_293' title='bbox 759 3142 839 3202; x_wconf 93' lang='lat' dir='ltr'>enim</span> <span class='ocrx_word' id='word_1_294' title='bbox 862 3143 952 3217; x_wconf 85' lang='lat' dir='ltr'>plena</span> <span class='ocrx_word' id='word_1_295' title='bbox 966 3148 1036 3202; x_wconf 91' lang='lat' dir='ltr'>sunt</span> 
     </span>
     <span class='ocr_line' id='line_1_37' title="bbox 70 3223 1035 3309; baseline -0.009 -16.972"><span class='ocrx_word' id='word_1_296' title='bbox 70 3232 109 3304; x_wconf 90' lang='lat' dir='ltr'>ii,</span> <span class='ocrx_word' id='word_1_297' title='bbox 126 3233 216 3307; x_wconf 85' lang='lat' dir='ltr'>plena</span> <span class='ocrx_word' id='word_1_298' title='bbox 233 3229 462 3301; x_wconf 83' lang='lat' dir='ltr'>observantiae,</span> <span class='ocrx_word' id='word_1_299' title='bbox 478 3228 567 3302; x_wconf 87' lang='lat' dir='ltr'>plena</span> <span class='ocrx_word' id='word_1_300' title='bbox 581 3225 671 3287; x_wconf 85' lang='lat' dir='ltr'>etiam</span> <span class='ocrx_word' id='word_1_301' title='bbox 687 3224 884 3300; x_wconf 88' lang='lat' dir='ltr'>antiquitatis</span> <span class='ocrx_word' id='word_1_302' title='bbox 926 3223 1012 3285; x_wconf 88' lang='lat' dir='ltr'>Isto</span> <span class='ocrx_word' id='word_1_303' title='bbox 1003 3241 1035 3309; x_wconf 87' lang='lat' dir='ltr'>m</span> 
     </span>
     <span class='ocr_line' id='line_1_38' title="bbox 70 3307 1035 3407; baseline -0.006 -32.943"><span class='ocrx_word' id='word_1_304' title='bbox 70 3331 113 3375; x_wconf 71' lang='lat' dir='ltr'>tre</span> <span class='ocrx_word' id='word_1_305' title='bbox 128 3322 158 3374; x_wconf 93' lang='lat' dir='ltr'>et</span> <span class='ocrx_word' id='word_1_306' title='bbox 172 3314 303 3374; x_wconf 83' lang='lat' dir='ltr'>luimus</span> <span class='ocrx_word' id='word_1_307' title='bbox 295 3312 370 3388; x_wconf 76' lang='lat' dir='ltr'>ipsi,</span> <span class='ocrx_word' id='word_1_308' title='bbox 391 3328 485 3407; x_wconf 82' lang='lat' dir='ltr'>quum</span> <span class='ocrx_word' id='word_1_309' title='bbox 501 3307 674 3371; x_wconf 90' lang='lat' dir='ltr'>ambitionis</span> <span class='ocrx_word' id='word_1_310' title='bbox 689 3317 811 3370; x_wconf 86' lang='lat' dir='ltr'>nostrae</span> <span class='ocrx_word' id='word_1_311' title='bbox 825 3318 963 3384; x_wconf 82' lang='lat' dir='ltr'>tempora</span> <span class='ocrx_word' id='word_1_312' title='bbox 981 3325 1035 3383; x_wconf 80' lang='lat' dir='ltr'>po</span> 
     </span>
     <span class='ocr_line' id='line_1_39' title="bbox 70 3391 1036 3470; baseline -0.008 -12"><span class='ocrx_word' id='word_1_313' title='bbox 70 3400 170 3470; x_wconf 72' lang='lat' dir='ltr'>ibant,</span> <span class='ocrx_word' id='word_1_314' title='bbox 194 3406 224 3456; x_wconf 90' lang='lat' dir='ltr'>et</span> <span class='ocrx_word' id='word_1_315' title='bbox 245 3395 432 3457; x_wconf 83' lang='lat' dir='ltr'>clarissimos</span> <span class='ocrx_word' id='word_1_316' title='bbox 455 3393 538 3455; x_wconf 88' lang='lat' dir='ltr'>viros</span> <span class='ocrx_word' id='word_1_317' title='bbox 560 3409 632 3455; x_wconf 86' lang='lat' dir='ltr'>esse</span> <span class='ocrx_word' id='word_1_318' title='bbox 654 3392 797 3453; x_wconf 86' lang='lat' dir='ltr'>vidimus</span> <span class='ocrx_word' id='word_1_319' title='bbox 806 3401 837 3455; x_wconf 93' lang='lat' dir='ltr'>et</span> <span class='ocrx_word' id='word_1_320' title='bbox 857 3391 949 3454; x_wconf 90' lang='lat' dir='ltr'>hodie</span> <span class='ocrx_word' id='word_1_321' title='bbox 964 3407 1036 3453; x_wconf 85' lang='lat' dir='ltr'>esee</span> 
     </span>
    </p>
   </div>
   <div class='ocr_carea' id='block_1_3' title="bbox 0 0 1182 3854">
    <p class='ocr_par' dir='ltr' id='par_1_5' title="bbox 0 0 1182 3854">
     <span class='ocr_line' id='line_1_40' title="bbox 0 0 1182 3854; baseline 0 0"><span class='ocrx_word' id='word_1_322' title='bbox 0 0 1182 3854; x_wconf 95' lang='lat' dir='ltr'> </span> 
     </span>
    </p>
   </div>
  </div>
 </body>
</html>
