2356 3854
83 175 145 241 ata
311 178 386 239 rao
401 180 434 239 r.
450 177 567 268 annio
581 176 725 236 mooun
744 176 899 237 oanrro.
926 194 929 198 Δ

81 329 187 391 rabilia
199 329 316 388 ruerunt
327 330 393 388 iiia:
407 329 439 387 P.
452 326 548 388 clodii
564 335 690 409 mortem
704 340 795 384 nemo
807 339 910 399 aequo
922 325 1016 385 animo

81 420 192 489 potest.
233 413 331 486 Luget
351 420 491 484 senatus,
512 419 627 470 maeret
649 416 795 484 equester
811 408 907 481 ordo,
929 417 1016 469 totas

83 496 222 556 coniecta
238 496 324 555 senio
343 504 398 567 est,
414 494 556 569 squalent
569 491 743 566 municipia,
754 489 954 551 adflictantur
968 493 1014 552 col

81 579 145 653 agri
166 577 298 653 denique
312 577 372 652 ipsi
390 585 451 638 tam
465 576 649 646 beneficum,
678 583 738 634 tam
752 574 936 648 salutarem,
960 583 1016 635 tam

82 670 200 722 suetum
223 661 319 721 civem
341 659 524 723 desiderant.
566 658 617 718 21.
638 657 705 717 Non
722 655 776 716 fuit
792 672 831 715 ea
853 673 967 731 causa,
990 658 1016 717 iu

81 746 219 820 protecto
241 761 303 805 non
327 745 382 803 mit
403 759 457 803 eur
477 739 534 800 sibi
551 747 694 801 censeret
714 737 881 813 Pompeius
903 750 1015 815 quaest

82 828 251 899 terendam,
274 827 331 886 sed
356 827 447 885 bomo
470 824 595 898 sapiens
615 829 708 897 atque
729 824 790 882 alta
807 830 838 881 et
856 822 964 882 divina
989 841 1016 898 qr

83 918 180 970 mente
200 910 356 984 praeditus
376 909 467 968 muita
488 907 578 966 vidit:
600 907 696 965 tuisse
717 905 800 964 iilum
818 904 878 963 sibi
894 905 1016 965 inimica

82 992 227 1053 miliarem
237 992 394 1053 Milonem:
407 991 437 1051 in
449 988 601 1050 communi
613 990 745 1050 omnium
759 986 881 1061 taetitia,
900 988 929 1047 si
946 989 1016 1049 etiar

82 1077 243 1151 gauderet,
272 1074 369 1135 timuit
388 1091 426 1133 ne
445 1072 600 1134 videretur
619 1070 767 1133 infirmior
791 1070 871 1130 fides
901 1087 1016 1131 reeone

83 1158 212 1233 gratiae:
225 1158 318 1234 multa
326 1157 414 1216 etiam
422 1157 481 1237 alia
488 1156 570 1223 vidit,
581 1155 637 1214 sed
647 1154 719 1214 iilud
731 1153 872 1226 maxime,
887 1155 1016 1228 quamvi:

84 1242 157 1299 citer
176 1241 243 1313 ipse
267 1241 401 1311 tulisset,
429 1245 606 1299 vos·tamen
627 1236 745 1297 fortiter
759 1235 964 1296 iudicaturos.
1012 1239 1016 1295 1

83 1321 231 1395 detegite
250 1320 476 1382 florentissimis
498 1321 654 1380 ordinibus
676 1320 745 1394 ipsa
762 1318 892 1390 lumina,
917 1336 1016 1394 neque

84 1405 166 1478 quod
178 1419 239 1463 non
250 1404 323 1463 nulli
335 1405 478 1475 dictitant,
491 1403 622 1463 secrevit
633 1404 663 1462 in
677 1402 829 1462 iudicibus
844 1403 988 1475 tegendis
1001 1419 1016 1460 a

82 1502 178 1546 meos.
220 1486 327 1560 Neque
347 1486 426 1546 enim
442 1487 501 1545 hoe
518 1486 660 1560 cogitavit
676 1485 722 1544 vir
736 1484 946 1558 iustissimus,
966 1503 1016 1559 neq

80 1568 172 1629 bonis
183 1567 256 1628 viris
274 1569 410 1645 legendis
425 1569 458 1629 id
473 1569 601 1644 adsequi
617 1567 780 1644 potuisset,
802 1568 895 1628 etiarn
920 1568 948 1628 si
969 1585 1016 1641 cup

81 1653 147 1712 Non
160 1651 241 1714 onim
251 1668 318 1713 moa
330 1652 425 1728 gratia
437 1651 686 1712 familiaritatibus
699 1651 880 1721 continetur,
899 1668 980 1726 quae
992 1653 1016 1709 la

82 1744 146 1796 tere
162 1752 224 1795 non
241 1744 386 1810 possunt,
407 1743 568 1811 propterea
584 1735 665 1812 quod
681 1735 923 1794 consuetudines
943 1735 1016 1794 victu

81 1827 213 1895 possunt
227 1835 298 1879 esse
313 1836 380 1879 cum
399 1819 513 1880 multis:
530 1819 595 1890 sed,
610 1817 639 1877 si
654 1817 725 1891 quid
742 1833 923 1892 possumus,
939 1835 977 1877 ex
992 1833 1016 1877 et

84 1919 199 1976 sumus,
214 1903 361 1977 quadres
377 1903 498 1977 publica
512 1917 569 1961 nos
581 1900 738 1961 coniunxit
752 1917 820 1960 cum
831 1899 941 1961 bonis:
956 1917 1016 1972 ext

81 1984 237 2060 illaquam
251 1986 475 2059 optimosviros
493 1986 606 2059 legeret
620 1983 713 2059 idque
728 1984 859 2049 maxime
873 1985 916 2042 ad
928 1985 1016 2043 fidem

82 2069 232 2141 pertinere
247 2068 454 2140 arbitraretur,
474 2084 534 2126 non
556 2067 653 2141 potuit
673 2067 774 2140 legere
794 2084 857 2128 non
875 2067 1016 2127 studioso

82 2147 132 2210 22.
147 2150 235 2223 Quod
247 2167 320 2210 vero
332 2160 370 2222 te,
385 2152 417 2210 L.
429 2150 548 2221 Domiti,
560 2150 630 2209 huic
643 2150 813 2223 quaestioni
825 2146 1016 2224 praeessem

80 2233 192 2306 voluit,
208 2233 280 2293 nihil
297 2233 447 2308 quaesivit
460 2234 543 2292 aliud
561 2233 619 2292 nisi
636 2233 788 2306 iustitiam,
805 2231 1016 2307 gravitatem]

84 2317 221 2389 nitatem,
243 2317 344 2377 fidem.
386 2317 464 2376 Tulit
479 2324 512 2376 ut
529 2319 720 2376 consularem
737 2332 867 2376 necesse
890 2324 992 2376 esset:
1015 2351 1016 2360 η

84 2401 167 2473 quod
196 2400 367 2476 principum
391 2417 500 2462 munus
527 2415 598 2458 esse
624 2399 763 2460 ducebat·
781 2399 932 2458 resistere
954 2400 1014 2459 eti

84 2482 282 2547 multitudiuis
303 2493 333 2543 et
354 2485 540 2559 perditorum
570 2483 737 2543 temeritati.
786 2483 833 2540 Ex
851 2483 1016 2541 consulari

62 2613 65 2618 .
84 2565 198 2624 creavit
215 2566 421 2639 potissimum=
440 2568 570 2626 dederas
586 2566 666 2626 enim
684 2582 773 2641 quam
787 2573 1008 2625 contemneres

83 2647 163 2706 lares
179 2647 314 2707 insanias
329 2649 389 2712 tam
403 2650 442 2708 ab
457 2649 664 2712 adolescentia
685 2650 868 2718 doaumenta
882 2649 1016 2707 maxima

82 2728 133 2792 23.
150 2729 244 2802 Quam
262 2729 301 2789 ob
316 2747 393 2803 rem,
411 2730 544 2802 iudices,
565 2740 598 2790 ut
615 2730 779 2806 aliquando
794 2731 834 2789 ad
849 2747 982 2790 causam
998 2748 1016 2790 c

85 2829 145 2888 que
164 2813 336 2886 veniamus,
359 2815 386 2874 si
406 2830 508 2889 neque
522 2814 621 2873 omnis
638 2814 794 2874 confessio
810 2813 882 2872 iacti
903 2823 954 2874 est
971 2815 1016 2874 ina

83 2913 186 2970 neque
205 2897 244 2974 de
267 2913 361 2957 causa
377 2909 481 2975 nostra
504 2897 670 2971 quidquam
691 2897 778 2957 aliter
797 2913 833 2956 ac
854 2911 917 2956 nos
934 2899 1014 2957 velie

84 2988 192 3042 senatu
206 2978 369 3041 iudicatum
386 2990 441 3052 est,
458 2988 489 3039 et
501 2981 580 3038 lator
597 2980 666 3054 ipse
680 2981 765 3055 legis,
782 2996 875 3054 quum
894 2987 984 3039 esset
1004 2998 1016 3040 c

84 3062 187 3122 versia
207 3065 288 3124 nniia
304 3064 391 3137 iacti,
412 3061 487 3122 iuris
501 3071 600 3122 tamen
617 3062 868 3137 disceptationem
885 3078 961 3121 esse
976 3080 1016 3122 vo

84 3143 112 3202 ei
125 3144 195 3205 lecti
209 3145 326 3206 iudices
341 3146 431 3220 isque
445 3147 639 3219 praepositus
657 3143 842 3219 quaestioni,
865 3143 922 3218 qui
945 3145 1016 3205 hae<

85 3226 301 3303 sapienterque
325 3230 490 3302 disceptet,
510 3227 659 3302 reliquum
680 3236 742 3298 est,
765 3225 901 3298 iudices,
924 3235 959 3286 ut
976 3228 1016 3286 nii

87 3320 235 3377 quaerere
248 3311 330 3370 aliud
347 3311 485 3371 debeatis
496 3308 555 3369 nisi
569 3317 636 3369 uter
649 3311 707 3370 utri
721 3309 849 3369 insidias
873 3309 994 3370 fecerit.
