2356 3854
109 164 174 230 440
253 163 292 221 IN
305 163 344 220 Μ.
358 156 558 218 ANTONIUM
575 153 715 214 ORATIO
732 152 952 213 PHILIPPICA
967 155 1005 214 11.

110 318 157 377 dis
164 304 649 384 municipales,hominesironesti,
663 301 788 368 obviam
796 301 983 363 necessario
993 304 1131 377 prodeun-

107 392 311 469 tes,aonnoto
324 390 375 450 iilo
389 397 419 449 et
430 388 549 447 mimico
558 386 687 458 nomine,
699 383 966 467 sedVolumniam
975 387 1130 446 consaluta

109 480 190 538 bant.
213 472 404 547 Sequebatur
413 471 507 531 rheda
522 486 589 529 cum
604 467 780 537 lenonibus,
796 466 939 527 ‘comites
954 468 1133 543 nequissimi,

108 560 221 617 reiecta
240 563 335 615 mater
357 553 483 621 amicam
501 550 610 625 impuri
628 549 682 610 filii
696 558 849 623 tamquam
865 566 983 608 nurum
998 552 1134 625 scqucbu

111 649 165 700 tur.
211 637 233 697 0
250 637 379 697 miserae
397 633 531 695 mulieris
546 632 757 692 fecunditatem
773 630 1011 691 calamitosam!
1033 635 1135 693 Horum

110 721 290 796 flagitiorum
310 719 369 778 iste
387 715 523 791 vestigiis
542 714 643 776 omnia
657 712 837 788 municipia,
854 715 1082 789 praefecturas,
1095 731 1137 774 co

110 805 216 874 ionias,
232 810 325 863 totam
341 800 472 873 denique
483 799 597 858 italiam
611 795 773 871 Impressit
1054 794 1058 799 '

169 884 219 945 59.
235 883 431 957 Reliquorum
446 883 591 941 tactorum
605 881 681 952 eius,
697 887 799 952 patres
813 878 1006 955 conscripti
1019 880 1137 941 dillldlis

111 977 158 1027 est
172 983 247 1027 sane
260 963 458 1040 reprehensio
482 971 512 1022 et
528 962 652 1021 lubrica.
694 962 844 1021 versatus
860 960 893 1019 in
909 963 1000 1023 bello
1016 972 1077 1023 cst:
1096 979 1135 1021 sa·

14 1050 43 1103 f
110 1050 222 1110 turavit
236 1065 270 1109 se
287 1047 434 1121 sanguine
445 1043 710 1105 dissimillimorum
731 1042 778 1103 sui
793 1042 927 1103 civium=
953 1045 1100 1116 ielixluit,
1112 1043 1135 1103 si

110 1139 212 1206 potest
225 1133 287 1190 ulla
303 1131 333 1189 in
348 1130 464 1188 scelere
478 1143 549 1187 esse
564 1124 701 1185 felicitae
745 1124 806 1184 Sed
823 1126 984 1200 quoniam
1000 1126 1133 1203 veteranis

111 1222 230 1274 cautum
246 1228 316 1272 esse
330 1212 478 1282 volumus,
492 1222 674 1284 quamquam
687 1206 843 1266 dissimilis
855 1209 1050 1270 cstmilitum
1059 1224 1135 1270 causa

110 1304 140 1355 et
152 1303 204 1354 tua
218 1329 260 1340 -
279 1293 321 1352 illi
337 1292 434 1353 secuti
449 1300 532 1353 sunt:
546 1299 579 1351 tu
594 1289 740 1364 quaesisti
754 1289 866 1349 ducem
879 1324 944 1363 -,
974 1301 1089 1363 tamem
1106 1306 1135 1349 nc

70 1440 73 1447 ,
110 1377 193 1450 apud
206 1375 276 1435 illos
291 1389 338 1433 me
354 1374 384 1433 in
399 1373 543 1433 invidiam
559 1389 661 1446 voces,
676 1370 749 1431 nihil
763 1372 934 1446 degenere
952 1375 1029 1435 belli
1045 1377 1134 1435 dicau.
1149 1434 1156 1441 ,

108 1456 215 1517 Victor
231 1473 248 1516 e
262 1455 418 1516 Thessalia
430 1455 624 1514 Brundisium
644 1470 711 1515 cum
726 1454 900 1528 [calonibus
916 1459 1084 1518 revertisti.
1102 1453 1134 1513 lbi

110 1554 159 1598 mo
170 1542 231 1598 non
251 1537 403 1597 occidisti=
419 1553 560 1611 magnum
570 1537 766 1597 beneficium!
781 1536 929 1598 Potuisse
945 1543 1030 1599 enim
1047 1541 1133 1599 fateor.

110 1620 296 1697 Quamquam
308 1636 396 1680 nomo
409 1628 473 1680 erat
487 1635 599 1691 eorum,
616 1619 666 1694 qui
677 1626 740 1678 tum
750 1626 851 1678 tecum
863 1621 1003 1692 luerunt,
1017 1623 1069 1696 qui
1079 1618 1134 1680 mili

109 1720 173 1764 non
194 1710 334 1763 conseret
348 1702 433 1777 parci
446 1708 597 1778 oportere.
628 1701 678 1765 60.
694 1703 788 1760 Tanta
802 1710 851 1761 cst
866 1701 958 1762 enim
968 1705 1080 1765 caritas
1093 1718 1134 1778 pe·

110 1780 200 1860 triae,
221 1794 255 1847 ut
279 1785 389 1845 vestris
404 1786 493 1847 etlam
507 1783 677 1859 legionibus
693 1791 820 1843 sanctus
834 1783 962 1859 essem,
980 1788 1066 1860 quod
1080 1800 1134 1844 mm

110 1885 197 1930 ame
219 1874 370 1929 servatam
388 1885 460 1928 esse
479 1868 694 1927 meminissent
744 1865 807 1925 Sed
835 1866 885 1924 lac
906 1866 944 1927 id
965 1877 997 1929 tc
1026 1868 1134 1928 dedisse

110 1951 190 2024 milri,
210 1952 293 2025 quod
309 1967 368 2010 non
384 1949 532 2022 ademisti,
546 1964 657 2022 meque
668 1965 686 2007 a
697 1956 726 2007 tc
740 1947 854 2006 habere
871 1948 986 2025 vitam,
1001 1951 1133 2026 quianon

111 2051 129 2092 a
151 2040 181 2091 te
197 2032 237 2092 sit
251 2041 368 2106 erepta=
386 2031 509 2093 licuitne
525 2030 596 2089 mihi
611 2047 667 2105 per
680 2038 748 2090 tuas
765 2031 973 2091 contumelias
987 2033 1049 2093 hoc
1065 2042 1132 2092 tuuu

109 2115 290 2175 beneficium
307 2115 352 2173 sic
368 2113 460 2186 tueri,
476 2120 508 2173 ut
524 2114 638 2185 tuebar,
653 2110 829 2186 praesertim
845 2130 943 2185 quum
959 2122 991 2175 te
1005 2115 1082 2174 haec
1094 2130 1131 2173 au

111 2196 241 2257 diturum
261 2195 406 2256 videres?
429 2196 521 2254 XXV.
541 2194 592 2255 61.
611 2194 729 2254 Venisti
745 2194 962 2269 Brundisium,
995 2197 1028 2256 in
1051 2197 1131 2257 sinum

112 2280 233 2353 quidem
261 2287 291 2338 et
309 2280 338 2337 in
363 2279 554 2352 complexum
580 2286 651 2337 tuae
676 2275 824 2335 mimulac.
874 2276 959 2349 Quid
984 2286 1055 2340 estt
1072 2280 1131 2337 Nun

111 2363 262 2423 mentior?
282 2362 377 2435 Quam
397 2361 540 2421 miserum
560 2359 652 2420 estid
666 2374 778 2432 negare
792 2373 853 2417 non
871 2376 989 2435 posse,
1010 2360 1132 2436 quodsi

111 2444 317 2525 turpissimum
338 2444 489 2503 confiteri!
511 2442 543 2511 Si
563 2450 592 2502 te
606 2441 838 2515 municipiorum
855 2458 918 2501 non
941 2445 1092 2518 pudebat,
1105 2457 1132 2501 nc

108 2525 245 2583 veterani
266 2525 388 2598 quidem
408 2524 581 2585 exercitus?
602 2524 674 2605 Quis
692 2522 772 2584 enim
793 2522 880 2583 miles
901 2525 962 2586 luit
984 2529 1040 2602 qui
1053 2528 1133 2586 an·

110 2605 180 2665 disii
204 2605 285 2665 illam
306 2623 366 2666 nou
386 2607 518 2668 viderit?
538 2607 606 2682 quis
629 2607 681 2682 qui
700 2605 843 2667 nescierit
864 2607 995 2673 venisse
1024 2625 1089 2669 eam
1100 2612 1133 2667 tot
1173 2682 1175 2687 Ι

108 2686 161 2747 tibi
174 2686 289 2747 dierum
301 2686 380 2747 viam
390 2691 590 2762 gratulatum?
604 2690 672 2766 quis
685 2690 738 2765 qui
749 2707 809 2750 non
820 2688 988 2751 indoluerit
1002 2699 1064 2752 tam
1077 2703 1134 2751 sero

110 2785 144 2829 se
165 2787 256 2844 quam
276 2786 408 2845 nequam
428 2772 581 2832 hominem
599 2781 723 2834 secutus
744 2780 827 2834 esset
854 2782 1074 2846 cognosceret
1094 2770 1133 2832 62

108 2852 212 2912 ltaliae
225 2868 333 2915 rursus
349 2858 537 2928 percursatio
553 2856 660 2916 eadem
675 2854 784 2916 comite
795 2853 899 2913 mimo:
916 2855 950 2915 in
963 2857 1083 2932 oppida
1092 2853 1134 2913 mi·

108 2932 190 2994 litum
207 2936 339 2996 crudelis
357 2943 387 2997 ct
401 2937 512 2997 misera
527 2937 683 2998 deductio:
698 2939 729 2998 in
743 2938 818 2996 urbe
835 2936 916 3009 auri,
937 2940 1070 3014 argenti,
1085 2952 1133 2996 ma

109 3016 252 3094 ximequa
272 3018 335 3078 vini
359 3020 449 3079 laeda
472 3019 610 3096 direptio.
654 3021 796 3081 Accessit
815 3027 848 3078 ut
869 3019 1007 3082 Caesare
1030 3021 1131 3096 ignaro

111 3113 203 3169 quum
219 3110 304 3163 esset
319 3102 368 3161 ille
383 3103 604 3175 Alexandreae,
621 3102 771 3163 beneficIo
787 3099 956 3164 amicorum
971 3103 1042 3165 cius
1055 3099 1131 3174 maai

110 3183 171 3247 Sler
196 3186 330 3258 equitum
352 3185 594 3247 constitueretur.
643 3186 717 3245 Tum
740 3184 924 3245 existimavit
947 3202 984 3246 sc
1008 3188 1131 3247 suoinrc

108 3271 176 3318 cum
189 3264 301 3340 Hippia
316 3266 420 3328 vivero
435 3278 465 3329 et
480 3285 579 3344 equos
598 3268 762 3343 vectigales
780 3265 887 3341 Sergio
902 3271 997 3328 mimo
1014 3269 1132 3328 modam.

107 3337 180 3399 Tum
201 3346 258 3406 sibi
275 3365 335 3408 non
347 3350 443 3422 hanc,
465 3369 555 3423 quam
575 3367 657 3411 nunc
673 3353 751 3409 male
765 3357 873 3421 tuetur,
892 3351 952 3409 sed
965 3350 1008 3410 M.
1024 3345 1133 3410 Pisonis
