2356 3854
268 150 272 157 ’
313 189 317 195 ‚
371 157 452 216 CAP.
467 165 596 220 13-16.
618 164 645 224 S·
659 167 789 222 32-38.
1034 161 1096 227 311

70 315 136 376 tus,
152 314 184 366 et
197 302 283 380 qrrla,
305 313 340 365 ut·
353 306 400 379 tlt,
422 306 452 365 in
474 309 573 368 multis
594 307 836 382 exit-aliquando
850 307 966 382 aliquid
992 308 1019 368 si
1036 326 1097 371 non
1153 372 1158 389 ,

70 391 273 464 perfacetum,
289 396 321 448 at
344 397 441 448 tamen
466 391 595 450 tortasse
611 406 670 449 non
685 391 847 464 rusticum,
867 391 950 466 quod
967 391 1097 467 quisque

70 470 155 540 nisit
173 486 221 529 me
235 469 267 529 id
281 469 396 530 dixisse
403 472 519 531 dicunt.
540 473 605 546 Ego
619 481 720 532 autem
732 474 759 532 si
773 472 846 546 quid
863 482 911 533 est
925 475 1008 549 quod
1025 475 1098 534 mihi

70 553 179 616 s'eitum
193 567 266 612 esse
281 546 417 613 videatur
430 563 461 614 at
474 555 595 614 homine
611 553 742 628 ingenuo
758 555 881 628 dignum
893 564 984 630 atque
996 558 1096 629 docto,

70 653 132 699 nou
148 650 308 710 aspernor,
329 637 502 696 stomachor
517 653 603 710 vero,
619 654 711 711 quum
727 635 853 696 aliorum
868 654 928 697 non
944 655 991 698 mo
1007 638 1098 714 dignu

70 714 163 779 inme
179 718 383 779 conferuntur.
421 720 494 777 Nam
509 721 591 793 quod
605 719 718 793 primus
734 719 824 779 scivit
836 721 932 792 legem
947 722 985 780 de
1002 721 1097 794 publi-

70 800 253 873 canis-tum,
274 818 366 874 quum
394 801 439 862 vir
460 801 665 876 amplissimus
687 802 795 861 consul
816 801 847 861 id
872 802 913 860 illi
929 802 1027 862 ordini
1042 821 1099 877 per

70 885 217 967 populum
232 883 330 954 dedit,
351 885 434 957 quod
460 893 663 958 personatum
682 886 708 943 si
725 883 878 955 licuisset,
902 884 1051 945 dedisset:
1070 885 1097 944 si

70 964 102 1027 in
115 980 154 1027 eo
171 965 283 1024 crimen
302 975 358 1035 est,
373 965 444 1038 quia
456 966 632 1041 suffragium
643 967 717 1041 tulit,
734 967 803 1041 quis
814 983 875 1026 non
887 965 952 1026 tulit
963 966 1097 1041 publiea-

70 1054 150 1123 fflst
164 1047 207 1119 si,
225 1047 296 1122 quia
311 1049 424 1123 primus
436 1048 541 1118 scivit,
558 1059 656 1108 utrum
672 1049 701 1108 id
717 1050 808 1110 sortis
820 1065 890 1108 esse
905 1048 951 1107 vis
967 1065 1005 1107 an
1019 1048 1095 1122 eius,

72 1130 124 1206 qui
138 1130 219 1190 illam
230 1131 477 1204 legemderebatt
491 1130 522 1190 Si
535 1131 634 1203 sortis,
653 1133 765 1192 nullum
778 1131 890 1191 crimen
903 1131 991 1190 estin
1007 1147 1096 1192 casus

72 1213 98 1274 si
112 1212 257 1284 consulis
274 1214 364 1293 spleq
399 1230 421 1293 „r
434 1213 522 1273 etlam
536 1213 657 1287 Plancii,
672 1215 753 1274 hunc
767 1231 787 1274 a
800 1228 919 1276 summo
935 1214 999 1275 viro
1015 1214 1096 1288 prin-

72 1292 174 1371 cipem
188 1311 259 1355 esse
274 1292 360 1355 ordiri
394 1295 575 1355 iudicatum.

133 1378 205 1438 XV.·
219 1376 268 1438 36.
286 1377 348 1437 Sed
361 1376 525 1452 aliquando
541 1377 697 1439 veniamus
712 1379 751 1439 ad
768 1396 901 1440 causam.
940 1381 974 1438 ln
993 1386 1096 1453 quatu

72 1460 192 1521 nomine
206 1459 284 1534 legis
295 1459 436 1532 Liciniae,
453 1478 532 1535 quae
549 1470 596 1522 εει
609 1463 648 1522 de
662 1461 826 1534 sodaliciis,
845 1479 950 1523 omncs
962 1461 1093 1522 ambitus

72 1545 156 1617 leges
170 1543 409 1617 complexuses.
451 1545 513 1604 Nec
529 1544 607 1604 enim
622 1544 786 1621 quidquam
802 1544 884 1605 aliud
905 1545 935 1604 in
950 1545 1007 1604 hac
1029 1546 1097 1620 lege

73 1625 130 1687 uisi
137 1625 278 1687 editicios
288 1625 403 1686 iudices
415 1641 449 1685 es
461 1637 601 1687 secutus:
616 1628 698 1701 quod
710 1642 807 1700 genus
820 1626 1000 1687 iudiciorum
1012 1627 1039 1687 si
1050 1635 1097 1687 est

71 1724 203 1785 aequum
227 1710 287 1768 ulla
308 1707 338 1766 iu
362 1725 396 1768 re
418 1707 477 1768 nisi
491 1708 521 1767 in
536 1710 593 1769 bac
608 1709 759 1780 tribuaria,
779 1725 840 1768 non
855 1707 989 1782 intelligo
1007 1724 1097 1779 quam

71 1791 188 1853 obrem
204 1798 328 1870 senatus
344 1791 403 1850 hoc
419 1807 478 1850 uno
492 1789 520 1850 in
536 1807 648 1866 genere
662 1791 756 1850 tribus
780 1790 830 1849 edi
845 1789 981 1860 ¹voluerit
995 1790 1033 1848 ab
1047 1806 1097 1850 ac·

70 1882 212 1935 cusatore
234 1889 335 1948 neque
357 1872 493 1933 eamdem
518 1873 679 1933 editionem
703 1871 886 1932 transtulerit
906 1871 936 1931 in
960 1879 1096 1933 caeteras

70 1952 197 2030 causas,
213 1957 251 2015 de
265 1955 335 2030 ipso
353 1955 485 2029 denique
496 1957 607 2017 ambitu
620 1954 813 2014 reiectionem
829 1955 895 2015 lieri
909 1954 1039 2016 voluerit
1052 1955 1096 2016 iu·

70 2039 170 2101 dicum
188 2039 386 2109 alternorum,
408 2055 561 2114 quumque
581 2040 695 2112 nullum
706 2053 803 2112 genus
823 2037 995 2100 acerbitatis
1010 2054 1096 2113 prae-

70 2121 252 2195 termitteret,
263 2121 321 2182 hoc
333 2130 431 2181 tamen
440 2138 531 2181 unum
539 2122 791 2196 praetercundum
799 2121 918 2197 putarit.
934 2118 985 2183 37.
999 2120 1097 2194 Quina

70 2204 198 2265 lruiusce
217 2203 262 2264 rel
283 2205 404 2263 undem
424 2205 555 2265 obscura
577 2211 753 2278 causaest,
777 2222 815 2265 un
838 2212 869 2265 et
892 2204 1003 2279 agitata
1025 2212 1096 2277 tum,

70 2304 163 2361 quum
177 2286 236 2346 istu
249 2285 280 2344 in
295 2295 402 2346 senatu
416 2304 466 2348 res
483 2288 643 2363 agebatur,
670 2293 700 2348 et
722 2288 876 2363 disputata
890 2287 1031 2346 hesterno
1047 2286 1097 2346 die

70 2368 286 2444 copiosissimo
300 2385 319 2427 a
333 2368 366 2442 Q.
381 2369 559 2445 Hortensio,
580 2370 630 2432 cui
644 2378 707 2430 turn
724 2378 772 2431 est
784 2378 908 2432 senatus
924 2371 1097 2447 adsensus?

70 2454 133 2513 lloc
148 2451 239 2526 igitur
253 2451 420 2512 sensimus:
436 2454 654 2528 cuiuscumque
665 2452 760 2514 tribus
775 2454 897 2527 largitor
909 2459 992 2513 esset
1002 2461 1032 2512 et
1043 2467 1097 2527 per

70 2534 147 2596 lianc
164 2533 408 2607 consensionem,
425 2553 503 2609 quae
515 2536 610 2611 magis
625 2536 754 2597 honeste
767 2553 859 2611 quam
872 2551 942 2595 vere
954 2534 1096 2596 sodalita-

70 2625 114 2679 tas
128 2617 348 2689 nominaretur,
370 2635 458 2691 quam
480 2619 610 2694 quisque
627 2619 735 2680 tribum
758 2620 836 2695 turpi
859 2618 1016 2692 largitione
1030 2633 1096 2677 cor-

70 2708 232 2776 rumperet,
249 2715 317 2760 eum
332 2699 461 2761 maxime
475 2700 513 2760 iis
527 2701 706 2775 hominibus,
724 2702 776 2777 qui
790 2701 856 2763 eius
872 2701 967 2765 tribus
983 2706 1095 2771 essent,

71 2799 141 2843 esse
156 2791 270 2848 notum.
306 2784 350 2843 lta
369 2781 484 2857 putavit
500 2790 631 2854 senatus,
648 2801 739 2858 quum
753 2801 806 2846 reo
823 2783 919 2845 tribus
935 2784 1097 2843 ederentur

71 2881 225 2939 eae,·quas
239 2865 266 2925 is
282 2865 439 2939 largitione
455 2865 612 2925 devinctas
629 2865 761 2938 baberet,
777 2867 906 2926 eosdem·
920 2867 984 2924 lore
1001 2869 1095 2923 testes

71 2956 98 3007 et
110 2948 240 3013 iudices.
267 2947 419 3007 Acerbum
435 2947 555 3009 omnino
570 2963 666 3022 genus
682 2947 799 3021 iudicii,
815 2948 871 3008 sed
885 2956 994 3017 tamen,
1009 2943 1036 3004 si
1048 2945 1095 3004 vel

72 3045 123 3090 sua
139 3031 190 3090 vel
204 3045 343 3104 eaquae
358 3028 581 3089 maximeesset
597 3029 709 3103 cuique
724 3029 894 3100 coniuncta,
912 3027 1007 3087 tribus
1024 3026 1096 3086 ede·

72 3121 157 3186 retur,
173 3111 227 3171 vix
242 3112 452 3172 recusandum.
481 3111 560 3170 XVI.
573 3109 624 3172 38.
638 3110 683 3171 'lu
698 3120 806 3181 autem,
820 3108 1003 3181 Laterensis,
1019 3125 1096 3183 quas

72 3195 163 3257 tribus
178 3193 322 3256 edidistir
343 3193 540 3264 Terentinam,
556 3194 658 3254 credo.
701 3193 768 3253 Fuit
779 3193 908 3254 eerteid
922 3209 1051 3268 aequum
1066 3201 1096 3255 et

70 3288 151 3340 corte
166 3286 375 3352 exspectatum
390 3285 438 3336 est
460 3285 490 3337 et
506 3274 560 3337 luit
581 3276 704 3350 dignum
719 3275 888 3336 constantia
903 3284 962 3336 tua.
985 3299 988 3305 ¹
1005 3274 1097 3336 Cuius

70 3361 211 3422 [utribus
229 3359 415 3421 venditorem
427 3367 457 3418 et
470 3368 678 3435 corruptorem
698 3366 728 3418 et
742 3367 931 3434 sequestrem
944 3356 1099 3421 Plancium
