2356 3854
314 208 758 274 cnP.4o-os.s.1oa-tor.
912 182 915 188 ¹
1009 217 1052 280 &3

54 381 71 422 r
86 360 283 435 contessiope
295 376 360 432 sua,
375 357 542 418 manifestis
558 359 587 417 in
602 361 759 421 maleficiis
774 372 891 425 tenetur
904 373 934 425 et
948 375 1050 430 manet
1073 420 1076 430 .

53 445 113 506 iam
127 459 164 504 ac
177 441 288 502 tacitus
306 443 384 502 iacta
399 457 518 507 mecum
533 457 589 501 sua
603 446 804 518 recognoscit.

105 524 176 588 105.
195 523 324 584 Nimium
339 523 411 584 mihi
423 524 475 584 diu
490 524 595 586 videor
611 525 641 584 in
656 543 717 587 uno
731 544 842 600 genere
859 531 975 592 versari
992 535 1048 595 cri-

53 611 146 671 inam.
174 607 295 679 Sentio,
317 606 450 679 iudices,
467 609 687 669 occurrendum
701 625 773 671 esse
788 612 917 674 satietati
931 615 1048 676 aurium

54 693 254 765 timoremque
267 697 444 751 vestrorum.
461 690 683 764 Quamobrem
694 695 786 752 multa
801 697 1047 769 praetermittam:

54 779 245 844 tesolatam,
261 789 340 847 quae
355 772 492 834 dicturus
510 791 592 847 sum,
608 775 723 835 reficite
739 792 809 847 vos,
826 793 955 850 quaeso,
971 781 1047 842 iudi·

54 877 85 934 ts,
107 874 164 934 per
191 857 267 916 deos
288 855 482 930 immortales,
503 873 557 918 eos
579 856 686 931 ipsos,
700 859 738 917 de
759 875 888 933 quorum
901 861 1048 936 religione

54 942 142 1002 mdiu
157 938 295 1011 dicimus,
312 939 384 999 dum
400 939 431 998 id
444 941 510 1000 eius
524 939 643 1001 lacinus
656 956 858 1002 commemoro
874 951 903 1002 et
913 946 1048 1019 protero,

54 1042 85 1087 ro
100 1021 260 1100 provincia
274 1030 337 1082 toto
350 1031 501 1083 commota
514 1031 570 1083 eet
601 1025 646 1084 De
661 1041 722 1098 quo
738 1022 765 1084 si
779 1027 880 1099 paullo
895 1027 983 1087 altius
998 1045 1047 1088 or-

54 1109 82 1168 ri
94 1124 131 1170 ac
145 1114 286 1182 repetere
303 1105 478 1166 memoriam
490 1105 645 1181 religionis
661 1106 805 1180 videbor,
818 1107 981 1182 ignoscite:
1001 1109 1047 1172 rei

54 1190 197 1267 agritudo
212 1204 261 1248 me
274 1188 406 1248 breviter
423 1191 625 1264 perstringere
642 1190 827 1252 atrocitatem
840 1191 972 1254 criminis
984 1211 1046 1255 non

54 1273 105 1334 nit
116 1271 247 1334 xnvtll.
265 1270 335 1333 lot.
347 1273 444 1332 Vetus
455 1280 504 1333 est
516 1273 593 1334 haec
608 1273 720 1348 opinio,
736 1273 863 1349 indices,
879 1293 957 1351 quae
972 1293 1044 1339 con-

54 1365 85 1416 at
95 1372 132 1417 ex
152 1354 372 1430 antiquissimis
391 1356 573 1416 Graecorum
588 1356 695 1418 litteris
711 1373 748 1417 ac
763 1359 979 1433 monumentis,
1001 1360 1045 1420 in-

54 1441 120 1500 tlam
139 1437 274 1500 Siciliam
294 1445 388 1499 totam
408 1454 478 1500 esse
502 1439 602 1500 cereri
625 1449 655 1501 et
674 1440 809 1503 Liberae⁴
825 1451 1044 1504 consecratam.

54 1539 87 1584 oc
103 1538 196 1598 quum
210 1529 349 1583 caeterae
366 1531 472 1596 gentes
484 1522 533 1582 sic
547 1522 741 1597 arbitrantur,
763 1533 824 1585 tum
839 1524 915 1599 ipsis
933 1526 1045 1588 Siculis

54 1622 64 1666 t
76 1621 256 1682 persuasam
272 1612 327 1678 est,
342 1604 419 1665 utin
433 1603 541 1666 animis
555 1605 792 1668 eoruminsitum
807 1615 897 1681 atque
911 1607 1045 1673 innatum

54 1704 93 1750 tse
104 1687 253 1750 videatur.
275 1687 350 1747 Nam
364 1696 393 1748 et
404 1696 490 1748 natas
507 1704 578 1749 esse
592 1689 648 1748 has
662 1689 693 1748 in
707 1687 751 1748 iis
762 1690 837 1749 locis
853 1691 927 1749 deas
942 1699 971 1750 et
984 1693 1045 1752 iru-

54 1789 77 1835 rs
89 1774 120 1832 in
136 1787 173 1832 ea
186 1779 267 1832 terra
282 1770 410 1846 primum
428 1779 566 1846 repertas
584 1787 655 1831 esse
677 1771 858 1831 arbitrantur
880 1780 909 1832 et
927 1782 1046 1848 raptam

54 1872 93 1916 tse
104 1853 261 1926 Liberam,
279 1870 374 1930 quam.
392 1854 529 1914 eamdem
542 1852 756 1927 Proserpinam
771 1862 894 1926 vocant,
911 1871 950 1914 ex
964 1856 1045 1916 Hen-

54 1938 160 2000 msium
174 1953 313 1998 nemore:
337 1935 388 2011 qui
410 1939 505 2006 locus,
516 1936 606 2011 ‘quod
622 1935 653 1995 in
668 1934 767 1996 media
782 1945 829 1997 est
842 1936 943 1999 insula
959 1939 1057 2014 situs,

54 2021 180 2083 nbilicus
193 2019 315 2081 Siciliae
326 2016 504 2081 nominatur.
527 2020 621 2094 Quam
632 2035 727 2094 quum
736 2019 919 2096 investigare
931 2030 960 2083 et
973 2039 1044 2083 con·

54 2105 143 2166 airere
157 2105 248 2165 ceres
265 2103 369 2175 vellet,
388 2101 498 2163 dicitur
516 2101 722 2177 inflammasse
738 2104 843 2164 taedas
861 2103 898 2165 iis
913 2104 1044 2181 ignibus,

54 2188 127 2248 aiex
141 2187 258 2248 Aetnae
276 2185 388 2246 vertice
403 2194 579 2261 emmpunt=
602 2203 679 2262 quas
695 2185 753 2247 sihi
768 2204 861 2261 quum
876 2187 944 2262 ipsa
957 2205 1043 2263 prae-

54 2271 238 2345 rretorbem
249 2285 368 2330 omnem
379 2283 560 2344 peragrasse
570 2278 725 2331 terrarum.
741 2267 809 2331 107.
817 2271 924 2330 Henna
934 2278 1043 2343 autem,

54 2355 74 2414 ui
88 2370 139 2427 ea,
161 2368 242 2430 quae
256 2352 340 2425 diro,
362 2361 449 2427 gesta
470 2369 541 2413 esse
555 2361 772 2423 memorantur,
788 2361 836 2413 est
852 2354 920 2412 loco
937 2369 1046 2429 perex-

54 2439 105 2499 elso
120 2444 212 2512 atque
228 2434 328 2507 edito,
353 2451 416 2510 quo
431 2434 462 2494 in
477 2451 596 2499 summo
613 2443 659 2496 est
674 2443 806 2510 aequata
822 2434 887 2510 agri
903 2437 1046 2510 planities
1099 2430 1120 2510 ,”

54 2535 165 2596 ‘aquae
180 2533 350 2595 peremnes,
362 2525 425 2580 tota
436 2534 507 2579 vero
525 2520 563 2580 ab
575 2518 656 2579 omni
670 2518 754 2579 aditu
765 2518 1047 2596 circumcisaatque

54 2600 206 2664 tractasse
223 2617 314 2676 quarn
321 2599 403 2662 cirea
413 2603 498 2663 lacus
506 2602 628 2677 lucique
639 2611 709 2663 sunt
714 2601 834 2677 plurimi
845 2611 936 2678 atque
943 2606 1046 2666 laetis<

55 2686 89 2746 mi
105 2685 199 2748 liores
214 2685 296 2744 omni
316 2692 453 2760 tempore
469 2685 555 2760 anui,
576 2687 663 2748 locus
687 2693 719 2747 ut
740 2684 808 2762 lpse
824 2694 943 2761 raptum
962 2687 1045 2748 illum

54 2767 160 2844 iginis,
184 2784 274 2844 quem
291 2766 350 2828 iam
364 2784 383 2827 a
399 2770 503 2844 pueris
519 2769 709 2844 accepimus,
726 2770 883 2830 declarare
897 2769 1042 2830 videatur.

54 2853 134 2913 tanim
148 2867 248 2928 prope
262 2859 309 2912 est
319 2853 466 2926 spelunca
476 2853 636 2928 quaedam,
648 2868 797 2912 conversa
811 2852 851 2911 ad
861 2850 1044 2924 aquilonem,

54 2934 134 2998 linita
147 2933 313 3007 altitudine,
325 2934 489 3009 qualiitem
501 2944 615 3010 patrem
626 2937 724 2997 ierunt
737 2941 864 3008 repente
876 2949 1044 2993 cumcurm

54 3019 174 3081 stitisse
184 3017 403 3093 abreptamque
415 3033 455 3076 ex
466 3034 504 3078 eo
511 3020 579 3079 loco
588 3018 734 3092 virginem
743 3032 848 3087 seeum
856 3023 1043 3088 asportasse,

54 3103 163 3164 :subito
178 3118 239 3162 non
253 3101 344 3176 longe
357 3117 375 3159 a
387 3099 548 3174 Syracusis
563 3110 741 3175 penetrasse
756 3099 813 3158 snb
825 3105 921 3156 terras
934 3097 1045 3158 lacum·

54 3199 81 3249 te
93 3186 124 3246 in
139 3202 178 3247 eo
194 3186 263 3246 loco
281 3190 408 3260 repente
422 3182 593 3242 exstitisse:
608 3181 661 3243 ubi
677 3185 780 3255 'usque
796 3179 835 3238 ad
850 3178 910 3239 hoc
924 3187 1044 3257 tempus

54 3267 208 3341 tracusani
228 3268 324 3328 festos
345 3266 411 3325 dles
426 3264 648 3325 anniversarios
670 3272 763 3339 agunt
785 3262 979 3325 celeberrimo
1001 3265 1044 3324 vi-

54 3363 120 3416 lmm
132 3350 354 3424 mulierumque
367 3357 526 3409 conventu.
541 3348 641 3408 xllx.
655 3347 781 3421 Propter
792 3343 880 3406 huius
892 3347 1048 3421 opinionis.
1132 3347 1139 3354 '

54 3442 216 3508 ltustatetn,
240 3433 325 3509 quod
345 3432 453 3493 horum
471 3429 510 3493 in
526 3431 574 3492 iis·
587 3430 664 3493 loeis
685 3427 819 3574 vestigeiaF
831 3443 867 3488 ac
882 3446 980 3504 prope
999 3429 1044 3489 in·
