2356 3854
337 168 419 228 cnr.
435 177 566 233 at—ne.
588 177 614 237 s.
629 181 759 249 ea-oo,
959 220 969 234 .
1001 181 1066 245 265

60 319 136 382 »eris
150 319 329 395 suffragium
344 321 511 388 lerentibus
524 329 571 381 est
581 331 729 396 rogatum,
744 333 777 385 ut
789 325 901 386 sedens
913 343 981 388 ourn
994 346 1064 403 pur·

60 422 107 469 tre
130 411 161 462 et
181 408 326 483 soaeptro¹
346 412 376 472 et
396 403 455 473 illis
477 403 649 478 insignibus⁴
668 406 761 480 regiis
781 410 923 482 praeconi
940 413 1067 487 publico

61 488 247 564 biieeretur,
272 495 302 549 et
315 486 483 562 imperante
498 489 613 562 populo
627 491 780 562 Romano,
805 493 856 565 qui
874 494 961 553 etiarn
984 497 1063 557 bello

60 572 120 632 rtis
135 570 261 644 regibus
276 587 370 646 regna
385 571 516 632 reddere
532 573 706 646 consuevit,
724 590 778 632 rex
793 576 910 643 enricus
924 579 1006 639 nulla
1019 581 1063 643 in-

60 657 102 721 ria
118 664 364 730 commemorata,
380 654 470 716 nullis
485 657 578 716 rebus
588 656 726 731 repetitis
741 672 807 716 oum
823 659 912 721 bonis
925 662 1063 724 omnibns

60 739 245 799 tbliearetur.
491 753 494 759 ’
940 745 943 751 “

110 823 234 885 XXVII.
246 819 296 891 58.
310 821 405 882 Multa
420 821 539 895 acerba,
554 822 651 882 multa
661 821 770 896 turpia,
786 824 878 890 multa
893 826 1064 888 turbulenta

60 904 134 966 ‚buit
148 905 199 965 ille
215 921 327 965 annus:
349 913 449 964 lernen
464 905 506 967 illi
522 905 646 978 sceleri,
666 906 749 980 quod
767 906 796 964 in
812 923 861 966 me
876 908 994 968 illorum
1009 911 1062 971 irn-

60 989 158 1050 unitas
170 988 280 1061 edidit,
297 988 380 1049 haud
393 988 458 1055 seio
470 1005 508 1047 an
520 998 603 1049 reete
614 989 674 1048 hoe
686 989 857 1063 proximum
871 1007 942 1053 esse
954 991 1062 1053 diuam.

60 1072 211 1143 ntioehum
223 1071 367 1147 Magnum
381 1071 465 1133 illurn
480 1071 612 1134 maiores
623 1074 718 1133 nostri
733 1090 842 1148 magna
856 1075 1062 1137 helli'oonten-

60 1172 109 1233 ipe
122 1166 204 1218 terra
218 1157 356 1230 marique
371 1163 546 1230 superatum
560 1155 638 1217 intra
649 1165 781 1219 montem
792 1159 921 1223 Taurum
933 1175 1063 1234 regnare

60 1249 197 1307 ssepuntz
221 1239 340 1311 Asiam,
360 1257 420 1313 qua
433 1239 514 1299 illurn
527 1242 724 1313 mulctarunt,
741 1243 857 1314 Attalo,
872 1248 905 1302 ul
915 1242 942 1303 is
952 1261 1061 1320 regne-

60 1331 77 1383 t
93 1321 124 1382 iu
143 1340 196 1394 ea,
220 1325 486 1384 condonaverunt..
526 1325 598 1385 Cum
611 1325 824 1386 Armeniorum
844 1342 916 1401 rege
933 1328 1061 1402 Tigrane

60 1422 121 1467 'ave
132 1408 245 1477 bellurn
262 1407 553 1482 perdiuturnumque
568 1409 736 1483 gessimus,-
762 1427 854 1484 quum
876 1411 925 1471 ille
942 1412 1060 1475 iniuriis

74 1491 177 1556 socios
190 1498 314 1551 nostros
329 1491 494 1551 inserendis
510 1492 590 1552 bello
606 1509 703 1569 prope
717 1509 776 1553 nos
789 1494 975 1556 lacessisset.
1003 1497 1060 1557 Hio

70 1573 138 1648 ipse
153 1591 258 1650 perse
274 1574 438 1637 vehemens
457 1576 511 1639 luit
527 1585 557 1635 et
572 1577 751 1636 acerrimum
766 1577 886 1639 hostem
899 1579 990 1641 huius
1005 1581 1060 1640 im-

60 1658 104 1718 erii
123 1657 326 1719 Mithridatem
351 1662 472 1734 pulsum
488 1659 583 1718 Ponto
607 1660 719 1733 opibus
742 1653 807 1719 suls
828 1677 986 1736 regnoque
1007 1665 1059 1740 de·

60 1741 136 1814 ndit,
157 1751 186 1802 et
201 1759 220 1802 a
233 1743 267 1807 L,
283 1743 425 1814 Lucullo,
443 1758 561 1809 summo
580 1742 646 1801 viro
665 1751 757 1816 atque
774 1743 973 1816 imperatore,
992 1747 1059 1820 pul-

60 1842 97 1898 is,
113 1825 213 1895 anirno
228 1834 329 1896 tomen
345 1825 446 1885 hostili
462 1842 530 1887 cum
546 1825 673 1900 reliquis
689 1824 786 1898 copiis
803 1825 868 1887 suis
883 1827 914 1885 in
933 1827 1060 1900 pristine

60 1918 125 1970 ente
140 1910 259 1973 mansit.
288 1910 375 1968 Hune
392 1907 442 1969 Cn.
454 1908 617 1983 Pompeius
630 1926 723 1982 quum
738 1909 768 1968 in
785 1908 849 1969 suis
864 1909 970 1969 eastris
986 1928 1059 1986 sup-

60 1992 135 2054 ioem
151 1994 299 2063 abiectum
314 1992 455 2063 vidisset,
475 1994 571 2057 erexit
584 2000 677 2067 alque
690 1991 811 2066 insigne
825 1993 956 2067 regium,
974 1995 1059 2069 quod

60 2092 75 2143 e
96 2079 135 2137 de
151 2093 207 2137 suo
223 2076 322 2151 eapite
343 2076 518 2147 abiecerat,
540 2076 679 2151 reposuit
700 2084 730 2136 et
750 2077 841 2137 uertis
856 2078 947 2137 rebus
963 2077 1058 2152 impe-⁸

60 2160 97 2228 tis
111 2177 242 2234 regnare
255 2160 357 2231 iussit,
374 2177 431 2220 neo
446 2159 545 2224 minus
562 2168 591 2221 et
606 2160 664 2220 silui
678 2169 708 2221 et
721 2159 791 2221 huic
806 2159 932 2235 irnperio
946 2161 1057 2234 glorio·
1140 2154 1150 2177 ’

60 2260 92 2311 lm
108 2243 224 2318 putavit
239 2245 463 2308 coustitutuma
478 2261 512 2303 so
522 2259 625 2317 regom
640 2261 730 2318 quarn
742 2245 938 2305 constrictum
949 2245 1056 2304 videri.

60 2327 75 2386 l.
97 2327 243 2402 Tigranes
263 2327 360 2402 igitur,
379 2329 430 2402 qui
448 2327 560 2402 etipse
577 2328 675 2389 hostis
693 2327 748 2390 luit
764 2329 869 2402 populi
883 2328 1011 2388 Romani
1027 2337 1059 2388 et

60 2411 204 2471 errimum
216 2411 336 2471 hostem
348 2414 376 2470 in
390 2428 517 2487 rognum
531 2412 656 2486 recepit,
672 2411 724 2487 qui
740 2410 886 2484 conflixit,
902 2411 953 2485 qui
969 2411 1057 2486 signa
1146 2423 1153 2433 ¹

60 2495 165 2569 ptulit,
181 2495 234 2569 qui
249 2496 287 2562 de
301 2495 429 2570 imperio
442 2511 539 2570 paene
555 2495 694 2569 certavit,
710 2503 816 2569 regnat
830 2493 922 2555 hodie
937 2503 967 2556 et
982 2496 1053 2556 arni-

60 2577 113 2643 iae
128 2594 240 2644 nomon
258 2593 294 2645 ae
310 2580 481 2653 societatis,
503 2579 692 2653 quodannis
708 2579 849 2648 violarat,
864 2575 1056 2655 idpreoilius

61 2669 286 2728 toonseuutusa
304 2662 355 2723 ille
369 2663 499 2738 Cyprius
512 2663 613 2734 miser,
633 2662 684 2737 qui
700 2678 822 2736 semper
834 2663 958 2735 amiens,
977 2679 1055 2722 sern-

60 2762 79 2809 ιι
94 2745 199 2814 soeius
221 2745 290 2818 lull,
316 2747 436 2820 dequo
458 2746 540 2807 nulla
558 2763 703 2822 umquam
724 2745 860 2819 suspicio
884 2746 988 2804 durior
1005 2753 1058 2805 aut

60 2863 62 2895 ι
78 2837 218 2896 senatum
235 2831 341 2891 autad
357 2832 557 2904 imperatores
573 2831 673 2912 adlata
688 2838 811 2890 nostros
826 2836 887 2900 est,
902 2829 1007 2900 vivus,
1023 2835 1058 2885 ut

60 2923 121 2987 ml,
138 2922 232 2975 estet
247 2914 354 2975 videns
370 2930 438 2973 oum
451 2913 535 2973 victu
549 2929 584 2972 ae
601 2913 712 2974 vestitu
729 2927 785 2972 suo
801 2909 982 2986 publicatus.
1003 2909 1056 2970 En

60 3015 75 3056 r
94 2996 208 3059 caeteri
228 3013 319 3071 reges
342 2996 479 3058 stabilem
497 3012 569 3057 esse
593 3012 679 3056 suam
701 2997 851 3054 lortunam
867 2993 1056 3064 arbitrentur,

60 3098 118 3143 ,ιιιιι
133 3081 192 3141 hoe
207 3079 287 3145 illius
304 3081 415 3146 funesti
431 3080 502 3138 anni
517 3079 636 3153 prodito
652 3079 793 3150 exemplo
807 3075 928 3135 videant
939 3092 994 3149 per
1005 3074 1056 3135 tri·

61 3181 137 3227 uum
159 3164 291 3239 aliquem
313 3172 343 3224 ot
363 3171 521 3224 sescentas
543 3177 654 3236 operas
678 3177 714 3221 se
731 3158 861 3220 fortunis
882 3158 1008 3232 spoliari
1026 3167 1057 3218 et

60 3265 118 3324 ano
135 3248 219 3309 omni
234 3254 333 3322 posse·
347 3247 470 3307 nudarit

104 3331 240 3395 XXVlll.
255 3329 306 3391 60.
326 3333 367 3391 At
381 3330 471 3391 etiarn
483 3346 520 3391 eo
533 3325 661 3402 negocio
673 3328 713 3389 M.
727 3325 850 3386 Catonis
861 3326 1065 3402 splendorem

60 3417 177 3493 toulare
200 3414 375 3487 voluerunt,
402 3412 499 3487 ignari
524 3411 597 3486 quid
620 3412 771 3486 gravitas,
796 3410 869 3485 quid
889 3410 1066 3486 integritas,-
