2356 3854
354 173 435 232 car>
451 181 582 235 n-ra
608 179 634 239 s
651 181 783 239 ιιι-ιι.
954 146 963 161 ’
1018 178 1082 244 aoo

50 341 131 402 quos
147 320 258 385 videtis
273 332 359 384 veste
377 331 512 384 mutatat
516 322 622 419 Atqui
638 324 714 385 haec
729 334 800 387 sunt
812 324 936 403 indicia,
951 329 1079 405 iudices,
1142 344 1147 354 ·

50 407 148 470 solido
170 398 202 468 et¹
222 422 382 482 expressa,
400 407 477 468 baec
498 406 586 482 signa
599 408 757 482 probitatis
774 426 834 470 non
850 412 951 472 locata
964 415 1081 476 lorensi

50 489 238 568 specie„sed
253 491 452 551 domesticis
444 500 546 551 musta
560 489 640 551 notis
654 490 800 553 veritatis.
841 494 952 556 Facilis
968 507 1017 560 est
1029 498 1082 560 illa

50 573 221 636 occursatio
239 583 270 635 et
282 573 426 634 blanditia
442 574 615 649 popularis:
637 575 799 650 aspicitur,
814 594 876 638 non
891 587 1080 642 attrectatum

50 659 156 735 procul
174 665 318 733 apparet,
334 674 395 718 non
410 659 575 731 excutitur,
597 673 660 718 non
680 658 711 717 in
726 675 835 721 manus
850 662 986 724 sumitur.
1029 665 1080 726 30.

50 740 195 802 bmnibus
209 740 299 816 igitur
308 741 402 802 rebus
417 749 554 802 ornatum
572 740 738 813 hominem,
760 759 822 816 qua
845 746 996 820 externis,
1019 765 1081 823 qua

50 823 234 899 domesticis,
248 824 413 885 nonnullis
429 823 703 886 rebusinleriorem
716 842 805 899 quam
820 835 859 900 le,
876 831 998 902 generis
1008 831 1078 892 dico

50 919 75 971 at
99 907 242 982 nominis,
271 908 461 984 superiorem
488 908 570 981 aliis,
596 907 796 984 municipum,
819 909 1002 987 vicinorum,
1028 930 1080 974 so·

50 995 188 1054 :ietatum
203 991 316 1065 studio,
327 1006 462 1052 meorum
475 1001 647 1067 temporum
663 992 824 1068 memoria,
841 1010 944 1069 parem
960 995 1080 1072 virtute,

50 1074 225 1161 ntegriute,
241 1074 392 1137 modestia
406 1075 536 1135 aedilem
550 1076 661 1135 lactum
676 1091 747 1136 esse
764 1075 904 1138 miraris?
986 1120 991 1128 .

105 1160 196 1219 Hunc
213 1167 247 1219 ιιι
261 1158 343 1219 vitae
364 1159 559 1234 splendorem
582 1158 709 1220 maculis
729 1159 870 1236 aspergis
890 1160 978 1222 istist
1001 1162 1080 1223 lacis

50 1241 209 1315 idulteria,
231 1258 312 1317 quae
331 1256 421 1319 nemo
436 1259 497 1303 non
515 1243 606 1304 modo
624 1241 761 1317 nomine,
775 1245 832 1304 sed
847 1261 886 1305 ne
901 1243 1079 1341 suspicione

50 1326 168 1403 quidem
179 1327 280 1401 possit
290 1327 468 1400 agnoscere.
489 1322 665 1387 Bimaritum
679 1328 827 1402 appellas,
841 1336 875 1389 ut
887 1330 980 1389 verba
989 1326 1079 1390 etiarn

50 1411 153 1485 lngus,
169 1426 230 1470 non
243 1411 342 1470 solum
353 1408 488 1469 crimina.
509 1410 637 1470 linctum
652 1425 724 1471 esac
737 1411 776 1471 ab
786 1427 829 1472 eo
844 1409 874 1471 in
889 1412 1079 1487 provinciam

50 1576 352 1638 tituminmaledioto
364 1576 565 1636 mendacium.
588 1578 717 1652 Raptam
728 1593 799 1637 asse
810 1579 978 1638 mimulam:
995 1579 1080 1654 quod

50 1659 156 1721 licitur
169 1659 281 1722 Atinae
301 1660 412 1720 iactum
435 1676 454 1719 a
470 1661 626 1721 iuventute
646 1669 751 1720 vetere
767 1660 899 1732 quodam
915 1660 946 1720 in
961 1661 1079 1721 scaeni-

50 1759 97 1806 tos
111 1743 180 1803 iure
194 1741 388 1818 maximeque
403 1742 571 1817 oppidano.
614 1738 665 1802 31.
680 1738 710 1801 -0
725 1741 962 1803 adolescentiam
979 1744 1083 1804 tradu-

50 1835 119 1890 tam
136 1829 304 1901 elegantert
323 1825 372 1886 cui
386 1825 509 1900 quidem
524 1840 616 1900 quum
627 1822 711 1898 quod
725 1823 843 1883 licuerit
853 1822 1022 1899 obiiciatur,
1034 1834 1080 1886 ta-

50 1927 112 1972 nco
126 1909 159 1970 id
174 1909 275 1986 ipsum
291 1910 400 1969 laisum
413 1907 592 1984 reperiatur.
602 1906 791 1967 -llmissus
803 1905 897 1982 aliqui
912 1923 930 1966 e
946 1923 1080 1968 carcerc.

50 2029 87 2042 -
96 1994 137 2055 Et
145 1992 269 2068 quidem
285 1992 418 2053 emissus
433 2007 488 2067 per
502 1990 744 2067 imprudentiam,
759 1989 905 2064 emissus,
917 2000 951 2053 ut
965 2007 1081 2067 cogno·

50 2077 112 2150 llis,
133 2076 301 2139 necessarii
314 2074 446 2137 hominis
458 2074 625 2152 optimique
639 2072 845 2145 adolescentis
859 2083 983 2150 rogatus
998 2075 1080 2136 idem

50 2169 153 2237 postea
173 2159 401 2236 praemandatis
421 2159 598 2235 requisitus.
642 2159 744 2234 Atque
764 2157 841 2219 llaec
863 2174 922 2219 nec
942 2160 1004 2220 ullo
1020 2161 1079 2219 alia

50 2254 114 2306 tunt
129 2243 269 2305 coniecta
284 2243 445 2305 maledicta
461 2242 492 2302 in
510 2242 577 2303 eius
593 2240 700 2315 vitam,
715 2242 754 2302 de
769 2242 856 2304 cuius
872 2259 931 2303 vos
948 2242 1079 2317 pudore,
1126 2308 1131 2316 .

50 2326 199 2402 eligione,
216 2325 386 2402 integritate
397 2325 550 2387 dubitetis.
571 2326 648 2386 Xlll.
669 2325 756 2403 Pater
767 2343 850 2399 vero,
868 2324 973 2399 lnquit,
985 2324 1079 2386 ctiam

50 2410 155 2471 >besse
170 2410 234 2470 filio
249 2410 348 2471 debet.
383 2410 406 2470 0
421 2420 529 2471 vocem
544 2412 650 2471 duram
667 2417 760 2485 atque
773 2409 932 2484 indignam·
943 2417 995 2470 tua
1006 2424 1076 2483 pro-

50 2494 150 2568 bilate,
167 2493 357 2554 Laterensis!
379 2493 467 2555 Pater
480 2493 558 2555 utin
573 2492 686 2554 iudicio
699 2492 824 2588 capitis,
839 2500 925 2568 pater
936 2501 969 2553 ιιι
986 2491 1016 2552 in
1032 2491 1077 2552 di·

50 2577 207 2638 micatione
221 2577 427 2675 fortunarum,
444 2586 532 2652 pater
552 2585 585 2638 ut
598 2577 680 2654 apud
694 2578 772 2637 tales
782 2575 870 2638 viros
887 2576 1000 2638 obesse
1014 2574 1078 2636 filio

50 2662 177 2722 lebeatt
195 2659 249 2758 qui
269 2660 296 2721 si
317 2668 402 2722 esset
424 2660 634 2737 turpissimus,
658 2658 686 2722 si
707 2659 957 2735 sordidissimus,
979 2667 1078 2720 umen

50 2761 110 2821 pso
126 2743 250 2806 nominc
266 2744 364 2820 patrio
379 2744 496 2804 valeret
515 2745 599 2820 apud
620 2747 784 2806 clementes
805 2744 923 2806 iudices
944 2751 974 2804 et
987 2745 1078 2802 mise

50 2827 197 2889 ricordes=
212 2827 361 2902 valeret,
352 2843 486 2902 mquam,
501 2827 652 2888 communi
665 2843 759 2889 sensu
771 2829 904 2889 omnium
919 2835 950 2887 et
964 2823 1077 2886 dulcis-

50 2910 120 2973 tima
146 2912 410 2972 commendatione
424 2918 568 2972 naturae·
609 2909 660 2972 32.
676 2911 739 2971 Sed
759 2928 852 2985 quum
868 2910 913 2971 sit
922 2910 975 2969 Gn.
990 2909 1077 2966 Plan-

50 2995 108 3057 cius
133 2995 162 3056 is
183 3011 279 3071 eques
298 2996 470 3067 Romanus,
490 3009 527 3053 ea
546 2993 676 3069 primum
691 3001 841 3054 velustate
856 2992 1009 3068 equestris
1023 3006 1077 3050 no-

50 3079 150 3150 minis,
166 3087 200 3140 nt
212 3087 317 3155 pater,
332 3087 366 3138 ιιι
381 3095 468 3152 avus,
482 3084 516 3137 ut
530 3076 661 3138 maiores
675 3077 742 3137 eius
758 3092 865 3137 omnes
882 3073 1003 3150 equites
1017 3073 1078 3134 lto

50 3162 124 3224 nani
145 3163 273 3237 luerint,
289 3178 439 3222 summum
465 3160 495 3220 in
513 3161 706 3236 praefectura
720 3159 936 3221 florentissima
951 3158 1078 3232 gradum

50 3244 194 3311 tenuerint
204 3256 234 3308 et
251 3245 405 3323 dignitatis
416 3253 446 3306 et
456 3243 585 3320 gratiaez
601 3242 713 3304 deinde
730 3253 764 3304 ιιι
780 3242 848 3318 ipse
863 3243 892 3302 in
906 3239 1077 3316 legionibus

50 3328 69 3391 l.
84 3331 189 3405 crassi
199 3329 394 3408 imperatoris
408 3328 486 3390 inter
497 3326 709 3389 ornatissimos
722 3325 872 3400 homines,
887 3326 1006 3403 equitas
1017 3326 1077 3386 Ro·

50 3429 167 3488 uanos,
190 3432 308 3476 summo
330 3414 495 3491 splendore
516 3411 619 3474 luerita
646 3419 680 3472 ut
699 3419 809 3489 postea
828 3409 973 3487 princeps
997 3408 1078 3471 inter

1064 3594 1116 3632 ,Δ
