2356 3854
338 187 566 251 curso-m.
588 195 760 254 scs-u.
852 148 859 167 ’
1005 193 1067 260 aot

72 356 203 413 nesse,
225 354 459 399 carerersensur
488 341 613 400 atterum
631 339 721 419 etiarn
738 342 918 416 optandum,
941 346 1066 408 metiore

72 440 105 485 se
124 438 231 483 sensu.
276 419 327 484 48.
349 421 503 496 Denique,
524 440 615 497 quum
632 423 732 483 omnia
748 440 869 500 semper
885 427 924 485 ad
939 428 1067 503 dignita·

72 522 94 566 n
110 505 297 568 rettulissem
311 520 368 564 nec
383 505 448 567 sine
465 521 502 565 ea
520 505 685 580 quidquam
700 509 905 582 expetendum
926 526 997 571 esse
1012 512 1066 573 ho·

72 589 108 649 ‚ni
119 590 152 648 in
164 588 224 648 vita
236 595 407 661 putassem,
424 597 564 662 mortem,
581 605 675 663 quarn
683 588 773 649 etiam
786 592 917 666 virgines
928 594 1066 668 Athenis,

72 673 133 744 gis,
152 671 276 747 opinor,
297 670 458 731 Erechthei
476 670 570 745 iiiiae,
594 689 649 746 pro
668 672 765 746 patria
781 675 1004 748 contempsisse
1022 679 1067 739 di-

72 763 160 826 ntur,
176 770 236 828 ego
251 753 296 812 vir
307 753 477 815 consuturis
493 755 583 815 tantis
593 755 686 816 rebus
698 754 793 829 gestis
806 756 962 816 timerem?
978 776 1065 834 prae·

71 839 139 899 ntim
155 853 246 912 quum
261 836 329 898 eius
343 853 446 897 essem
461 838 604 908 civitatis,
622 855 663 898 ex
678 855 736 912 quo
753 838 784 897 C.
799 839 918 900 Mucius
934 843 1019 902 solus
1035 844 1066 903 in

71 930 137 981 astra
150 920 324 980 Porsennae
340 919 476 981 venisset
492 938 623 997 eumque
643 921 813 982 interficere
833 923 991 997 proposita
1009 924 1067 984 sibi

71 1013 133 1065 torte
149 1012 277 1065 conatus
292 1013 389 1064 esset:
418 1019 457 1062 ex
473 1021 533 1078 qua
545 1005 576 1063 P.
592 1005 703 1064 Decius
720 1005 848 1079 primum
870 1014 972 1080 pater,
996 1015 1068 1081 post

71 1081 153 1161 tquot
165 1103 265 1146 annos
280 1087 377 1162 patria
391 1085 500 1146 virtute
516 1089 671 1162 praeditus
688 1088 769 1148 iilius
781 1105 815 1148 se
827 1105 864 1148 ac
876 1088 966 1149 vitam
980 1106 1067 1150 suam

71 1177 183 1233 struma
203 1169 270 1231 acie
296 1187 350 1244 pro
373 1171 471 1230 sainte
492 1172 596 1245 popuii
614 1171 742 1230 Romani
764 1170 952 1246 victoriaque
973 1174 1067 1233 devo·

71 1247 148 1313 isset:
157 1269 205 1314 ex
218 1269 278 1328 qua
289 1253 525 1314 innumerabiles
539 1254 590 1313 aiii
604 1254 712 1328 partim
726 1254 944 1329 adipiscendae
952 1256 1067 1330 dandis,

71 1335 147 1396 trtim
164 1336 307 1397 vitandae
326 1336 520 1411 turpitudinis
537 1353 639 1415 *causa
661 1345 788 1398 mortem
812 1338 957 1399 invariis
978 1339 1067 1399 bellis
1131 1403 1134 1411 ,

71 1419 231 1492 tqnissimis
251 1419 360 1480 animis
381 1419 585 1494 oppetissent=
612 1422 641 1479 in
665 1406 726 1497 qud
744 1420 864 1481 civitate
879 1421 948 1497 ipse
963 1422 1067 1482 memi-

70 1513 151 1563 ssem
171 1512 288 1578 patrem
308 1503 398 1564 huius
412 1504 453 1562 Μ.
471 1502 587 1577 Crassi,
614 1503 812 1565 fortissimum
826 1504 941 1578 virum,
967 1522 1007 1564 ne
1023 1506 1066 1564 vi-

70 1594 123 1647 aet
135 1585 282 1648 victorem
296 1587 384 1646 vivus
401 1585 569 1658 inimicum,
596 1588 704 1646 eadem
726 1588 783 1646 sihi
799 1604 891 1647 manu
909 1587 1000 1647 vitam
1013 1604 1066 1648 ex·

70 1669 193 1743 misse,
211 1685 273 1744 qua
287 1678 414 1730 mortem
430 1685 524 1744 saepe
537 1668 678 1729 hostibus
693 1669 863 1731 obtulisset.

118 1753 209 1814 xxti.
224 1753 276 1814 49.
298 1754 381 1815 Haeo
397 1768 455 1826 ago
470 1760 500 1811 et
513 1753 606 1811 muita
619 1752 679 1811 alia
693 1752 830 1825 cogitans
845 1752 905 1812 hoc
915 1749 1065 1823 videbam,
1142 1802 1147 1814 .

70 1846 199 1897 eausam
211 1835 363 1911 publicam
378 1850 445 1894 mea
455 1851 538 1895 mors
550 1833 745 1908 peremisset,
761 1833 911 1894 neminem
923 1850 1067 1908 umquam

70 1928 104 1978 te
123 1919 176 1995 qui
195 1920 322 1979 auderet
344 1916 502 1992 suscipere
524 1925 629 1978 contro
653 1918 810 1993 improbos
832 1916 915 1979 cives
940 1919 1067 1977 salutem

70 1994 77 2053 ἰ
97 2003 244 2077 publicae.
285 2003 390 2076 Itaque
411 2017 472 2062 non
488 2001 587 2060 solum
604 2000 631 2060 si
648 2001 678 2059 vi
693 2000 881 2074 interissem,
907 1999 1067 2061 sedetiam

82 2087 191 2147 morbo
212 2085 380 2146 exstinctus
400 2098 517 2156 essem,
544 2085 610 2146 iore
624 2085 767 2159 putabam
784 2093 818 2145 ut
834 2086 1007 2159 exemplum
1023 2084 1067 2143 rei

69 2160 177 2230 unae
201 2168 433 2231 conservandae
457 2182 576 2227 meeum
598 2167 687 2229 simul
706 2169 849 2229 interiret.
891 2169 963 2242 Quis
987 2166 1067 2225 enim

70 2260 179 2327 aquam
193 2268 243 2312 me
262 2269 282 2312 a
299 2261 406 2313 senatu
422 2249 600 2327 populoque
615 2251 752 2310 Romano
766 2259 849 2311 tanto
866 2251 999 2310 omnium
1012 2249 1067 2307 bo·

69 2344 145 2399 'Pum
156 2335 257 2397 studio
270 2351 331 2395 non
342 2336 495 2405 restituto,
513 2335 595 2407 quod
611 2343 707 2406 certe,
726 2335 751 2392 si
766 2349 868 2394 essem
881 2333 1067 2404 interiectus,

70 2417 177 2501 ejdem
197 2435 259 2478 non
280 2419 445 2494 potuisset,
471 2419 562 2477 uliam
581 2417 627 2477 rei
642 2416 781 2491 publicae
797 2426 912 2491 partem
927 2431 995 2476 cum
1011 2431 1068 2474 sua

69 2501 159 2565 mima
174 2501 288 2565 invidia
302 2502 429 2563 auderet
444 2501 612 2575 attingeret
642 2498 769 2561 Servavi
784 2499 874 2574 igitur
891 2516 956 2560 rem
969 2498 1068 2575 publi-

69 2591 109 2645 m
124 2586 264 2647 discessu
284 2602 368 2658 meo,
392 2584 524 2644 iudices:
549 2585 674 2644 caedem
690 2599 710 2642 a
724 2583 814 2643 vobis
835 2583 1001 2658 liberisque
1016 2597 1067 2640 ve-

69 2662 126 2741 ris,
141 2669 329 2741 vastitatem,
346 2668 500 2739 incendia,
517 2666 641 2742 rapinas
656 2682 724 2726 meo
738 2666 843 2727 dolore
857 2669 1000 2741 luctuque
1015 2665 1068 2724 de·

69 2745 120 2825 tii,
143 2760 173 2814 et
187 2769 267 2815 uuus
279 2752 327 2813 bis
337 2768 400 2812 rem
412 2751 565 2826 publicam
577 2749 712 2821 servavi,
728 2751 822 2809 semel
833 2751 945 2824 gloria,
960 2748 1068 2808 iterum

70 2840 270 2899 Pumnamea.
290 2837 397 2909 Neque
409 2835 488 2893 enim
500 2833 529 2893 in
541 2833 600 2892 hoo
612 2848 660 2890 me
670 2831 823 2895 hominem
834 2848 906 2892 esse
917 2829 1069 2889 infitiabor

68 2925 197 2995 tictuum,
221 2928 254 2979 ut
267 2935 315 2979 me
330 2917 443 2992 optimo
465 2918 569 2988 fratre,
593 2912 760 2975 carissimis
780 2913 900 2988 liberis,
921 2911 1069 2972 fidissima

68 3001 182 3078 ningo,
205 3011 308 3063 vestro
324 3007 506 3073 conspectu,
531 2997 642 3072 patria,
666 2996 727 3055 hoc
743 2995 870 3057 honoris
890 2995 986 3070 gradu
1001 2993 1070 3051 sine

68 3076 144 3147 tlora
159 3086 297 3147 caruisse
311 3083 430 3160 glorier.
463 3081 550 3154 Quod
563 3080 590 3140 si
606 3078 764 3149 iecissem,
782 3078 865 3152 quod
880 3094 899 3136 a
914 3092 961 3134 me
975 3076 1069 3134 bene·

68 3161 140 3231 *nm
153 3169 323 3240 haberetis,
340 3182 432 3242 quum
449 3181 504 3240 pro
518 3162 606 3224 vobis
619 3176 671 3235 ea,
689 3168 768 3234 quae
782 3158 855 3224 mihi
870 3166 975 3219 assent
989 3157 1067 3232 viiio,

68 3236 253 3328 {tutassent
270 3253 336 3312 Hoc
352 3266 419 3309 meo
434 3247 554 3322 quidem
567 3246 665 3306 animo
679 3240 789 3304 summi
800 3240 831 3301 in
847 3242 973 3316 patriam
985 3257 1068 3302 amo-

68 3337 78 3379 *
100 3337 156 3397 mei
168 3335 292 3410 signum
313 3350 384 3395 esse
401 3333 492 3392 debet
509 3328 725 3401 certissimum,
747 3325 831 3400 quod
848 3342 940 3400 quum
958 3325 1068 3386 abesse

68 3432 72 3457 ·
90 3432 128 3479 ea
138 3418 205 3480 sine
217 3433 336 3479 summo
347 3417 454 3479 dolore
466 3429 526 3475 non
538 3427 678 3488 possem,
693 3411 774 3469 hunc
786 3422 835 3469 me
847 3409 965 3484 perpeti
978 3424 1069 3484 quam

1132 3518 1139 3529 1
