2356 3854
81 166 144 233 286
366 165 441 226 PRO
461 165 493 225 P.
516 163 648 224 SESTIO
670 163 823 222 ORATIO.

165 319 239 376 LIV.
262 314 332 378 115.
353 316 519 376 Veniamus
530 315 569 374 ad
585 315 683 377 ludos.
703 313 788 374 Facit
801 313 899 388 enim,
915 313 1038 386 iudices,
1049 331 1089 375 vc·

84 411 148 462 ster
163 400 221 460 iste
237 399 266 457 in
288 415 337 458 me
358 399 526 460 animorum
546 401 765 472 oculorumque
788 399 962 470 coniectus,
983 406 1015 457 ut
1033 397 1088 457 mib'

83 485 141 543 iam
157 482 247 542 licere
266 491 367 556 putem
382 481 556 542 remissiore
570 483 612 541 uti
627 497 738 555 genere
753 481 887 540 dicendi.
914 480 1090 541 Comitiorum

84 575 114 626 et
128 565 302 626 contionum
317 564 555 638 significationes
573 566 721 623 interdum
738 579 829 624 verae
844 573 930 638 sunt,
945 580 1006 622 non
1022 578 1090 623 num

84 665 175 723 quam
189 647 307 707 vitiatae
319 657 411 722 atque
422 657 598 722 corruptae:
616 647 778 707 theatrales
789 646 1023 721 gladiatoriique
1033 662 1091 705 con·

84 748 192 791 sessus
204 731 343 791 dicuntur
358 733 479 791 omnino
495 732 595 790 solere
608 730 728 789 levitate
743 744 804 787 non
820 731 973 790 nullorum
987 725 1090 803 emptos

84 816 211 888 plausus
229 813 324 873 exiles
341 822 371 873 et
384 829 470 872 raros
486 814 627 872 excitare.
653 815 699 870 Ac
713 820 812 871 tamen
831 814 921 872 laeile
935 819 999 885 est,
1015 826 1090 886 quun

32 918 36 929 ¹
83 896 115 956 id
133 896 179 968 tlt,
206 914 295 971 quem
310 898 482 955 admodum
503 904 533 955 et
546 912 564 954 a
577 896 687 971 quibus
703 895 796 955 dalet
811 895 884 970 quid
901 895 1019 970 integra
1031 895 1090 953 mul·

82 980 181 1039 'titudo
197 980 287 1039 iaciat
303 979 413 1038 videre.
454 979 531 1052 Quid
546 994 603 1052 ego
618 994 698 1036 nunc
715 978 813 1036 dicam
837 978 951 1052 quibus
966 977 1038 1038 viris
1051 983 1090 1035 ant

16 1052 21 1068 ’
85 1062 135 1121 cui
150 1062 254 1137 generi
269 1061 377 1143 civium
395 1062 524 1120 maxime
541 1062 763 1136 applaudaturt
794 1061 952 1121 Neminem
973 1068 1089 1120 vestran

75 1145 167 1205 ‘lallit
195 1145 240 1205 Sit
253 1145 311 1203 hoc
327 1160 401 1203 sane
415 1146 497 1216 leve,
515 1145 598 1218 quod
615 1160 674 1202 non
691 1142 731 1203 ita
746 1150 807 1215 est,
829 1143 974 1218 quoniam
992 1143 1089 1218 optimo

86 1228 197 1301 cuique
212 1227 393 1300 impertitur,
409 1229 479 1296 sed,
496 1227 522 1285 si
537 1235 583 1286 est
599 1228 678 1298 leve,
695 1225 809 1285 bomini
823 1227 909 1299 gravi
923 1227 993 1284 leve
1003 1233 1057 1295 est,
1069 1223 1089 1282 ei

86 1326 175 1378 vero,
204 1309 255 1382 qui
272 1309 385 1383 pendet
399 1311 492 1368 rebus
506 1308 685 1380 levissimis,
709 1310 760 1382 qui
782 1324 904 1368 rumore
924 1319 970 1379 et,
994 1315 1026 1368 ut
1044 1305 1090 1382 ipsi

85 1393 266 1465 loquuntur,
283 1392 387 1450 lavore
399 1393 506 1466 populi
520 1399 637 1450 tenetur
648 1399 678 1451 et
692 1392 818 1464 ducitur,
833 1392 974 1466 plausum
987 1390 1091 1451 immor·

85 1475 242 1545 talitatem,
268 1473 386 1533 sibilum
410 1482 536 1533 mortem
557 1473 653 1532 videri
674 1489 803 1534 necesse
824 1482 880 1533 est.
917 1471 989 1534 116.
1010 1472 1091 1531 Exta

86 1556 189 1630 igitur,
213 1556 341 1628 Scauro,
363 1557 553 1632 potissimum
579 1573 708 1629 quaero,
731 1556 783 1631 qui
803 1557 893 1615 ludos
907 1555 1091 1631 apparatissi-

85 1656 152 1699 mos
167 1639 543 1714 magnificentissimosque
567 1639 679 1711 iecisti,
705 1640 811 1713 ecquis
830 1638 960 1699 istorum
980 1639 1092 1714 popula-

85 1721 162 1782 rium
178 1731 248 1783 tuos
263 1721 352 1784 ludos
369 1723 538 1798 aspexerit,
554 1721 660 1795 ecquis
676 1739 710 1781 se
725 1723 840 1781 theatro
856 1723 1035 1797 populoque
1044 1723 1092 1781 llo·

2 1814 4 1823 ·
87 1822 175 1866 mano
194 1806 387 1867 commiserit.
417 1807 489 1882 lpse
504 1805 554 1865 ille
569 1805 699 1864 maxime
714 1804 831 1879 ludius,
844 1821 905 1864 non
921 1807 1021 1865 solum
1036 1818 1091 1878 ape

86 1895 195 1963 etator,
223 1891 278 1949 sed
302 1898 387 1949 actor
408 1898 447 1948 et·
457 1904 612 1960 acroama,
639 1887 690 1962 qui
709 1887 817 1947 omnia
841 1888 958 1947 sororis
978 1885 1092 1947 embolia

85 1971 184 2041 novit,
202 1972 297 2046 quiin
318 1980 436 2031 coetum
451 1971 606 2030 mulierum
630 1987 685 2045 pro
707 1968 832 2044 psaltria
852 1970 1027 2043 adducitur,
1048 1983 1092 2028 nec

85 2061 155 2112 tuos
179 2054 270 2112 ludos
290 2053 411 2128 aspexit
430 2054 460 2112 in
482 2053 533 2113 illo
562 2052 679 2113 ardenti
699 2054 850 2113 tribunatu
872 2068 930 2113 sao
950 2069 1008 2112 nec
1027 2054 1092 2112 ullos

86 2136 163 2194 alios
176 2135 234 2195 nisi
247 2151 311 2209 eos,
326 2153 345 2194 a
360 2136 471 2211 quibus
482 2136 535 2195 vix
548 2136 635 2196 vivus
651 2137 764 2210 elingit.
789 2136 904 2207 Semel,
920 2136 1052 2211 inquam,
1064 2149 1091 2193 se

86 2219 166 2278 ludis
181 2219 273 2278 homo
288 2218 445 2293 popularis
458 2218 607 2278 commisit
618 2220 755 2291 omnino,
773 2235 865 2292 quarn
878 2220 907 2276 in
920 2221 1033 2294 templo
1044 2220 1092 2277 llo

27 2357 31 2364 .
84 2301 168 2362 noris
181 2302 309 2362 Virtutis
320 2303 421 2363 honos
432 2302 551 2361 habitus
564 2312 648 2362 esset
658 2302 767 2374 virtuti,
781 2301 909 2376 Gaiiquc
920 2301 1019 2376 illarii,
1034 2316 1093 2361 con·

86 2384 254 2445 servatoris
267 2385 358 2446 huius
376 2385 510 2460 imperii,
529 2393 755 2445 monumentum
769 2384 914 2459 municipi
929 2385 998 2446 eius
1014 2393 1042 2444 et
1059 2380 1095 2443 rei

87 2466 227 2538 publicae
242 2469 394 2528 delensori
411 2470 515 2528 sedem
530 2469 570 2527 ad
586 2469 713 2528 salutern
727 2467 931 2542 praebuisset.

167 2550 229 2609 LV.
251 2547 321 2610 117.
345 2552 408 2623 Quo
425 2550 546 2625 quidem
561 2557 697 2624 tempore
712 2550 785 2626 quid
802 2553 937 2626 populus
952 2553 1095 2612 Romanas

87 2630 198 2691 sentire
215 2648 250 2691 se
266 2635 440 2693 ostenderet
455 2641 584 2708 utroque
601 2634 630 2692 in
647 2650 759 2708 genere
771 2634 955 2694 deciaratum
970 2642 1032 2694 est:
1047 2631 1095 2707 pti

86 2732 148 2786 mo,
169 2731 261 2790 quum
277 2715 379 2777 audito
395 2724 518 2776 senatus
534 2719 673 2776 consulto
689 2719 731 2776 rei
745 2716 805 2791 ipsi
819 2727 912 2791 atque
925 2716 1095 2776 absentiae

87 2798 167 2857 natui
182 2799 310 2873 plausus
328 2807 375 2858 cst
391 2800 430 2858 ab
445 2798 596 2859 universis
613 2800 717 2859 datus:
732 2798 859 2872 deinde,
878 2814 972 2874 quum
988 2807 1096 2859 senato

84 2880 168 2942 ribus
184 2880 312 2956 singulis
328 2891 496 2956 spectatum
511 2898 529 2941 e
543 2890 652 2941 senatu
672 2881 880 2942 redeuntibus.
919 2883 1019 2955 Quum
1035 2894 1096 2940 vero

84 2963 166 3039 ipse,
186 2965 237 3039 qui
251 2965 341 3023 lndos
358 2965 499 3036 iaciebat,
517 2966 623 3024 consul
638 2966 773 3036 adsedit,
796 2972 910 3024 stantes
923 2973 955 3025 et
970 2965 1095 3024 manibus

87 3048 188 3116 passis
202 3047 315 3123 gratias
335 3056 460 3122 agentes
479 3055 509 3106 et
530 3047 720 3107 lacrimantes
736 3047 847 3123 gaudio
869 3054 957 3107 suam
973 3064 1046 3123 erga
1059 3059 1098 3106 att

86 3127 327 3192 benevolentiam
348 3146 385 3190 ac
400 3129 637 3191 misericordiam
653 3132 852 3191 declararunt.
885 3134 927 3190 At
944 3147 1038 3206 quum
1058 3129 1099 3187 ille

30 3272 40 3287 „
88 3207 266 3273 furibundus
280 3212 402 3273 incitata
423 3213 473 3272 illa
490 3228 546 3272 sua
566 3214 689 3272 vecordi
710 3222 809 3273 mente
826 3206 980 3284 venisset,
1009 3214 1059 3272 vix
1071 3225 1099 3269 ae

86 3293 220 3364 populns
233 3296 389 3356 Romanus
410 3296 519 3368 tenuit,
540 3295 593 3353 vix
612 3296 752 3355 homines
775 3295 877 3357 odium
899 3311 996 3357 suum¹
1010 3312 1028 3355 a
1042 3308 1098 3354 cor·

85 3389 159 3448 pore
175 3373 241 3434 eius
262 3377 381 3451 impuro
403 3386 495 3454 atque
515 3378 639 3440 infando
660 3386 882 3454 represserunt.
915 3380 1021 3438 Voces
1043 3375 1099 3452 qni·
