2356 3854
334 613 378 696 a.
406 614 541 698 roim
568 613 776 696 simeonis
989 722 994 746 .

76 748 175 843 Pto
197 748 243 840 t.
266 749 440 846 ttctNttt
463 751 641 855 mcum
662 753 819 847 Pollio
842 751 1034 878 ballii.

70 1094 341 1172 meoniorum
356 1113 520 1174 vnrnms
535 1113 807 1173 arnaaaroars
821 1114 874 1172 ΑΒ
888 1117 924 1174 Α.
940 1113 1037 1175 mmo

322 1194 468 1255 nomm
482 1197 531 1256 rr
548 1194 779 1257 SUPPLETUM.
966 1222 974 1233 ·

111 1327 145 1379 A.
161 1327 274 1378 manae
288 1327 396 1379 Arabiae
413 1345 441 1378 se
458 1331 549 1380 studiis
566 1333 672 1395 poiticis
691 1330 787 1381 dedidit
804 1336 828 1378 et
846 1329 968 1394 adprime,
985 1337 1012 1378 ut
1028 1332 1066 1380 vi-

70 1396 158 1455 rbatur,
174 1394 293 1444 excelluit
307 1397 333 1444 iu
347 1397 396 1446 boc
413 1413 506 1463 genere
522 1399 668 1450 litterarum.
694 1398 811 1464 Amicitia
823 1397 901 1462 igitur
915 1400 990 1447 etiam
1006 1399 1065 1448 viris

71 1464 182 1513 ratribus
205 1462 363 1513 familiariter
381 1467 511 1530 copulatus
535 1475 586 1526 est,
612 1475 640 1516 ut
657 1468 713 1530 ipae
731 1469 764 1519 M.
781 1464 878 1514 Tullius
897 1466 923 1514 in
946 1467 1065 1516 orationis

70 1532 118 1581 riae
135 1533 279 1581 narratione
295 1533 430 1593 confirmat.
465 1534 569 1584 Interam
588 1536 652 1584 anae
674 1536 746 1599 loapo
762 1534 891 1582 intervallo
913 1547 983 1596 proca
1001 1542 1066 1584 erret

70 1614 94 1649 ra
108 1599 141 1648 h.
158 1598 264 1648 Luoaito
281 1601 306 1648 ia
320 1599 429 1650 Siciliam
441 1603 571 1665 profectur
587 1611 613 1652 ct
628 1616 698 1666 paron
714 1617 749 1652 ecc
766 1616 796 1650 eo
810 1603 941 1663 provincio
957 1615 1010 1650 cam
1025 1616 1065 1651 eo·

70 1682 96 1717 aa
110 1666 145 1718 1..
163 1667 267 1718 Laeadlo
285 1670 475 1734 reprederetur,
493 1669 637 1719 Heracleam
655 1670 734 1732 venit,
752 1683 817 1730 quae
832 1675 892 1715 tuno
909 1676 961 1716 erat
977 1668 1065 1717 civitas
1170 1707 1172 1720 .

69 1735 186 1795 edurata,
204 1744 229 1785 ct
247 1738 372 1802 ascriptus
390 1745 428 1786 est
446 1739 472 1786 in
490 1739 601 1787 ordinem
618 1736 815 1787 Heracliensium
834 1737 905 1786 civis.
940 1734 1009 1783 Tunc
1025 1732 1065 1783 Si·

70 1818 116 1853 nus
128 1811 153 1852 et
166 1802 247 1854 Carbo
263 1819 328 1855 eoas.
346 1804 427 1870 legem
443 1804 561 1863 tulerunt,
576 1814 604 1854 ut
619 1819 713 1864 omnes,
729 1806 772 1867 qui
788 1810 870 1852 essent
885 1817 917 1850 ex
931 1801 1065 1852 foederatis

70 1871 155 1936 pulis,
181 1873 307 1922 civitatem
327 1875 465 1922 Romanam
486 1880 710 1938 consequerentur,
736 1873 759 1922 si
781 1870 856 1920 modo
877 1869 920 1920 illo
944 1879 1064 1935 tempore,

70 1954 92 1988 ro
105 1939 147 1989 lex
168 1939 220 1989 lata
238 1936 316 2000 esset,
341 1941 495 1990 domicilium
513 1944 537 1990 in
558 1941 631 1990 ltalia
645 1940 767 1991 haberent
784 1946 808 1989 et
825 1941 890 1987 intra
910 1939 977 1989 diem
993 1953 1065 1989 sexa·

70 2008 167 2057 simunt
178 2007 288 2073 proieasi
299 2011 367 2073 opud
382 2018 522 2073 praetorem
537 2009 652 2060 inissent.
677 2009 747 2068 Quae
762 2022 838 2071 quom
849 2005 946 2057 Licinio
956 2007 1065 2058 Archiae

70 2076 254 2127 lobdnendnm
270 2079 310 2126 ios
323 2079 432 2128 civitatis
444 2079 571 2128 Romanae
588 2084 735 2144 argumenta
749 2079 873 2134 deessent,
889 2077 1008 2138 quoniam
1021 2090 1064 2125 ne-

70 2158 92 2192 ra
105 2144 199 2194 tabulis
215 2145 412 2196 Heracliensium
429 2148 536 2210 probare
550 2153 648 2212 poterat
662 2148 798 2212 ascriptum
812 2159 840 2194 ee
857 2145 883 2192 in
902 2145 1016 2194 ordinem
1030 2145 1065 2192 ci-

70 2225 110 2260 um
123 2236 158 2248 ·—
177 2214 273 2278 quippe
295 2213 444 2277 tabularium
466 2217 574 2264 civitatis
596 2215 665 2265 illius
683 2219 808 2264 exarserat
830 2210 898 2261 bello
916 2210 1002 2261 sociali
1020 2236 1064 2275 -‚

70 2293 92 2326 eo
102 2280 170 2330 bona
181 2294 228 2330 sua
242 2282 269 2331 in
284 2297 384 2332 censum
399 2282 531 2344 detulerat,
546 2297 605 2333 reus
618 2283 698 2334 botua
712 2290 751 2333 ert
760 2282 817 2346 lege
831 2280 916 2344 Papia,
935 2293 1000 2342 qaae
1012 2277 1065 2329 lata

70 2355 122 2396 ierat
144 2348 242 2398 ad'eoe
259 2351 424 2410 coercendos,
453 2353 496 2414 qni
513 2359 606 2402 temera
627 2348 758 2402 et·illictte
778 2349 905 2399 civitatem
925 2349 1064 2397 Romanam

70 2424 215 2485 mrpassent.
250 2419 289 2467 Fit
307 2433 367 2484 ergo
380 2426 460 2468 status
473 2419 655 2486 couleetnmlle,
672 2433 704 2468 an
720 2419 846 2482 ascriptus
861 2415 934 2464 sitin
951 2416 1063 2466 ordinem

70 2482 238 2534 eraclienaium
256 2494 329 2535 etan
346 2486 545 2549 teoerttomnia‚
567 2504 631 2552 quae
651 2489 674 2537 ie
690 2487 773 2538 tacere
791 2485 918 2544 debuerit,
939 2486 983 2547 qui
998 2493 1065 2534 esset

76 2562 170 2602 nurnero
181 2552 375 2607 foederatorum.
400 2555 432 2604 m
445 2556 558 2606 deficitur
587 2557 671 2607 uidem
683 2554 768 2607 multis
778 2552 977 2625 probationibus,
992 2553 1064 2602 testi·

70 2621 124 2669 onio
139 2627 224 2670 tamen
236 2620 432 2673 Heracliensium
449 2630 473 2673 et
486 2623 528 2674 vel
546 2624 664 2686 ma‘xirne,
683 2626 774 2688 quibus
788 2629 841 2673 tota
858 2628 994 2686 occupatur
1007 2634 1064 2670 ora·

70 2698 93 2741 ⁰,
112 2688 370 2752 posticiatronltatis
387 2699 411 2751 et
429 2692 556 2742 doctrinae
574 2692 771 2742 iucundissimae
789 2691 871 2757 gratia
887 2691 983 2740 nititur.
1019 2689 1064 2736 Est

70 2751 116 2824 lieu
133 2758 230 2806 omissa
246 2760 390 2808 coniectura
406 2759 553 2824 disceptatio
570 2763 714 2826 peripsam
731 2759 876 2823 qualitatem
888 2770 1018 2820 personae,
1036 2760 1066 2803 at

70 2822 104 2872 tle
117 2825 246 2875 Rom‘auus
260 2826 350 2877 debeat
360 2827 484 2892 adoptari,
502 2830 577 2878 etiam
592 2829 616 2877 ei
633 2830 660 2879 iu
671 2828 834 2894 praeteritum
849 2825 945 2874 nonsit
959 2823 1063 2874 ascitus.

70 2882 186 2942 laetarum
207 2893 277 2943 idam
296 2902 426 2945 enarrator
447 2896 481 2945 ad
501 2898 566 2959 ολ.
584 2896 609 2957 5.
625 2896 650 2946 3.
676 2897 778 2946 adnotat
797 2894 827 2961 Q.
850 2891 992 2942 Ciceronem
1014 2888 1063 2938 ira-

70 2968 102 3008 trn
114 2961 149 3010 Μ.
163 2959 241 3011 'l'nllii
256 2964 363 3013 oratorie
379 2962 450 3012 illum
464 2962 544 3012 fuisse
561 2971 710 3028 praetorem,
728 2960 797 3026 apud
812 2974 886 3024 qoem
901 2957 963 3006 haec
977 2956 1064 3006 babita

70 3028 118 3077 atio
142 3029 188 3091 sit,
215 3028 281 3095 coni.
301 3032 376 3081 etiam
392 3028 518 3079 (lroe'ronis
542 3032 615 3094 epici.
632 3032 669 3080 ad
684 3031 715 3091 Q.
728 3030 837 3092 fratrem
858 3025 901 3074 lib.
919 3024 960 3073 Ill.
981 3038 1019 3088 ep·
1034 3023 1059 3077 6.

79 3091 116 3156 9.,
135 3097 285 3160 videturque
300 3101 331 3150 A.
348 3096 459 3148 Licinius
474 3095 580 3146 Archiae
597 3097 727 3146 absolutus
744 3094 822 3159 essa]

123 3212 144 3268 l.
170 3210 198 3272 l.
223 3172 351 3287 Siquid
373 3221 422 3275 est
441 3211 471 3271 in
494 3228 543 3272 me
562 3208 690 3286 ingenii,
710 3208 843 3289 iudices,
859 3209 944 3284 quod
964 3199 1061 3270 sentio

70 3308 130 3351 ram
146 3295 184 3353 sit
200 3295 357 3369 exiguum,
374 3303 426 3355 aut
440 3294 466 3354 si
482 3311 543 3369 qua
557 3291 731 3357 exercitatio
747 3289 883 3366 dicendi,
899 3290 930 3352 in
943 3311 1003 3369 qua
1014 3308 1061 3351 me
