<?xml version="1.0" encoding="UTF-8"?>
<!DOCTYPE html PUBLIC "-//W3C//DTD XHTML 1.0 Transitional//EN"
    "http://www.w3.org/TR/xhtml1/DTD/xhtml1-transitional.dtd">
<html xmlns="http://www.w3.org/1999/xhtml" xml:lang="en" lang="en">
 <head>
  <title>
</title>
<meta http-equiv="Content-Type" content="text/html;charset=utf-8" />
  <meta name='ocr-system' content='tesseract 3.04.00' />
  <meta name='ocr-capabilities' content='ocr_page ocr_carea ocr_par ocr_line ocrx_word'/>
</head>
<body>
  <div class='ocr_page' id='page_1' title='image "./mtulliiciceroni08cicegoog_0027.png"; bbox 0 0 2356 3854; ppageno 0'>
   <div class='ocr_carea' id='block_1_1' title="bbox 543 108 584 133">
    <p class='ocr_par' dir='ltr' id='par_1_1' title="bbox 543 108 584 133">
     <span class='ocr_line' id='line_1_1' title="bbox 543 108 584 133; baseline 0 0"><span class='ocrx_word' id='word_1_1' title='bbox 543 108 552 133; x_wconf 88' lang='grc' dir='ltr'><strong><em>Ι</em></strong></span> <span class='ocrx_word' id='word_1_2' title='bbox 581 122 584 133; x_wconf 74' lang='grc' dir='ltr'>ι</span> 
     </span>
    </p>
   </div>
   <div class='ocr_carea' id='block_1_2' title="bbox 248 185 863 249">
    <p class='ocr_par' dir='ltr' id='par_1_2' title="bbox 248 185 863 249">
     <span class='ocr_line' id='line_1_2' title="bbox 248 185 863 249; baseline -0.02 0"><span class='ocrx_word' id='word_1_3' title='bbox 248 240 253 249; x_wconf 71' lang='grc'>.</span> <span class='ocrx_word' id='word_1_4' title='bbox 339 189 562 242; x_wconf 78' lang='lat' dir='ltr'>MEMORABILIA</span> <span class='ocrx_word' id='word_1_5' title='bbox 580 188 678 238; x_wconf 74' lang='lat' dir='ltr'>VITAE</span> <span class='ocrx_word' id='word_1_6' title='bbox 692 185 863 238; x_wconf 69' lang='lat' dir='ltr'>‘CICERONIS</span> 
     </span>
    </p>
   </div>
   <div class='ocr_carea' id='block_1_3' title="bbox 89 478 1065 3484">
    <p class='ocr_par' dir='ltr' id='par_1_3' title="bbox 252 478 1025 757">
     <span class='ocr_line' id='line_1_3' title="bbox 252 478 1025 554; baseline -0.004 -14"><span class='ocrx_word' id='word_1_7' title='bbox 252 478 397 554; x_wconf 82' lang='lat' dir='ltr'>partimin</span> <span class='ocrx_word' id='word_1_8' title='bbox 420 488 536 552; x_wconf 77' lang='lat' dir='ltr'>Arpinati</span> <span class='ocrx_word' id='word_1_9' title='bbox 558 487 665 550; x_wconf 85' lang='lat' dir='ltr'>aliisque</span> <span class='ocrx_word' id='word_1_10' title='bbox 687 487 753 537; x_wconf 86' lang='lat' dir='ltr'>villis</span> <span class='ocrx_word' id='word_1_11' title='bbox 781 479 911 552; x_wconf 74' lang='lat' dir='ltr'>transigi&#39;t;</span> <span class='ocrx_word' id='word_1_12' title='bbox 939 501 1025 537; x_wconf 86' lang='lat' dir='ltr'>mense</span> 
     </span>
     <span class='ocr_line' id='line_1_4' title="bbox 253 554 1025 614; baseline -0.003 -7"><span class='ocrx_word' id='word_1_13' title='bbox 253 557 352 608; x_wconf 77' lang='lat' dir='ltr'>Octobri</span> <span class='ocrx_word' id='word_1_14' title='bbox 372 556 478 611; x_wconf 81' lang='lat' dir='ltr'>Romam</span> <span class='ocrx_word' id='word_1_15' title='bbox 499 570 528 605; x_wconf 91' lang='lat' dir='ltr'>se</span> <span class='ocrx_word' id='word_1_16' title='bbox 549 556 656 614; x_wconf 84' lang='lat' dir='ltr'>conlert3</span> <span class='ocrx_word' id='word_1_17' title='bbox 680 569 766 604; x_wconf 89' lang='lat' dir='ltr'>mense</span> <span class='ocrx_word' id='word_1_18' title='bbox 790 562 874 604; x_wconf 88' lang='lat' dir='ltr'>autem</span> <span class='ocrx_word' id='word_1_19' title='bbox 895 554 1025 605; x_wconf 88' lang='lat' dir='ltr'>Decembri</span> 
     </span>
     <span class='ocr_line' id='line_1_5' title="bbox 252 622 1024 686; baseline -0.004 -10"><span class='ocrx_word' id='word_1_20' title='bbox 252 629 277 676; x_wconf 90' lang='lat' dir='ltr'>in</span> <span class='ocrx_word' id='word_1_21' title='bbox 298 625 475 683; x_wconf 85' lang='lat' dir='ltr'>Puteolanum,</span> <span class='ocrx_word' id='word_1_22' title='bbox 494 624 538 675; x_wconf 90' lang='lat' dir='ltr'>ubi</span> <span class='ocrx_word' id='word_1_23' title='bbox 553 623 606 675; x_wconf 89' lang='lat' dir='ltr'>XII.</span> <span class='ocrx_word' id='word_1_24' title='bbox 625 623 680 673; x_wconf 86' lang='lat' dir='ltr'>Kal.</span> <span class='ocrx_word' id='word_1_25' title='bbox 697 624 749 673; x_wconf 92' lang='lat' dir='ltr'>Ian</span> <span class='ocrx_word' id='word_1_26' title='bbox 769 622 902 673; x_wconf 86' lang='lat' dir='ltr'>Caesarem</span> <span class='ocrx_word' id='word_1_27' title='bbox 918 626 1024 686; x_wconf 90' lang='lat' dir='ltr'>eiusque</span> 
     </span>
     <span class='ocr_line' id='line_1_6' title="bbox 252 693 603 757; baseline -0.012 -13"><span class='ocrx_word' id='word_1_28' title='bbox 252 696 354 745; x_wconf 80' lang='lat' dir='ltr'>comites</span> <span class='ocrx_word' id='word_1_29' title='bbox 371 693 480 757; x_wconf 85' lang='lat' dir='ltr'>hospitio</span> <span class='ocrx_word' id='word_1_30' title='bbox 498 693 603 757; x_wconf 86' lang='lat' dir='ltr'>accepit.</span> 
     </span>
    </p>

    <p class='ocr_par' dir='ltr' id='par_1_4' title="bbox 89 734 877 826">
     <span class='ocr_line' id='line_1_7' title="bbox 89 734 877 826; baseline -0.004 -13"><span class='ocrx_word' id='word_1_31' title='bbox 89 771 139 826; x_wconf 79' lang='lat'>710</span> <span class='ocrx_word' id='word_1_32' title='bbox 182 770 217 823; x_wconf 76' lang='lat'>44</span> <span class='ocrx_word' id='word_1_33' title='bbox 253 762 381 815; x_wconf 85' lang='lat' dir='ltr'>Coss.C</span> <span class='ocrx_word' id='word_1_34' title='bbox 360 761 486 812; x_wconf 58' lang='lat' dir='ltr'>&amp;Iulius</span> <span class='ocrx_word' id='word_1_35' title='bbox 504 760 601 811; x_wconf 80' lang='lat' dir='ltr'>Caesar</span> <span class='ocrx_word' id='word_1_36' title='bbox 623 762 668 820; x_wconf 76' lang='lat' dir='ltr'>V,</span> <span class='ocrx_word' id='word_1_37' title='bbox 686 759 726 809; x_wconf 91' lang='lat' dir='ltr'>M.</span> <span class='ocrx_word' id='word_1_38' title='bbox 745 734 877 810; x_wconf 78' lang='lat' dir='ltr'>Antonias</span> 
     </span>
    </p>

    <p class='ocr_par' dir='ltr' id='par_1_5' title="bbox 251 825 1024 962">
     <span class='ocr_line' id='line_1_8' title="bbox 284 825 1024 905; baseline -0.004 -26"><span class='ocrx_word' id='word_1_39' title='bbox 284 832 373 881; x_wconf 86' lang='lat' dir='ltr'>Primis</span> <span class='ocrx_word' id='word_1_40' title='bbox 394 831 452 879; x_wconf 89' lang='lat' dir='ltr'>anni</span> <span class='ocrx_word' id='word_1_41' title='bbox 473 830 602 879; x_wconf 87' lang='lat' dir='ltr'>mensibus</span> <span class='ocrx_word' id='word_1_42' title='bbox 624 827 709 905; x_wconf 75' lang='lat' dir='ltr'>Cicero</span> <span class='ocrx_word' id='word_1_43' title='bbox 733 828 841 877; x_wconf 87' lang='lat' dir='ltr'>absolvit</span> <span class='ocrx_word' id='word_1_44' title='bbox 866 825 1024 878; x_wconf 73' lang='lat' dir='ltr'>Tasmdaaas</span> 
     </span>
     <span class='ocr_line' id='line_1_9' title="bbox 251 901 437 962; baseline -0.006 -14"><span class='ocrx_word' id='word_1_45' title='bbox 251 901 437 962; x_wconf 77' lang='lat' dir='ltr'>disputationes.</span> 
     </span>
    </p>

    <p class='ocr_par' dir='ltr' id='par_1_6' title="bbox 250 962 1023 1221">
     <span class='ocr_line' id='line_1_10' title="bbox 286 962 1022 1024; baseline -0.004 -7"><span class='ocrx_word' id='word_1_46' title='bbox 286 967 378 1018; x_wconf 86' lang='lat' dir='ltr'>Caesar</span> <span class='ocrx_word' id='word_1_47' title='bbox 389 966 474 1019; x_wconf 84' lang='lat' dir='ltr'>Idibus</span> <span class='ocrx_word' id='word_1_48' title='bbox 485 965 601 1014; x_wconf 88' lang='lat' dir='ltr'>Martiis</span> <span class='ocrx_word' id='word_1_49' title='bbox 594 980 620 1014; x_wconf 89' lang='lat' dir='ltr'>m</span> <span class='ocrx_word' id='word_1_50' title='bbox 634 965 703 1013; x_wconf 89' lang='lat' dir='ltr'>curia</span> <span class='ocrx_word' id='word_1_51' title='bbox 715 979 731 1012; x_wconf 87' lang='lat' dir='ltr'>a</span> <span class='ocrx_word' id='word_1_52' title='bbox 742 965 877 1013; x_wconf 88' lang='lat' dir='ltr'>coniuratis</span> <span class='ocrx_word' id='word_1_53' title='bbox 888 962 923 1013; x_wconf 86' lang='grc' dir='ltr'>Μ.</span> <span class='ocrx_word' id='word_1_54' title='bbox 936 963 1022 1024; x_wconf 88' lang='lat' dir='ltr'>Bruto,</span> 
     </span>
     <span class='ocr_line' id='line_1_11' title="bbox 251 1030 1023 1098; baseline -0.008 -12"><span class='ocrx_word' id='word_1_55' title='bbox 251 1036 278 1086; x_wconf 88' lang='lat' dir='ltr'>C.</span> <span class='ocrx_word' id='word_1_56' title='bbox 295 1035 382 1086; x_wconf 88' lang='lat' dir='ltr'>Cassio</span> <span class='ocrx_word' id='word_1_57' title='bbox 399 1034 505 1098; x_wconf 89' lang='lat' dir='ltr'>aliisque</span> <span class='ocrx_word' id='word_1_58' title='bbox 520 1033 673 1084; x_wconf 81' lang='lat' dir='ltr'>interficitur.</span> <span class='ocrx_word' id='word_1_59' title='bbox 711 1030 839 1081; x_wconf 88' lang='lat' dir='ltr'>Coniurati</span> <span class='ocrx_word' id='word_1_60' title='bbox 855 1047 883 1081; x_wconf 91' lang='lat' dir='ltr'>se</span> <span class='ocrx_word' id='word_1_61' title='bbox 898 1034 1023 1097; x_wconf 87' lang='lat' dir='ltr'>recipiunt</span> 
     </span>
     <span class='ocr_line' id='line_1_12' title="bbox 250 1098 1023 1167; baseline -0.003 -15"><span class='ocrx_word' id='word_1_62' title='bbox 250 1106 276 1152; x_wconf 93' lang='lat' dir='ltr'>in</span> <span class='ocrx_word' id='word_1_63' title='bbox 295 1103 453 1167; x_wconf 81' lang='lat' dir='ltr'><strong>Capitolium.</strong></span> <span class='ocrx_word' id='word_1_64' title='bbox 478 1101 609 1153; x_wconf 79' lang='lat' dir='ltr'>Dolabella</span> <span class='ocrx_word' id='word_1_65' title='bbox 624 1103 651 1150; x_wconf 92' lang='lat' dir='ltr'>in</span> <span class='ocrx_word' id='word_1_66' title='bbox 669 1098 784 1150; x_wconf 89' lang='lat' dir='ltr'>Caesaris</span> <span class='ocrx_word' id='word_1_67' title='bbox 802 1100 885 1149; x_wconf 87' lang='lat' dir='ltr'>locmn</span> <span class='ocrx_word' id='word_1_68' title='bbox 903 1115 955 1149; x_wconf 90' lang='lat' dir='ltr'>cos.</span> <span class='ocrx_word' id='word_1_69' title='bbox 968 1101 1023 1150; x_wconf 87' lang='lat' dir='ltr'>sul·</span> 
     </span>
     <span class='ocr_line' id='line_1_13' title="bbox 251 1172 342 1221; baseline 0.024 -2"><span class='ocrx_word' id='word_1_70' title='bbox 251 1172 342 1221; x_wconf 85' lang='lat' dir='ltr'>ficitur.</span> 
     </span>
    </p>

    <p class='ocr_par' dir='ltr' id='par_1_7' title="bbox 249 1236 1051 1508">
     <span class='ocr_line' id='line_1_14' title="bbox 285 1236 1051 1302; baseline -0.004 -12"><span class='ocrx_word' id='word_1_71' title='bbox 285 1238 370 1290; x_wconf 88' lang='lat' dir='ltr'>Cicero</span> <span class='ocrx_word' id='word_1_72' title='bbox 388 1237 455 1288; x_wconf 83' lang='lat' dir='ltr'>XVI.</span> <span class='ocrx_word' id='word_1_73' title='bbox 469 1238 522 1288; x_wconf 82' lang='lat' dir='ltr'>llal</span> <span class='ocrx_word' id='word_1_74' title='bbox 538 1239 620 1302; x_wconf 78' lang='lat' dir='ltr'>Apu&#39;</span> <span class='ocrx_word' id='word_1_75' title='bbox 613 1253 639 1287; x_wconf 91' lang='grc' dir='ltr'>ιιι</span> <span class='ocrx_word' id='word_1_76' title='bbox 655 1239 727 1288; x_wconf 89' lang='lat' dir='ltr'>aede</span> <span class='ocrx_word' id='word_1_77' title='bbox 734 1236 840 1286; x_wconf 89' lang='lat' dir='ltr'>Telluris</span> <span class='ocrx_word' id='word_1_78' title='bbox 857 1251 946 1302; x_wconf 85' lang='lat' dir='ltr'>pacem</span> <span class='ocrx_word' id='word_1_79' title='bbox 963 1252 1022 1287; x_wconf 82' lang='lat' dir='ltr'>sua·</span> <span class='ocrx_word' id='word_1_80' title='bbox 1047 1241 1051 1252; x_wconf 91' lang='lat'>&#39;</span> 
     </span>
     <span class='ocr_line' id='line_1_15' title="bbox 251 1301 1022 1358; baseline -0.005 0"><span class='ocrx_word' id='word_1_81' title='bbox 251 1309 292 1358; x_wconf 92' lang='lat' dir='ltr'>det</span> <span class='ocrx_word' id='word_1_82' title='bbox 316 1317 340 1358; x_wconf 90' lang='lat' dir='ltr'>et</span> <span class='ocrx_word' id='word_1_83' title='bbox 364 1305 545 1357; x_wconf 79' lang='lat' dir='ltr'>discordiarum</span> <span class='ocrx_word' id='word_1_84' title='bbox 568 1308 713 1356; x_wconf 83' lang='lat' dir='ltr'>memoriam</span> <span class='ocrx_word' id='word_1_85' title='bbox 740 1305 867 1356; x_wconf 84' lang='lat' dir='ltr'>oblivione</span> <span class='ocrx_word' id='word_1_86' title='bbox 889 1301 1022 1356; x_wconf 89' lang='lat' dir='ltr'>delendam&#39;</span> 
     </span>
     <span class='ocr_line' id='line_1_16' title="bbox 251 1373 1021 1434; baseline -0.003 -9"><span class='ocrx_word' id='word_1_87' title='bbox 251 1386 343 1426; x_wconf 89' lang='lat' dir='ltr'>censet.</span> <span class='ocrx_word' id='word_1_88' title='bbox 326 1377 487 1425; x_wconf 83' lang='lat' dir='ltr'>tAntcnio</span> <span class='ocrx_word' id='word_1_89' title='bbox 513 1376 580 1424; x_wconf 90' lang='lat' dir='ltr'>idem</span> <span class='ocrx_word' id='word_1_90' title='bbox 602 1389 631 1424; x_wconf 83' lang='lat' dir='ltr'>se</span> <span class='ocrx_word' id='word_1_91' title='bbox 651 1375 716 1424; x_wconf 84' lang='lat' dir='ltr'>velle</span> <span class='ocrx_word' id='word_1_92' title='bbox 738 1374 887 1434; x_wconf 81' lang='lat' dir='ltr'>almulante,</span> <span class='ocrx_word' id='word_1_93' title='bbox 907 1373 1021 1424; x_wconf 81' lang='lat' dir='ltr'>Caesaris</span> 
     </span>
     <span class='ocr_line' id='line_1_17' title="bbox 249 1440 1020 1508; baseline -0.004 -14"><span class='ocrx_word' id='word_1_94' title='bbox 249 1446 420 1495; x_wconf 77' lang='lat' dir='ltr'>interfectores</span> <span class='ocrx_word' id='word_1_95' title='bbox 444 1443 565 1508; x_wconf 87' lang='lat' dir='ltr'>Capitolio</span> <span class='ocrx_word' id='word_1_96' title='bbox 588 1443 755 1501; x_wconf 86' lang='lat' dir='ltr'>descendunt;</span> <span class='ocrx_word' id='word_1_97' title='bbox 780 1440 815 1491; x_wconf 86' lang='grc' dir='ltr'>Μ.</span> <span class='ocrx_word' id='word_1_98' title='bbox 838 1441 914 1492; x_wconf 86' lang='lat' dir='ltr'>Bruto</span> <span class='ocrx_word' id='word_1_99' title='bbox 939 1441 1020 1502; x_wconf 87' lang='lat' dir='ltr'>Creta,</span> 
     </span>
    </p>

    <p class='ocr_par' dir='ltr' id='par_1_8' title="bbox 101 1511 1018 1576">
     <span class='ocr_line' id='line_1_18' title="bbox 101 1511 1018 1576; baseline -0.003 -13"><span class='ocrx_word' id='word_1_100' title='bbox 101 1548 104 1552; x_wconf 88' lang='lat'><em>-</em></span> <span class='ocrx_word' id='word_1_101' title='bbox 250 1513 336 1563; x_wconf 88' lang='lat' dir='ltr'>Cassio</span> <span class='ocrx_word' id='word_1_102' title='bbox 357 1512 456 1574; x_wconf 83' lang='lat' dir='ltr'>Africa,</span> <span class='ocrx_word' id='word_1_103' title='bbox 480 1512 602 1566; x_wconf 80' lang='lat' dir='ltr'>Trebonio</span> <span class='ocrx_word' id='word_1_104' title='bbox 624 1512 699 1572; x_wconf 84' lang='lat' dir='ltr'>Asia,</span> <span class='ocrx_word' id='word_1_105' title='bbox 723 1511 822 1561; x_wconf 91' lang='lat' dir='ltr'>Cimbro</span> <span class='ocrx_word' id='word_1_106' title='bbox 840 1511 968 1576; x_wconf 72' lang='lat' dir='ltr'>Bithynia,</span> <span class='ocrx_word' id='word_1_107' title='bbox 988 1512 1018 1560; x_wconf 83' lang='lat' dir='ltr'>I).</span> 
     </span>
    </p>

    <p class='ocr_par' dir='ltr' id='par_1_9' title="bbox 93 1569 1065 3484">
     <span class='ocr_line' id='line_1_19' title="bbox 93 1569 1021 1631; baseline -0.003 0"><span class='ocrx_word' id='word_1_108' title='bbox 93 1616 95 1619; x_wconf 31' lang='lat' dir='ltr'>v</span> <span class='ocrx_word' id='word_1_109' title='bbox 153 1569 156 1589; x_wconf 76' lang='lat'><strong>¹</strong></span> <span class='ocrx_word' id='word_1_110' title='bbox 249 1582 324 1631; x_wconf 89' lang='lat' dir='ltr'>Bruto</span> <span class='ocrx_word' id='word_1_111' title='bbox 348 1580 428 1631; x_wconf 84' lang='lat' dir='ltr'>Gallia</span> <span class='ocrx_word' id='word_1_112' title='bbox 451 1581 550 1630; x_wconf 81' lang='lat' dir='ltr'>citerior</span> <span class='ocrx_word' id='word_1_113' title='bbox 567 1581 716 1631; x_wconf 82' lang='lat' dir='ltr'>decernitur.</span> <span class='ocrx_word' id='word_1_114' title='bbox 752 1579 845 1629; x_wconf 87' lang='lat' dir='ltr'>Caesar</span> <span class='ocrx_word' id='word_1_115' title='bbox 862 1589 945 1629; x_wconf 88' lang='lat' dir='ltr'>autem</span> <span class='ocrx_word' id='word_1_116' title='bbox 963 1594 1021 1628; x_wconf 90' lang='lat' dir='ltr'>cum</span> 
     </span>
     <span class='ocr_line' id='line_1_20' title="bbox 250 1649 1021 1712; baseline -0.003 -13"><span class='ocrx_word' id='word_1_117' title='bbox 250 1650 336 1700; x_wconf 85' lang='lat' dir='ltr'>funere</span> <span class='ocrx_word' id='word_1_118' title='bbox 354 1649 434 1699; x_wconf 89' lang='lat' dir='ltr'>elatus</span> <span class='ocrx_word' id='word_1_119' title='bbox 449 1657 474 1698; x_wconf 90' lang='lat' dir='ltr'>et</span> <span class='ocrx_word' id='word_1_120' title='bbox 487 1650 518 1698; x_wconf 92' lang='lat' dir='ltr'>ab</span> <span class='ocrx_word' id='word_1_121' title='bbox 531 1652 639 1697; x_wconf 86' lang='lat' dir='ltr'>Antonio</span> <span class='ocrx_word' id='word_1_122' title='bbox 658 1649 774 1698; x_wconf 87' lang='lat' dir='ltr'>laudatas</span> <span class='ocrx_word' id='word_1_123' title='bbox 792 1655 867 1712; x_wconf 79' lang='lat' dir='ltr'>esset,</span> <span class='ocrx_word' id='word_1_124' title='bbox 886 1649 977 1697; x_wconf 86' lang='lat' dir='ltr'>Brutus</span> <span class='ocrx_word' id='word_1_125' title='bbox 997 1656 1021 1698; x_wconf 91' lang='lat' dir='ltr'>et</span> 
     </span>
     <span class='ocr_line' id='line_1_21' title="bbox 250 1705 1021 1784; baseline -0.005 -16"><span class='ocrx_word' id='word_1_126' title='bbox 250 1718 351 1768; x_wconf 81' lang='lat' dir='ltr'>Cassius</span> <span class='ocrx_word' id='word_1_127' title='bbox 370 1734 385 1767; x_wconf 90' lang='lat' dir='ltr'>a</span> <span class='ocrx_word' id='word_1_128' title='bbox 402 1718 506 1784; x_wconf 87' lang='lat' dir='ltr'>plebis</span> <span class='ocrx_word' id='word_1_129' title='bbox 500 1733 538 1766; x_wconf 88' lang='lat' dir='ltr'>rra</span> <span class='ocrx_word' id='word_1_130' title='bbox 555 1717 610 1766; x_wconf 83' lang='lat' dir='ltr'>albu</span> <span class='ocrx_word' id='word_1_131' title='bbox 618 1725 757 1766; x_wconf 86' lang='lat' dir='ltr'>metuentes</span> <span class='ocrx_word' id='word_1_132' title='bbox 769 1705 861 1767; x_wconf 87' lang='lat' dir='ltr'>Urbem</span> <span class='ocrx_word' id='word_1_133' title='bbox 878 1716 1021 1778; x_wconf 89' lang='lat' dir='ltr'>relinquunt</span> 
     </span>
     <span class='ocr_line' id='line_1_22' title="bbox 250 1775 1021 1837; baseline -0.005 -1"><span class='ocrx_word' id='word_1_134' title='bbox 250 1796 274 1836; x_wconf 89' lang='lat' dir='ltr'>et</span> <span class='ocrx_word' id='word_1_135' title='bbox 292 1789 360 1836; x_wconf 79' lang='lat' dir='ltr'>Antii</span> <span class='ocrx_word' id='word_1_136' title='bbox 383 1795 406 1837; x_wconf 92' lang='lat' dir='ltr'>et</span> <span class='ocrx_word' id='word_1_137' title='bbox 423 1786 530 1837; x_wconf 87' lang='lat' dir='ltr'>Lanuvii</span> <span class='ocrx_word' id='word_1_138' title='bbox 548 1775 740 1835; x_wconf 81' lang='lat' dir='ltr'>commorantur.</span> <span class='ocrx_word' id='word_1_139' title='bbox 777 1785 900 1834; x_wconf 86' lang='lat' dir='ltr'>Antonius</span> <span class='ocrx_word' id='word_1_140' title='bbox 924 1785 1021 1833; x_wconf 85' lang='lat' dir='ltr'>Italiam</span> 
     </span>
     <span class='ocr_line' id='line_1_23' title="bbox 248 1853 1020 1920; baseline -0.004 -16"><span class='ocrx_word' id='word_1_141' title='bbox 248 1864 383 1920; x_wconf 87' lang='lat' dir='ltr'>percursat.</span> <span class='ocrx_word' id='word_1_142' title='bbox 410 1854 494 1905; x_wconf 86' lang='lat' dir='ltr'>Cicero</span> <span class='ocrx_word' id='word_1_143' title='bbox 509 1854 582 1905; x_wconf 81' lang='lat' dir='ltr'>iillas</span> <span class='ocrx_word' id='word_1_144' title='bbox 597 1869 656 1904; x_wconf 86' lang='lat' dir='ltr'>suas</span> <span class='ocrx_word' id='word_1_145' title='bbox 675 1853 775 1913; x_wconf 88' lang='lat' dir='ltr'>lustrat;</span> <span class='ocrx_word' id='word_1_146' title='bbox 786 1854 929 1915; x_wconf 89' lang='lat' dir='ltr'>scribitque</span> <span class='ocrx_word' id='word_1_147' title='bbox 943 1853 1020 1903; x_wconf 91' lang='lat' dir='ltr'>libros</span> 
     </span>
     <span class='ocr_line' id='line_1_24' title="bbox 249 1922 1021 1985; baseline -0.001 -13"><span class='ocrx_word' id='word_1_148' title='bbox 249 1925 287 1972; x_wconf 85' lang='lat' dir='ltr'>de</span> <span class='ocrx_word' id='word_1_149' title='bbox 298 1933 390 1974; x_wconf 81' lang='lat' dir='ltr'>namra</span> <span class='ocrx_word' id='word_1_150' title='bbox 407 1925 515 1983; x_wconf 66' lang='lat' dir='ltr'>Marma,</span> <span class='ocrx_word' id='word_1_151' title='bbox 535 1925 571 1974; x_wconf 83' lang='lat' dir='ltr'>de</span> <span class='ocrx_word' id='word_1_152' title='bbox 585 1925 743 1983; x_wconf 79' lang='lat' dir='ltr'>divinatione,</span> <span class='ocrx_word' id='word_1_153' title='bbox 761 1923 793 1972; x_wconf 83' lang='lat' dir='ltr'>de</span> <span class='ocrx_word' id='word_1_154' title='bbox 808 1922 873 1985; x_wconf 77' lang='lat' dir='ltr'>fato,</span> <span class='ocrx_word' id='word_1_155' title='bbox 890 1922 921 1970; x_wconf 85' lang='lat' dir='ltr'>de</span> <span class='ocrx_word' id='word_1_156' title='bbox 938 1923 1021 1971; x_wconf 79' lang='lat' dir='ltr'>amici·</span> 
     </span>
     <span class='ocr_line' id='line_1_25' title="bbox 249 1990 1020 2057; baseline -0.001 -16"><span class='ocrx_word' id='word_1_157' title='bbox 249 1995 299 2052; x_wconf 84' lang='lat' dir='ltr'>tia,</span> <span class='ocrx_word' id='word_1_158' title='bbox 327 1994 358 2041; x_wconf 87' lang='lat' dir='ltr'>de</span> <span class='ocrx_word' id='word_1_159' title='bbox 374 2000 497 2042; x_wconf 76' lang='lat' dir='ltr'>senectute</span> <span class='ocrx_word' id='word_1_160' title='bbox 515 2000 539 2041; x_wconf 90' lang='lat' dir='ltr'>et</span> <span class='ocrx_word' id='word_1_161' title='bbox 556 1992 588 2041; x_wconf 85' lang='lat' dir='ltr'>de</span> <span class='ocrx_word' id='word_1_162' title='bbox 602 1994 694 2057; x_wconf 67' lang='lat' dir='ltr'>plavia.</span> <span class='ocrx_word' id='word_1_163' title='bbox 730 1990 859 2041; x_wconf 79' lang='lat' dir='ltr'>Dolabella</span> <span class='ocrx_word' id='word_1_164' title='bbox 879 1991 1020 2040; x_wconf 88' lang='lat' dir='ltr'>colamnam</span> 
     </span>
     <span class='ocr_line' id='line_1_26' title="bbox 250 2058 1021 2123; baseline 0 -15"><span class='ocrx_word' id='word_1_165' title='bbox 250 2062 277 2108; x_wconf 90' lang='lat' dir='ltr'>in</span> <span class='ocrx_word' id='word_1_166' title='bbox 294 2059 348 2123; x_wconf 86' lang='lat' dir='ltr'>foro</span> <span class='ocrx_word' id='word_1_167' title='bbox 368 2075 383 2108; x_wconf 93' lang='lat' dir='ltr'>a</span> <span class='ocrx_word' id='word_1_168' title='bbox 400 2061 475 2123; x_wconf 87' lang='lat' dir='ltr'>plebe</span> <span class='ocrx_word' id='word_1_169' title='bbox 492 2058 592 2109; x_wconf 77' lang='lat' dir='ltr'>Caesari</span> <span class='ocrx_word' id='word_1_170' title='bbox 615 2068 734 2109; x_wconf 87' lang='lat' dir='ltr'>statutam</span> <span class='ocrx_word' id='word_1_171' title='bbox 750 2060 839 2109; x_wconf 86' lang='lat' dir='ltr'>evertit</span> <span class='ocrx_word' id='word_1_172' title='bbox 855 2058 1021 2121; x_wconf 87' lang='lat' dir='ltr'>hominesque</span> 
     </span>
     <span class='ocr_line' id='line_1_27' title="bbox 249 2125 1020 2191; baseline -0.001 -15"><span class='ocrx_word' id='word_1_173' title='bbox 249 2127 383 2176; x_wconf 89' lang='lat' dir='ltr'>seditiosos</span> <span class='ocrx_word' id='word_1_174' title='bbox 398 2127 492 2176; x_wconf 88' lang='lat' dir='ltr'>ultimis</span> <span class='ocrx_word' id='word_1_175' title='bbox 508 2128 638 2191; x_wconf 82' lang='lat' dir='ltr'>suppliciis</span> <span class='ocrx_word' id='word_1_176' title='bbox 656 2127 739 2177; x_wconf 89' lang='lat' dir='ltr'>alilcit.</span> <span class='ocrx_word' id='word_1_177' title='bbox 762 2127 788 2178; x_wconf 90' lang='lat' dir='ltr'>C.</span> <span class='ocrx_word' id='word_1_178' title='bbox 803 2127 929 2185; x_wconf 86' lang='lat' dir='ltr'>Octavius,</span> <span class='ocrx_word' id='word_1_179' title='bbox 945 2125 1020 2176; x_wconf 88' lang='lat' dir='ltr'>heres</span> 
     </span>
     <span class='ocr_line' id='line_1_28' title="bbox 249 2194 1017 2260; baseline -0.003 -16"><span class='ocrx_word' id='word_1_180' title='bbox 249 2195 362 2245; x_wconf 85' lang='lat' dir='ltr'>Caesaris</span> <span class='ocrx_word' id='word_1_181' title='bbox 381 2195 514 2260; x_wconf 83' lang='lat' dir='ltr'>Apollonia</span> <span class='ocrx_word' id='word_1_182' title='bbox 532 2195 663 2260; x_wconf 88' lang='lat' dir='ltr'>Neapolim</span> <span class='ocrx_word' id='word_1_183' title='bbox 683 2195 836 2246; x_wconf 81' lang='lat' dir='ltr'>renit&#39;XIV.</span> <span class='ocrx_word' id='word_1_184' title='bbox 853 2194 907 2244; x_wconf 87' lang='lat' dir='ltr'>Kal.</span> <span class='ocrx_word' id='word_1_185' title='bbox 928 2194 1017 2243; x_wconf 89' lang='lat' dir='ltr'>Maias.</span> 
     </span>
     <span class='ocr_line' id='line_1_29' title="bbox 248 2263 1020 2324; baseline 0 -13"><span class='ocrx_word' id='word_1_186' title='bbox 248 2263 366 2312; x_wconf 84' lang='lat' dir='ltr'>Kalendis</span> <span class='ocrx_word' id='word_1_187' title='bbox 383 2263 460 2313; x_wconf 91' lang='lat' dir='ltr'>Iuniis</span> <span class='ocrx_word' id='word_1_188' title='bbox 477 2271 605 2313; x_wconf 87' lang='lat' dir='ltr'>senatores</span> <span class='ocrx_word' id='word_1_189' title='bbox 623 2279 679 2315; x_wconf 90' lang='lat' dir='ltr'>cum</span> <span class='ocrx_word' id='word_1_190' title='bbox 696 2265 723 2313; x_wconf 93' lang='lat' dir='ltr'>in</span> <span class='ocrx_word' id='word_1_191' title='bbox 740 2273 837 2324; x_wconf 86' lang='lat' dir='ltr'>senata,</span> <span class='ocrx_word' id='word_1_192' title='bbox 856 2271 884 2312; x_wconf 87' lang='lat' dir='ltr'>nt</span> <span class='ocrx_word' id='word_1_193' title='bbox 894 2264 1020 2312; x_wconf 82' lang='lat' dir='ltr'>Antonius</span> 
     </span>
     <span class='ocr_line' id='line_1_30' title="bbox 249 2332 1019 2395; baseline -0.003 -14"><span class='ocrx_word' id='word_1_194' title='bbox 249 2332 374 2391; x_wconf 84' lang='lat' dir='ltr'>edixerat,</span> <span class='ocrx_word' id='word_1_195' title='bbox 392 2332 482 2383; x_wconf 86' lang='lat' dir='ltr'>adesse</span> <span class='ocrx_word' id='word_1_196' title='bbox 497 2332 602 2392; x_wconf 85' lang='lat' dir='ltr'>vellent,</span> <span class='ocrx_word' id='word_1_197' title='bbox 622 2347 747 2383; x_wconf 89' lang='lat' dir='ltr'>armorum</span> <span class='ocrx_word' id='word_1_198' title='bbox 768 2334 822 2382; x_wconf 91' lang='lat' dir='ltr'>eius</span> <span class='ocrx_word' id='word_1_199' title='bbox 838 2340 907 2381; x_wconf 89' lang='lat' dir='ltr'>metu</span> <span class='ocrx_word' id='word_1_200' title='bbox 922 2339 1019 2395; x_wconf 88' lang='lat' dir='ltr'>perter-</span> 
     </span>
     <span class='ocr_line' id='line_1_31' title="bbox 248 2399 1019 2465; baseline -0.001 -16"><span class='ocrx_word' id='word_1_201' title='bbox 248 2401 289 2449; x_wconf 92' lang='lat' dir='ltr'>riti</span> <span class='ocrx_word' id='word_1_202' title='bbox 307 2399 449 2465; x_wconf 79' lang='lat' dir='ltr'>diffugiant.</span> <span class='ocrx_word' id='word_1_203' title='bbox 486 2400 570 2449; x_wconf 88' lang='lat' dir='ltr'>Cicero</span> <span class='ocrx_word' id='word_1_204' title='bbox 588 2401 660 2450; x_wconf 88' lang='lat' dir='ltr'>villas</span> <span class='ocrx_word' id='word_1_205' title='bbox 677 2402 728 2450; x_wconf 92' lang='lat' dir='ltr'>obit</span> <span class='ocrx_word' id='word_1_206' title='bbox 746 2410 770 2450; x_wconf 90' lang='lat' dir='ltr'>et</span> <span class='ocrx_word' id='word_1_207' title='bbox 787 2401 863 2451; x_wconf 89' lang='lat' dir='ltr'>libros</span> <span class='ocrx_word' id='word_1_208' title='bbox 881 2401 912 2448; x_wconf 85' lang='lat' dir='ltr'>de</span> <span class='ocrx_word' id='word_1_209' title='bbox 928 2401 1019 2463; x_wconf 74' lang='lat' dir='ltr'>officiis</span> 
     </span>
     <span class='ocr_line' id='line_1_32' title="bbox 248 2468 1018 2533; baseline -0.001 -17"><span class='ocrx_word' id='word_1_210' title='bbox 248 2469 357 2518; x_wconf 89' lang='lat' dir='ltr'>scribere</span> <span class='ocrx_word' id='word_1_211' title='bbox 379 2470 531 2533; x_wconf 77' lang='lat' dir='ltr'>aggreditur.</span> <span class='ocrx_word' id='word_1_212' title='bbox 567 2469 598 2518; x_wconf 87' lang='lat' dir='ltr'>Et</span> <span class='ocrx_word' id='word_1_213' title='bbox 620 2486 676 2519; x_wconf 89' lang='lat' dir='ltr'>cum</span> <span class='ocrx_word' id='word_1_214' title='bbox 697 2469 802 2519; x_wconf 83' lang='lat' dir='ltr'>haberet</span> <span class='ocrx_word' id='word_1_215' title='bbox 823 2470 862 2517; x_wconf 88' lang='lat' dir='ltr'>ius</span> <span class='ocrx_word' id='word_1_216' title='bbox 883 2468 1018 2532; x_wconf 79' lang='lat' dir='ltr'>legationis</span> 
     </span>
     <span class='ocr_line' id='line_1_33' title="bbox 247 2534 1016 2601; baseline 0 -17"><span class='ocrx_word' id='word_1_217' title='bbox 247 2537 355 2596; x_wconf 86' lang='lat' dir='ltr'>liberae,</span> <span class='ocrx_word' id='word_1_218' title='bbox 382 2538 514 2586; x_wconf 85' lang='lat' dir='ltr'>consilium</span> <span class='ocrx_word' id='word_1_219' title='bbox 541 2540 607 2601; x_wconf 83' lang='lat' dir='ltr'>cepit</span> <span class='ocrx_word' id='word_1_220' title='bbox 630 2540 655 2586; x_wconf 91' lang='lat' dir='ltr'>in</span> <span class='ocrx_word' id='word_1_221' title='bbox 678 2536 816 2587; x_wconf 89' lang='lat' dir='ltr'>Graeciam</span> <span class='ocrx_word' id='word_1_222' title='bbox 833 2534 1016 2600; x_wconf 80' lang='lat' dir='ltr'>proficiscendi.</span> 
     </span>
     <span class='ocr_line' id='line_1_34' title="bbox 246 2602 1018 2670; baseline 0 -17"><span class='ocrx_word' id='word_1_223' title='bbox 246 2606 333 2667; x_wconf 88' lang='lat' dir='ltr'>Itaque</span> <span class='ocrx_word' id='word_1_224' title='bbox 353 2603 407 2654; x_wconf 88' lang='lat' dir='ltr'>XII.</span> <span class='ocrx_word' id='word_1_225' title='bbox 430 2604 485 2658; x_wconf 85' lang='lat' dir='ltr'>Kal.</span> <span class='ocrx_word' id='word_1_226' title='bbox 506 2602 593 2659; x_wconf 83' lang='lat' dir='ltr'>Sextii.</span> <span class='ocrx_word' id='word_1_227' title='bbox 617 2606 691 2656; x_wconf 88' lang='lat' dir='ltr'>Velia</span> <span class='ocrx_word' id='word_1_228' title='bbox 712 2605 887 2670; x_wconf 82' lang='lat' dir='ltr'>proficiscens,</span> <span class='ocrx_word' id='word_1_229' title='bbox 911 2604 969 2667; x_wconf 89' lang='lat' dir='ltr'>(ubi</span> <span class='ocrx_word' id='word_1_230' title='bbox 991 2607 1018 2653; x_wconf 89' lang='lat' dir='ltr'>in</span> 
     </span>
     <span class='ocr_line' id='line_1_35' title="bbox 247 2671 1018 2738; baseline -0.003 -15"><span class='ocrx_word' id='word_1_231' title='bbox 247 2675 304 2738; x_wconf 89' lang='lat' dir='ltr'>ipsa</span> <span class='ocrx_word' id='word_1_232' title='bbox 321 2674 481 2736; x_wconf 81' lang='lat' dir='ltr'>navigatione</span> <span class='ocrx_word' id='word_1_233' title='bbox 501 2671 594 2735; x_wconf 80' lang='lat' dir='ltr'>Topica</span> <span class='ocrx_word' id='word_1_234' title='bbox 611 2675 645 2724; x_wconf 91' lang='lat' dir='ltr'>ad</span> <span class='ocrx_word' id='word_1_235' title='bbox 660 2674 803 2724; x_wconf 82' lang='lat' dir='ltr'>Tmbatinm</span> <span class='ocrx_word' id='word_1_236' title='bbox 820 2672 932 2738; x_wconf 87' lang='lat' dir='ltr'>scripsit)</span> <span class='ocrx_word' id='word_1_237' title='bbox 951 2673 1018 2722; x_wconf 90' lang='lat' dir='ltr'>Rhe-</span> 
     </span>
     <span class='ocr_line' id='line_1_36' title="bbox 247 2739 1017 2807; baseline 0 -18"><span class='ocrx_word' id='word_1_238' title='bbox 247 2743 318 2807; x_wconf 75' lang='lat' dir='ltr'>gium</span> <span class='ocrx_word' id='word_1_239' title='bbox 334 2749 358 2790; x_wconf 89' lang='lat' dir='ltr'>et</span> <span class='ocrx_word' id='word_1_240' title='bbox 373 2739 428 2789; x_wconf 83' lang='lat' dir='ltr'>Kal.</span> <span class='ocrx_word' id='word_1_241' title='bbox 442 2739 511 2791; x_wconf 86' lang='lat' dir='ltr'>Sext.</span> <span class='ocrx_word' id='word_1_242' title='bbox 526 2741 661 2807; x_wconf 77' lang='lat' dir='ltr'>Syracusas</span> <span class='ocrx_word' id='word_1_243' title='bbox 674 2742 751 2791; x_wconf 88' lang='lat' dir='ltr'>venit.</span> <span class='ocrx_word' id='word_1_244' title='bbox 786 2743 846 2791; x_wconf 90' lang='lat' dir='ltr'>Inde</span> <span class='ocrx_word' id='word_1_245' title='bbox 860 2750 962 2806; x_wconf 89' lang='lat' dir='ltr'>postero</span> <span class='ocrx_word' id='word_1_246' title='bbox 976 2743 1017 2791; x_wconf 91' lang='lat' dir='ltr'>die</span> 
     </span>
     <span class='ocr_line' id='line_1_37' title="bbox 247 2810 1017 2874; baseline 0.001 -17"><span class='ocrx_word' id='word_1_247' title='bbox 247 2824 311 2859; x_wconf 85' lang='lat' dir='ltr'>nave</span> <span class='ocrx_word' id='word_1_248' title='bbox 330 2823 466 2859; x_wconf 88' lang='lat' dir='ltr'>conscensa</span> <span class='ocrx_word' id='word_1_249' title='bbox 482 2813 564 2859; x_wconf 85' lang='lat' dir='ltr'>ventis</span> <span class='ocrx_word' id='word_1_250' title='bbox 582 2812 690 2860; x_wconf 85' lang='lat' dir='ltr'>reiectus</span> <span class='ocrx_word' id='word_1_251' title='bbox 707 2810 741 2860; x_wconf 88' lang='lat' dir='ltr'>ad</span> <span class='ocrx_word' id='word_1_252' title='bbox 762 2810 943 2874; x_wconf 83' lang='lat' dir='ltr'>Leucopetram</span> <span class='ocrx_word' id='word_1_253' title='bbox 959 2824 1017 2874; x_wconf 91' lang='lat' dir='ltr'>prc-</span> 
     </span>
     <span class='ocr_line' id='line_1_38' title="bbox 246 2875 1018 2944; baseline 0 -18"><span class='ocrx_word' id='word_1_254' title='bbox 246 2875 398 2927; x_wconf 88' lang='lat' dir='ltr'>&#39;montorinm</span> <span class='ocrx_word' id='word_1_255' title='bbox 415 2879 470 2943; x_wconf 76' lang='lat' dir='ltr'>agri</span> <span class='ocrx_word' id='word_1_256' title='bbox 483 2877 600 2944; x_wconf 82' lang='lat' dir='ltr'>Rhegini,</span> <span class='ocrx_word' id='word_1_257' title='bbox 620 2893 677 2928; x_wconf 90' lang='lat' dir='ltr'>cum</span> <span class='ocrx_word' id='word_1_258' title='bbox 690 2878 799 2943; x_wconf 77' lang='lat' dir='ltr'>Rhegini</span> <span class='ocrx_word' id='word_1_259' title='bbox 817 2879 919 2940; x_wconf 85' lang='lat' dir='ltr'>quidam</span> <span class='ocrx_word' id='word_1_260' title='bbox 936 2877 1018 2926; x_wconf 83' lang='lat' dir='ltr'>Roma</span> 
     </span>
     <span class='ocr_line' id='line_1_39' title="bbox 245 2945 1065 3011; baseline -0.004 -14"><span class='ocrx_word' id='word_1_261' title='bbox 245 2947 375 2997; x_wconf 80' lang='lat' dir='ltr'>venientes</span> <span class='ocrx_word' id='word_1_262' title='bbox 392 2961 422 2995; x_wconf 88' lang='lat' dir='ltr'>ea</span> <span class='ocrx_word' id='word_1_263' title='bbox 437 2951 590 3007; x_wconf 84' lang='lat' dir='ltr'>narrassent,</span> <span class='ocrx_word' id='word_1_264' title='bbox 605 2962 670 3010; x_wconf 89' lang='lat' dir='ltr'>quae</span> <span class='ocrx_word' id='word_1_265' title='bbox 687 2961 759 3011; x_wconf 86' lang='lat' dir='ltr'>spem</span> <span class='ocrx_word' id='word_1_266' title='bbox 777 2947 886 2996; x_wconf 86' lang='lat' dir='ltr'>iacerent</span> <span class='ocrx_word' id='word_1_267' title='bbox 903 2945 970 3006; x_wconf 84' lang='lat' dir='ltr'>lore,</span> <span class='ocrx_word' id='word_1_268' title='bbox 989 2954 1018 2995; x_wconf 88' lang='lat' dir='ltr'>ut</span> <span class='ocrx_word' id='word_1_269' title='bbox 1059 2961 1065 2973; x_wconf 73' lang='lat'><strong><em>‘</em></strong></span> 
     </span>
     <span class='ocr_line' id='line_1_40' title="bbox 245 3014 1018 3066; baseline -0.003 -2"><span class='ocrx_word' id='word_1_270' title='bbox 245 3015 369 3064; x_wconf 76' lang='lat' dir='ltr'>Antonius</span> <span class='ocrx_word' id='word_1_271' title='bbox 385 3014 484 3063; x_wconf 87' lang='lat' dir='ltr'>cederet</span> <span class='ocrx_word' id='word_1_272' title='bbox 499 3023 523 3064; x_wconf 90' lang='lat' dir='ltr'>et</span> <span class='ocrx_word' id='word_1_273' title='bbox 535 3014 648 3064; x_wconf 85' lang='lat' dir='ltr'>Caesaris</span> <span class='ocrx_word' id='word_1_274' title='bbox 666 3015 836 3066; x_wconf 76' lang='lat' dir='ltr'>interlectcres</span> <span class='ocrx_word' id='word_1_275' title='bbox 854 3014 960 3063; x_wconf 87' lang='lat' dir='ltr'>Romam</span> <span class='ocrx_word' id='word_1_276' title='bbox 977 3029 1018 3063; x_wconf 90' lang='lat' dir='ltr'>re-</span> 
     </span>
     <span class='ocr_line' id='line_1_41' title="bbox 247 3082 1017 3145; baseline 0 -12"><span class='ocrx_word' id='word_1_277' title='bbox 247 3085 341 3145; x_wconf 90' lang='lat' dir='ltr'>dirent,</span> <span class='ocrx_word' id='word_1_278' title='bbox 361 3082 503 3133; x_wconf 86' lang='lat' dir='ltr'>Ciceronem</span> <span class='ocrx_word' id='word_1_279' title='bbox 522 3099 580 3134; x_wconf 90' lang='lat' dir='ltr'>vero</span> <span class='ocrx_word' id='word_1_280' title='bbox 598 3084 734 3134; x_wconf 89' lang='lat' dir='ltr'>desiderari</span> <span class='ocrx_word' id='word_1_281' title='bbox 752 3091 784 3145; x_wconf 91' lang='lat' dir='ltr'>et,</span> <span class='ocrx_word' id='word_1_282' title='bbox 804 3084 873 3145; x_wconf 89' lang='lat' dir='ltr'>quod</span> <span class='ocrx_word' id='word_1_283' title='bbox 889 3082 955 3132; x_wconf 89' lang='lat' dir='ltr'>Urbe</span> <span class='ocrx_word' id='word_1_284' title='bbox 972 3083 1017 3133; x_wconf 86' lang='lat' dir='ltr'>ab·</span> 
     </span>
     <span class='ocr_line' id='line_1_42' title="bbox 246 3151 1017 3232; baseline -0.005 -29"><span class='ocrx_word' id='word_1_285' title='bbox 246 3161 322 3214; x_wconf 90' lang='lat' dir='ltr'>esset,</span> <span class='ocrx_word' id='word_1_286' title='bbox 341 3152 453 3202; x_wconf 87' lang='lat' dir='ltr'>accusari</span> <span class='ocrx_word' id='word_1_287' title='bbox 471 3152 603 3213; x_wconf 87' lang='lat' dir='ltr'>dixissent,</span> <span class='ocrx_word' id='word_1_288' title='bbox 619 3153 793 3232; x_wconf 42' lang='lat' dir='ltr'>prolectIcnis·</span> <span class='ocrx_word' id='word_1_289' title='bbox 799 3151 902 3200; x_wconf 89' lang='lat' dir='ltr'>consilio</span> <span class='ocrx_word' id='word_1_290' title='bbox 920 3151 1017 3199; x_wconf 90' lang='lat' dir='ltr'>abiecto</span> 
     </span>
     <span class='ocr_line' id='line_1_43' title="bbox 245 3218 1016 3286; baseline -0.003 -17"><span class='ocrx_word' id='word_1_291' title='bbox 245 3221 353 3273; x_wconf 84' lang='lat' dir='ltr'>Romam</span> <span class='ocrx_word' id='word_1_292' title='bbox 369 3228 487 3286; x_wconf 88' lang='lat' dir='ltr'>properat</span> <span class='ocrx_word' id='word_1_293' title='bbox 502 3227 526 3271; x_wconf 91' lang='lat' dir='ltr'>et</span> <span class='ocrx_word' id='word_1_294' title='bbox 542 3221 607 3284; x_wconf 89' lang='lat' dir='ltr'>prid</span> <span class='ocrx_word' id='word_1_295' title='bbox 625 3221 678 3271; x_wconf 85' lang='lat' dir='ltr'>Kal.</span> <span class='ocrx_word' id='word_1_296' title='bbox 698 3218 793 3286; x_wconf 81' lang='lat' dir='ltr'>Sept&#39;</span> <span class='ocrx_word' id='word_1_297' title='bbox 785 3234 812 3268; x_wconf 92' lang='grc' dir='ltr'>ιιι</span> <span class='ocrx_word' id='word_1_298' title='bbox 829 3219 921 3269; x_wconf 89' lang='lat' dir='ltr'>Urbem</span> <span class='ocrx_word' id='word_1_299' title='bbox 939 3220 1016 3268; x_wconf 87' lang='lat' dir='ltr'>veuit.</span> 
     </span>
     <span class='ocr_line' id='line_1_44' title="bbox 246 3286 1017 3367; baseline -0.003 -30"><span class='ocrx_word' id='word_1_300' title='bbox 246 3290 370 3338; x_wconf 82' lang='lat' dir='ltr'>Antonias</span> <span class='ocrx_word' id='word_1_301' title='bbox 386 3289 442 3340; x_wconf 83' lang='lat' dir='ltr'>Kal.</span> <span class='ocrx_word' id='word_1_302' title='bbox 458 3287 526 3353; x_wconf 84' lang='lat' dir='ltr'>Sept.</span> <span class='ocrx_word' id='word_1_303' title='bbox 545 3297 658 3339; x_wconf 88' lang='lat' dir='ltr'>senatum</span> <span class='ocrx_word' id='word_1_304' title='bbox 674 3289 761 3338; x_wconf 84' lang='lat' dir='ltr'>halmit</span> <span class='ocrx_word' id='word_1_305' title='bbox 779 3288 810 3336; x_wconf 88' lang='lat' dir='ltr'>de</span> <span class='ocrx_word' id='word_1_306' title='bbox 827 3286 1017 3367; x_wconf 80' lang='lat' dir='ltr'>supplicationi-</span> 
     </span>
     <span class='ocr_line' id='line_1_45' title="bbox 246 3355 1016 3414; baseline -0.001 -9"><span class='ocrx_word' id='word_1_307' title='bbox 246 3357 293 3405; x_wconf 88' lang='lat' dir='ltr'>bus</span> <span class='ocrx_word' id='word_1_308' title='bbox 306 3356 407 3406; x_wconf 86' lang='lat' dir='ltr'>Caesari</span> <span class='ocrx_word' id='word_1_309' title='bbox 421 3357 593 3407; x_wconf 86' lang='lat' dir='ltr'>decernendis.</span> <span class='ocrx_word' id='word_1_310' title='bbox 613 3355 698 3407; x_wconf 81' lang='lat' dir='ltr'>Cicero</span> <span class='ocrx_word' id='word_1_311' title='bbox 711 3359 737 3405; x_wconf 94' lang='lat' dir='ltr'>ln</span> <span class='ocrx_word' id='word_1_312' title='bbox 749 3362 865 3404; x_wconf 88' lang='lat' dir='ltr'>senatum</span> <span class='ocrx_word' id='word_1_313' title='bbox 876 3370 926 3403; x_wconf 92' lang='lat' dir='ltr'>non</span> <span class='ocrx_word' id='word_1_314' title='bbox 939 3357 1016 3414; x_wconf 87' lang='lat' dir='ltr'>venit,</span> 
     </span>
     <span class='ocr_line' id='line_1_46' title="bbox 246 3423 1019 3484; baseline 0.003 -12"><span class='ocrx_word' id='word_1_315' title='bbox 246 3423 353 3473; x_wconf 77' lang='lat' dir='ltr'>fumasse</span> <span class='ocrx_word' id='word_1_316' title='bbox 368 3434 481 3474; x_wconf 79' lang='lat' dir='ltr'>metucns</span> <span class='ocrx_word' id='word_1_317' title='bbox 497 3425 530 3474; x_wconf 87' lang='lat' dir='ltr'>ab</span> <span class='ocrx_word' id='word_1_318' title='bbox 540 3426 650 3475; x_wconf 76' lang='lat' dir='ltr'>Antonio</span> <span class='ocrx_word' id='word_1_319' title='bbox 666 3424 780 3484; x_wconf 86' lang='lat' dir='ltr'>insidias,</span> <span class='ocrx_word' id='word_1_320' title='bbox 800 3425 867 3474; x_wconf 89' lang='lat' dir='ltr'>misit</span> <span class='ocrx_word' id='word_1_321' title='bbox 884 3432 968 3473; x_wconf 87' lang='lat' dir='ltr'>tamea</span> <span class='ocrx_word' id='word_1_322' title='bbox 985 3424 1019 3474; x_wconf 87' lang='lat' dir='ltr'>ad</span> 
     </span>
    </p>
   </div>
   <div class='ocr_carea' id='block_1_4' title="bbox 0 0 1182 3854">
    <p class='ocr_par' dir='ltr' id='par_1_10' title="bbox 0 0 1182 3854">
     <span class='ocr_line' id='line_1_47' title="bbox 0 0 1182 3854; baseline 0 2"><span class='ocrx_word' id='word_1_323' title='bbox 0 0 1182 3854; x_wconf 95' lang='lat' dir='ltr'> </span> 
     </span>
    </p>
   </div>
  </div>
 </body>
</html>
