2356 3854
374 165 456 226 cnr.
473 173 587 227 a-ro.
608 171 634 232 a.
651 175 781 228 ra-ar.
817 246 825 265 E
1036 168 1098 233 ast
1121 163 1126 170 ‘

70 315 212 374 ocultum
233 311 391 387 ridebant,
415 323 445 375 et
465 317 549 389 quod
570 325 633 376 emt
654 331 692 376 eo
709 316 846 389 nomine,
869 325 902 377 ut
922 304 1096 391 ingenerata

70 395 197 457 emiliae
213 396 369 470 frugalitas
384 398 552 471 videretur,
574 399 730 473 favebant,
747 400 935 473 gaudebant,
954 407 984 459 et
995 401 1036 460 ad
1050 400 1095 459 in·
1132 456 1135 461 .

70 479 234 554 egritatern
249 479 395 540 maiorum
411 496 468 554 spe
482 498 539 540 sua
555 482 706 540 hominem
730 481 882 542 vocabant
905 483 1030 542 materni
1044 499 1095 558 ge·

70 563 149 622 'neris
177 561 271 623 obliti.
309 561 360 624 22.
390 563 455 635 Ego
481 572 580 622 autem
602 579 742 623 -vere
767 564 880 637 dicam,
907 567 1039 637 iudices,
1053 599 1096 613 -

70 652 180 706 anuum
191 660 263 704 esse
273 646 304 703 in
316 646 438 705 homine
448 648 589 719 sceleris,
605 647 768 717 audaciae,
784 647 983 717 crudelitatis
1001 666 1108 722 quan*

70 737 127 787 tum
141 728 211 800 ipse
233 743 300 787 cum
319 744 353 787 re
373 728 495 802 publiea
511 730 608 801 sensi,
632 744 797 803 numquam
814 731 926 802 putavi.
951 731 1095 805 'Nequam

70 826 137 871 esse
152 809 305 869 hominem
326 819 357 871 et
377 812 473 870 levem
490 819 520 872 ct
539 814 616 870 salsa
637 811 794 887 opinione,
819 827 922 874 errore
942 812 1095 873 hominum

70 894 106 952 ab
119 893 328 952 adolescentia
343 894 584 955 commenditum
600 895 742 956 sciebam.
771 894 887 954 Etenim
899 894 1017 953 animus
1030 897 1095 956 eius

70 977 165 1048 vultu,
183 973 297 1048 flagitia
311 975 476 1050 parietibus
490 977 683 1051 tegebantur:
701 978 757 1037 sed
768 977 844 1036 haec
858 977 1023 1037 obstructio
1038 994 1095 1038 nee

71 1058 206 1118 diuturna
228 1067 276 1118 est
297 1075 398 1133 neque
419 1060 551 1119 obducta
571 1061 627 1132 ita,
649 1068 682 1120 ut
697 1056 826 1122 curiosis'
849 1059 946 1119 oculis
962 1061 1095 1135 perspici

71 1158 128 1202 non
141 1140 254 1215 possit
393 1198 396 1204 ⁴

148 1225 185 1283 X.
200 1223 390 1284 Videbamus
400 1241 499 1299 genus
511 1224 604 1297 vitae,
618 1224 781 1299 desidiam,
792 1225 945 1285 inertiam:
960 1225 1094 1286 inclusas

70 1307 136 1366 eius
150 1305 305 1379 libidines,
329 1307 381 1382 qui
397 1309 498 1381 paulic
516 1309 642 1382 propius
656 1317 865 1382 accesserant,
886 1308 1093 1370 intuebantur:

70 1388 197 1464 denique
211 1390 302 1450 etiarn
317 1390 466 1450 sermonis
482 1408 573 1451 ansas
586 1392 693 1464 dabat,
710 1392 821 1467 quibus
835 1392 1011 1453 reconditos
1024 1391 1092 1452 eius

70 1487 176 1532 sensus
191 1479 297 1532 tenere
313 1488 486 1546 possemus.
525 1474 575 1535 23.
597 1476 753 1536 Laudabat
767 1476 857 1535 homo
874 1473 982 1536 doctus
996 1474 1093 1549 philo-

70 1556 182 1629 sophos
197 1555 305 1616 nescio
321 1573 415 1631 quos,
432 1573 533 1631 neque
548 1575 652 1618 eorum
668 1568 765 1618 umen
776 1560 904 1618 nomina
920 1565 1036 1632 poterat
1051 1558 1108 1617 di-'

70 1653 150 1698 cerea
169 1640 226 1698 sed
243 1651 342 1699 tamen
357 1656 411 1699 eos
428 1641 571 1700 laudabat
586 1641 731 1712 maxime,
749 1641 801 1715 qui
817 1640 956 1701 dicuntur
973 1649 1094 1713 praeter

70 1729 203 1781 caeteros
219 1738 291 1782 esse
306 1731 445 1782 auctores
461 1731 490 1782 ct
503 1723 677 1782 laudatores
694 1721 871 1796 voluptatis:
890 1722 977 1781 euius
990 1729 1021 1781 et
1033 1738 1092 1794 quo

70 1809 201 1879 tempore
212 1813 244 1864 et
254 1822 316 1880 quo
328 1806 420 1866 modo
434 1822 496 1866 non
508 1806 686 1880 quaerebat:
703 1806 828 1865 verbum
840 1805 940 1877 ipsum
954 1803 1092 1863 omnibus

70 1889 200 1958 partibus
217 1888 308 1947 annui
325 1897 355 1948 et
372 1890 509 1962 eorporis
525 1888 707 1948 devorabat:
730 1889 922 1961 eosdemque·
938 1886 1094 1960 praeclare

71 1969 166 2031 dicere
182 1969 298 2043 aiebat,
316 1971 471 2044 sapientes
487 1970 589 2031 omnia
605 1987 662 2030 sua
676 1986 770 2030 causa
785 1971 900 2030 iacere:
918 1985 981 2027 rem
996 1969 1092 2043 publi·

71 2067 128 2113 mm
150 2069 318 2127 capessere
341 2054 493 2115 hominem
517 2055 596 2112 bene
622 2070 728 2114 sanum
752 2070 812 2113 non
838 2061 994 2129 oportere:
1021 2051 1093 2111 nihil

70 2150 132 2197 esse
144 2135 361 2211 praestabilius
373 2140 479 2199 ociosa
491 2140 568 2210 vita,
581 2137 673 2211 plena
684 2147 714 2197 et
726 2138 861 2197 conferta
872 2133 1093 2210 uoluptatibus:

70 2231 115 2281 eos
131 2228 251 2293 autern,
276 2221 328 2294 qui
347 2221 484 2282 dicerem
504 2220 640 2295 dignitati
658 2237 730 2281 esse
746 2219 956 2290 serviendum,
977 2217 1022 2276 rei
1038 2234 1093 2293 pu-

70 2297 160 2363 blicae
177 2304 415 2377 consulendum,
431 2304 524 2364 oflicii
538 2304 685 2381 rationem
701 2304 731 2363 in
748 2302 830 2362 omni
843 2303 920 2372 vita,
938 2317 1000 2360 non
1011 2315 1093 2360 com·

70 2387 230 2465 uodiesse
244 2387 430 2461 ducendam,
452 2388 594 2447 adeunda
611 2404 667 2461 pro
685 2387 782 2461 patria
797 2386 947 2460 pericula,
969 2384 1094 2443 vulnera

70 2469 262 2544 incipienda,
284 2478 411 2529 mortem
427 2472 646 2544 oppetendam,
670 2469 827 2530 vaticinari
848 2477 939 2543 atque
959 2466 1093 2526 insanire

70 2549 193 2613 licebat.
229 2549 278 2622 24.
299 2553 344 2611 Ex
360 2552 408 2612 his
422 2554 560 2614 adsiduis
578 2553 644 2613 eius
662 2551 885 2627 cotidianisque
901 2550 1092 2613 sermonibus

73 2635 198 2711 tquod
222 2635 363 2695 videbam
386 2637 564 2710 quibuscum
589 2634 762 2697 hominibus
787 2635 816 2694 in
840 2634 983 2695 interiore
1006 2640 1094 2709 parte

70 2719 184 2780 edium
206 2717 323 2778 viveret
341 2728 372 2778 et
395 2721 479 2793 quod
500 2720 542 2779 ita
561 2720 673 2779 domus
692 2719 762 2794 ipsa
779 2719 928 2791 fumabat,
953 2725 987 2778 ut
1001 2717 1095 2777 multa

71 2803 124 2862 ius
140 2801 293 2861 sermonis
308 2801 420 2861 indicia
434 2803 615 2874 redolerent,
628 2803 797 2861 statuebam
812 2802 865 2871 sic,
880 2801 952 2861 boni
967 2799 1040 2859 nihil
1055 2797 1093 2856 ab

70 2885 116 2944 ‚lis
139 2883 232 2957 nugis
251 2887 505 2958 exspectandum,
530 2885 601 2944 mali
616 2886 737 2959 quidem
759 2893 841 2944 certe
860 2882 933 2942 nihil
954 2881 1093 2954 pertime-

70 2968 222 3028 cendum.
257 2967 319 3026 Sed
332 2968 374 3026 ita
389 2975 452 3039 est,
472 2966 604 3039 iudices,
627 2975 674 3036 ut,
696 2967 722 3026 si
736 2966 869 3040 gladium
885 2980 981 3039 parvo
996 2977 1093 3036 puero

70 3059 107 3112 ut
123 3051 153 3109 si
167 3049 319 3111 imbecillo
336 3049 402 3110 seni
421 3057 473 3108 aut
486 3048 580 3107 debili
595 3049 733 3120 dederiS,
756 3048 825 3122 ipse
839 3049 953 3120 impetu
967 3060 1025 3105 suo
1043 3059 1094 3102 ne·

70 3132 132 3193 tini
150 3141 275 3192 noceam
301 3134 348 3193 sin
364 3133 404 3192 ad
420 3132 535 3192 nudum
553 3132 601 3191 vel
619 3130 775 3192 tortissimi
791 3129 846 3189 viri
862 3145 974 3202 corpus
989 3142 1094 3186 acces-

70 3215 150 3288 erit,
177 3217 276 3288 possit
290 3216 357 3275 acie
379 3215 448 3289 ipsa
465 3223 495 3274 et
514 3211 586 3272 ferri
607 3212 722 3273 viribus
744 3214 920 3283 vulnerare,
941 3209 982 3271 ita
1000 3226 1094 3285 quum
1145 3262 1150 3277 ,

70 3297 235 3359 ominibus
250 3298 403 3359 enervatis
418 3306 510 3372 atque
525 3294 733 3370 exsanguibus
748 3297 925 3355 consulatus
940 3296 1094 3369 mntqiram

70 3378 183 3443 ’ladius
202 3389 287 3442 esset
309 3382 414 3453 datus,
440 3381 492 3455 qui
513 3397 569 3455 per
584 3395 620 3439 se
635 3394 771 3453 pungere
786 3377 936 3438 neminem
950 3392 1093 3453 umquem
1120 3376 1124 3385 '
