2356 3854
378 177 803 246 cAP.ar—ar.§.ra-sr.
948 138 954 148 ἱ
1048 187 1111 252 263
1149 180 1177 217 ·’

70 329 202 404 quidem
222 343 258 387 ac
278 328 403 403 lugendi
425 327 464 389 sit
484 339 638 404 potestas,
666 339 726 392 tam
743 344 850 409 captus
866 348 1009 411 equester
1024 341 1111 414 ordo,

70 421 106 472 ut
121 411 245 487 equites
260 413 388 472 Romani
405 429 423 471 a
438 415 564 474 consule
581 416 761 488 relegentur.
800 418 883 492 Quae
901 439 993 495 quum
1010 423 1109 485 omnia

70 503 169 570 atque
184 494 275 555 etiam
290 497 383 556 multo
397 495 455 555 alia
470 497 598 569 maiora,
618 514 697 572 quae
711 501 850 562 consulto
868 512 1042 578 praetereo,
1059 523 1109 567 ac·

73 578 240 653 cidissent,
267 579 379 640 videtis
399 595 448 640 me
468 588 566 640 tamen
589 582 618 639 in
640 598 737 642 meam
757 583 913 658 pristinam
936 588 1109 663 dignitatem

73 662 162 724 brevi
182 671 322 736 tempore
343 664 458 724 doloris
475 663 631 725 interiecto
650 664 695 725 rei
716 667 858 741 publicae
874 687 952 730 voce
975 688 1044 732 esse
1061 690 1108 733 re·

74 754 228 807 vocatum.

121 869 130 879 -
157 828 266 892 XXIV.
280 827 331 891 53.
352 828 414 888 Sed
435 839 468 890 nt
483 840 620 891 revertar
637 833 676 892 ad
696 833 786 904 illud,
814 835 897 906 quod
914 835 985 895 mibi
1001 836 1030 895 in
1051 839 1109 900 lrac

77 913 156 974 omni
172 921 222 973 est
236 911 373 972 oratione
391 915 598 988 propositum,
617 915 758 976 omnibus
774 916 861 975 malis
879 918 929 978 illo
946 935 1024 979 anno
1042 937 1108 981 sce·

80 996 138 1057 lare
158 996 318 1056 consulum
340 1012 404 1054 rem
425 998 578 1071 publicam
602 1015 673 1059 esse
695 1001 880 1072 confectam,
906 1002 1035 1076 primum
1056 1001 1107 1064 illo

80 1075 143 1153 ipso
161 1080 226 1151 die,
256 1079 308 1154 qni
331 1079 403 1163 milri
424 1082 562 1140 funestus
579 1082 648 1155 luit,
675 1081 816 1143 omnibus
831 1083 922 1142 bonis
938 1086 1106 1159 luctuosus,

84 1178 169 1235 quum
184 1179 242 1237 ego
258 1165 307 1245 me
324 1179 342 1222 e
360 1165 522 1238 complexu
544 1166 659 1238 patriae
680 1174 910 1241 conspectuque
932 1175 1034 1229 vestro
1050 1167 1107 1228 eri·

82 1248 211 1318 puissenr
233 1254 263 1306 et
283 1254 365 1309 metu
385 1247 479 1306 vestri
500 1247 641 1321 periculi,
669 1249 825 1323 non‘mei,
851 1251 944 1311 lurori
966 1251 1107 1324 hominis,

81 1331 191 1400 sceleri,
209 1329 365 1405 perfidiae,
381 1329 449 1390 telis
465 1331 616 1405 minisque
632 1333 798 1392 cessissem
813 1334 1012 1409 patriamque,
1028 1351 1107 1409 quae

82 1412 146 1472 mibi
157 1420 222 1474 erat
233 1412 406 1485 carissima,
425 1422 550 1488 propter
563 1414 661 1489 ipsius
672 1416 787 1491 patriae
800 1419 953 1477 caritatem
965 1417 1106 1493 reliquis·

82 1508 153 1568 tem,
171 1513 265 1572 quum
282 1512 380 1555 meum
395 1496 478 1557 illum
495 1513 599 1558 casum
615 1508 676 1558 tam
692 1499 881 1574 horribilem,
899 1510 959 1560 tam
973 1517 1106 1574 gravem,

81 1582 131 1645 tam
141 1579 335 1655 repentinum
346 1596 407 1639 uon
420 1582 519 1640 solum
531 1581 679 1652 homines,
694 1584 749 1641 sed
761 1590 838 1642 tecta
849 1584 932 1642 urbis
944 1600 980 1642 ac
994 1584 1107 1658 templa

77 1656 226 1738 lugerent,
249 1679 339 1722 nemo
354 1671 490 1724 vestrum
505 1665 617 1736 lorum,
640 1679 728 1724 nemo
751 1665 879 1736 curiam,
902 1682 992 1726 nemo
1008 1667 1106 1725 lucem
1157 1701 1164 1711 ι

76 1747 212 1822 aspicere
225 1747 332 1806 vellet:
349 1745 416 1819 illo,
433 1746 573 1820 inquam,
585 1747 659 1820 ipso
672 1746 736 1819 die,
753 1746 803 1805 die
818 1746 909 1806 dicot
923 1748 1014 1807 immo
1030 1749 1106 1806 hora

72 1836 163 1906 atque
189 1829 279 1890 etiam
301 1836 414 1903 puncto
441 1828 586 1902 temporis
613 1827 815 1893 eodemmihi
838 1828 944 1904 reique
966 1830 1106 1904 publicae

70 1913 233 1986 bemicies,
252 1912 380 1972 Gabinio
396 1919 426 1972 et
434 1911 538 1971 Pisoni
553 1909 711 1986 provincia
722 1917 827 1985 rogata
840 1921 896 1972 est.
915 1912 994 1972 Proh
1010 1912 1040 1971 di
1053 1913 1105 1972 im-

70 1998 230 2070 mortales,
258 1996 403 2056 custodes
424 2002 454 2054 et
470 2003 705 2055 conservatores
725 1994 816 2054 huius
836 1994 920 2055 urbis
938 2004 1030 2070 atque
1052 1994 1105 2054 im·

70 2080 163 2148 periit
191 2095 342 2155 quaenam
358 2078 409 2137 illo
425 2077 455 2137 in
471 2094 504 2136 re
524 2077 648 2154 publica
661 2086 810 2161 monstra,
833 2094 912 2154 qnae
930 2081 1051 2138 scelera
1061 2078 1105 2137 vi·

70 2158 175 2225 distis!
206 2162 288 2223 Civis
303 2170 368 2222 erat
382 2162 531 2236 expulsus
546 2162 587 2233 ia,
609 2161 739 2236 quirem
755 2161 906 2236 publicam
923 2178 963 2222 ex
980 2170 1105 2222 senatus

70 2247 249 2308 auctoritate
266 2261 334 2306 cnm
352 2244 493 2304 omnibus
508 2245 599 2305 bonis
616 2245 808 2315 defenderat,
831 2254 861 2305 et
878 2246 1026 2319 expulsus
1044 2257 1105 2303 non

70 2330 128 2411 alio
145 2329 267 2404 aliquo,
285 2329 342 2388 sed
357 2344 394 2388 eo
410 2328 481 2403 ipso
499 2327 634 2388 crimine.
671 2329 743 2388 Erat
757 2336 857 2387 autem
873 2329 1022 2402 expulsus
1039 2326 1106 2386 sine

70 2405 203 2489 iudicio,
220 2412 266 2483 vi,
283 2410 453 2486 lapidibus,
469 2412 565 2485 lerro,
583 2410 707 2471 servitio
723 2410 856 2485 denique
872 2409 1037 2471 concitator
1047 2411 1106 2469 lex

70 2505 134 2556 erat
154 2498 216 2556 latu
238 2503 357 2556 vastato
378 2510 415 2553 ac
435 2497 540 2556 relicto
559 2496 625 2556 loro
641 2504 671 2555 et
685 2493 804 2554 sicariis
819 2493 983 2569 servisque
996 2494 1105 2555 tradito

70 2588 97 2641 at
111 2596 151 2639 ea
165 2579 233 2654 lex,
255 2593 334 2653 qnae
351 2586 438 2639 utne
455 2580 597 2651 serretur,
622 2586 746 2638 senatus
762 2579 859 2638 luerat
878 2587 965 2638 veste
983 2585 1104 2638 mutata.

70 2655 118 2723 54.
143 2663 209 2722 Hac
225 2669 306 2722 tanta
321 2662 547 2735 perturbatione
562 2661 691 2722 civitatis
708 2678 746 2721 ne
761 2668 879 2734 noctem
896 2656 1019 2736 quidem
1034 2677 1105 2720 con·

70 2748 154 2808 saites
168 2749 192 2820 τ
208 2744 286 2805 inter
307 2761 408 2804 nreum
428 2744 591 2806 discrimen
614 2752 645 2804 et
664 2760 770 2805 eorum
791 2747 935 2820 praedam
956 2744 1105 2805 interesse

70 2827 155 2900 passi
167 2836 254 2889 sunt:
272 2826 373 2888 statim
387 2845 435 2887 me
449 2829 592 2902 perculso
607 2828 646 2886 ad
661 2844 760 2887 meunt
773 2828 952 2902 sanguinem
967 2827 1105 2885 haurien-

70 2912 143 2976 dum
164 2920 197 2972 et
212 2911 349 2998 spirante
370 2909 459 2985 etiam
476 2927 509 2970 re
526 2909 648 2984 publica
665 2910 705 2969 ad
721 2909 787 2969 eius
802 2909 902 2984 spolia
920 2905 1107 2968 detrahenda

70 2998 301 3058 advolaverunt.
324 2993 434 3054 Omitto
445 2991 674 3068 gratulationes,
685 2994 803 3067 epulas,
817 2990 1009 3066 partitionem
1020 3003 1105 3047 aera·

70 3077 293 3154 rii‘benelicia,
312 3093 409 3151 spem,
428 3076 589 3151 promissa,
608 3076 762 3150 praedam,
779 3074 922 3134 laetitiam
939 3087 1106 3146 paucorum

70 3161 197 3224 inluctu
209 3160 352 3221 omnium
372 3160 549 3220 vexabatur
558 3174 637 3217 uxor
648 3173 730 3217 mea:
745 3156 832 3216 liberi
843 3157 883 3216 ad
896 3171 1001 3215 necem
1013 3171 1105 3230 quae·

70 3247 229 3308 rebanturr
245 3260 340 3320 gener
351 3252 381 3304 et
389 3242 461 3303 Piso
475 3257 569 3318 gener
580 3258 598 3300 a
608 3239 727 3299 Pisonis
740 3240 876 3300 consulis
889 3238 1020 3314 pedibus
1033 3255 1104 3312 sup·

70 3331 142 3406 plen
157 3327 365 3388 reficiebatur:
392 3327 473 3386 bona
487 3324 707 3400 diripiebantur
722 3339 821 3397 eaque
840 3323 879 3383 ad
894 3323 1037 3383 consules
1053 3322 1105 3381 de-

70 3413 263 3474 ferebantura
280 3412 390 3471 domus
406 3410 532 3470 ardebat
546 3408 576 3467 in
591 3406 719 3467 Palatior
736 3406 881 3467 consules
896 3408 1105 3482 epulabantur.

1124 3590 1156 3632 A
