<?xml version="1.0" encoding="UTF-8"?>
<!DOCTYPE html PUBLIC "-//W3C//DTD XHTML 1.0 Transitional//EN"
    "http://www.w3.org/TR/xhtml1/DTD/xhtml1-transitional.dtd">
<html xmlns="http://www.w3.org/1999/xhtml" xml:lang="en" lang="en">
 <head>
  <title>
</title>
<meta http-equiv="Content-Type" content="text/html;charset=utf-8" />
  <meta name='ocr-system' content='tesseract 3.04.00' />
  <meta name='ocr-capabilities' content='ocr_page ocr_carea ocr_par ocr_line ocrx_word'/>
</head>
<body>
  <div class='ocr_page' id='page_1' title='image "./mtulliiciceroni08cicegoog_0416.png"; bbox 0 0 2356 3854; ppageno 0'>
   <div class='ocr_carea' id='block_1_1' title="bbox 423 153 1079 248">
    <p class='ocr_par' dir='ltr' id='par_1_1' title="bbox 423 153 1079 248">
     <span class='ocr_line' id='line_1_1' title="bbox 423 153 1079 248; baseline 0.009 -35"><span class='ocrx_word' id='word_1_1' title='bbox 423 153 680 222; x_wconf 72' lang='lat' dir='ltr'><strong>canetae.</strong></span> <span class='ocrx_word' id='word_1_2' title='bbox 745 244 746 248; x_wconf 4' lang='grc' dir='ltr'><strong><em>Ν</em></strong></span> <span class='ocrx_word' id='word_1_3' title='bbox 911 177 915 182; x_wconf 92' lang='grc'><em>·</em></span> <span class='ocrx_word' id='word_1_4' title='bbox 994 161 1079 241; x_wconf 75' lang='lat' dir='ltr'><strong>aaa</strong></span> 
     </span>
    </p>
   </div>
   <div class='ocr_carea' id='block_1_2' title="bbox 56 298 1078 377">
    <p class='ocr_par' dir='ltr' id='par_1_2' title="bbox 56 298 1078 377">
     <span class='ocr_line' id='line_1_2' title="bbox 56 298 1078 377; baseline 0.014 -24"><span class='ocrx_word' id='word_1_5' title='bbox 56 306 173 362; x_wconf 75' lang='lat' dir='ltr'><strong>aliattes,</strong></span> <span class='ocrx_word' id='word_1_6' title='bbox 187 317 250 367; x_wconf 80' lang='lat' dir='ltr'><strong>quas</strong></span> <span class='ocrx_word' id='word_1_7' title='bbox 269 298 385 363; x_wconf 78' lang='lat' dir='ltr'><strong>ducebat,</strong></span> <span class='ocrx_word' id='word_1_8' title='bbox 399 305 569 366; x_wconf 70' lang='lat' dir='ltr'><strong>(insenuerant,</strong></span> <span class='ocrx_word' id='word_1_9' title='bbox 585 308 611 357; x_wconf 88' lang='lat' dir='ltr'><strong>lo</strong></span> <span class='ocrx_word' id='word_1_10' title='bbox 625 307 738 359; x_wconf 76' lang='lat' dir='ltr'><strong>Africam</strong></span> <span class='ocrx_word' id='word_1_11' title='bbox 757 312 824 361; x_wconf 86' lang='lat' dir='ltr'><strong>venit</strong></span> <span class='ocrx_word' id='word_1_12' title='bbox 840 318 865 361; x_wconf 87' lang='lat' dir='ltr'><strong>et</strong></span> <span class='ocrx_word' id='word_1_13' title='bbox 883 313 1017 377; x_wconf 70' lang='lat' dir='ltr'><strong>imperinm</strong></span> <span class='ocrx_word' id='word_1_14' title='bbox 1034 315 1078 367; x_wconf 78' lang='lat' dir='ltr'><strong>nd·</strong></span> 
     </span>
    </p>
   </div>
   <div class='ocr_carea' id='block_1_3' title="bbox 56 371 1176 447">
    <p class='ocr_par' dir='ltr' id='par_1_3' title="bbox 56 371 1176 447">
     <span class='ocr_line' id='line_1_3' title="bbox 56 371 1176 447; baseline 0.011 -26"><span class='ocrx_word' id='word_1_15' title='bbox 56 375 132 443; x_wconf 81' lang='lat' dir='ltr'><strong>puit.</strong></span> <span class='ocrx_word' id='word_1_16' title='bbox 165 371 214 433; x_wconf 90' lang='lat' dir='ltr'><strong>Qui</strong></span> <span class='ocrx_word' id='word_1_17' title='bbox 238 387 315 434; x_wconf 87' lang='lat' dir='ltr'><strong>quum</strong></span> <span class='ocrx_word' id='word_1_18' title='bbox 330 373 419 437; x_wconf 82' lang='lat' dir='ltr'><strong>pannis</strong></span> <span class='ocrx_word' id='word_1_19' title='bbox 442 382 500 424; x_wconf 80' lang='lat' dir='ltr'><strong>ante</strong></span> <span class='ocrx_word' id='word_1_20' title='bbox 517 377 590 423; x_wconf 81' lang='lat' dir='ltr'><strong>annis</strong></span> <span class='ocrx_word' id='word_1_21' title='bbox 608 390 639 424; x_wconf 85' lang='lat' dir='ltr'><strong>ex</strong></span> <span class='ocrx_word' id='word_1_22' title='bbox 652 384 772 440; x_wconf 82' lang='lat' dir='ltr'><strong>praetura</strong></span> <span class='ocrx_word' id='word_1_23' title='bbox 791 393 846 429; x_wconf 86' lang='lat' dir='ltr'><strong>eam</strong></span> <span class='ocrx_word' id='word_1_24' title='bbox 864 382 1021 447; x_wconf 81' lang='lat' dir='ltr'><strong>provinciam</strong></span> <span class='ocrx_word' id='word_1_25' title='bbox 1034 383 1079 434; x_wconf 84' lang='lat' dir='ltr'><strong>ob-</strong></span> <span class='ocrx_word' id='word_1_26' title='bbox 1174 437 1176 443; x_wconf 64' lang='grc'><strong>,</strong></span> 
     </span>
    </p>
   </div>
   <div class='ocr_carea' id='block_1_4' title="bbox 56 438 1124 1124">
    <p class='ocr_par' dir='ltr' id='par_1_4' title="bbox 56 438 1124 1124">
     <span class='ocr_line' id='line_1_4' title="bbox 56 438 1079 513; baseline 0.004 -18"><span class='ocrx_word' id='word_1_27' title='bbox 56 444 174 501; x_wconf 86' lang='lat' dir='ltr'><strong>unisset,</strong></span> <span class='ocrx_word' id='word_1_28' title='bbox 190 438 266 491; x_wconf 79' lang='lat' dir='ltr'><strong>facile</strong></span> <span class='ocrx_word' id='word_1_29' title='bbox 284 439 473 491; x_wconf 90' lang='lat' dir='ltr'><strong>dilectuhablto</strong></span> <span class='ocrx_word' id='word_1_30' title='bbox 486 441 549 491; x_wconf 77' lang='lat' dir='ltr'><strong>duas</strong></span> <span class='ocrx_word' id='word_1_31' title='bbox 561 443 674 508; x_wconf 77' lang='lat' dir='ltr'><strong>legiones</strong></span> <span class='ocrx_word' id='word_1_32' title='bbox 685 443 776 498; x_wconf 80' lang='lat' dir='ltr'><strong>effecit.</strong></span> <span class='ocrx_word' id='word_1_33' title='bbox 796 447 877 507; x_wconf 81' lang='lat' dir='ltr'><strong>Quam</strong></span> <span class='ocrx_word' id='word_1_34' title='bbox 895 450 926 497; x_wconf 91' lang='lat' dir='ltr'><strong>ob</strong></span> <span class='ocrx_word' id='word_1_35' title='bbox 938 464 991 498; x_wconf 88' lang='lat' dir='ltr'><strong>rem</strong></span> <span class='ocrx_word' id='word_1_36' title='bbox 1001 465 1079 513; x_wconf 89' lang='lat' dir='ltr'><strong>quum</strong></span> 
     </span>
     <span class='ocr_line' id='line_1_5' title="bbox 56 506 1124 583; baseline 0.007 -23"><span class='ocrx_word' id='word_1_37' title='bbox 56 549 65 564; x_wconf 86' lang='lat'><strong>.</strong></span> <span class='ocrx_word' id='word_1_38' title='bbox 83 509 182 561; x_wconf 78' lang='lat' dir='ltr'><strong>Aelius</strong></span> <span class='ocrx_word' id='word_1_39' title='bbox 196 506 308 569; x_wconf 82' lang='lat' dir='ltr'><strong>Tubero,</strong></span> <span class='ocrx_word' id='word_1_40' title='bbox 330 510 420 558; x_wconf 86' lang='lat' dir='ltr'><strong>culex</strong></span> <span class='ocrx_word' id='word_1_41' title='bbox 440 518 544 559; x_wconf 87' lang='lat' dir='ltr'><strong>senatus</strong></span> <span class='ocrx_word' id='word_1_42' title='bbox 562 511 678 561; x_wconf 87' lang='lat' dir='ltr'><strong>consulto</strong></span> <span class='ocrx_word' id='word_1_43' title='bbox 695 519 763 562; x_wconf 90' lang='lat' dir='ltr'><strong>sorte</strong></span> <span class='ocrx_word' id='word_1_44' title='bbox 779 529 809 562; x_wconf 85' lang='lat' dir='ltr'><strong>ea</strong></span> <span class='ocrx_word' id='word_1_45' title='bbox 826 517 956 579; x_wconf 83' lang='lat' dir='ltr'><strong>provincia</strong></span> <span class='ocrx_word' id='word_1_46' title='bbox 973 519 1079 583; x_wconf 82' lang='lat' dir='ltr'><strong>obtigis-</strong></span> <span class='ocrx_word' id='word_1_47' title='bbox 1121 520 1124 525; x_wconf 56' lang='lat'><em>⁴</em></span> 
     </span>
     <span class='ocr_line' id='line_1_6' title="bbox 56 576 1079 643; baseline 0.006 -13"><span class='ocrx_word' id='word_1_48' title='bbox 56 588 93 641; x_wconf 76' lang='lat' dir='ltr'><strong>et,</strong></span> <span class='ocrx_word' id='word_1_49' title='bbox 116 581 144 626; x_wconf 91' lang='lat' dir='ltr'><strong>in</strong></span> <span class='ocrx_word' id='word_1_50' title='bbox 162 576 275 627; x_wconf 75' lang='lat' dir='ltr'><strong>Africam</strong></span> <span class='ocrx_word' id='word_1_51' title='bbox 289 577 398 636; x_wconf 83' lang='lat' dir='ltr'><strong>reuirat,</strong></span> <span class='ocrx_word' id='word_1_52' title='bbox 411 586 439 627; x_wconf 91' lang='lat' dir='ltr'><strong>ut</strong></span> <span class='ocrx_word' id='word_1_53' title='bbox 454 580 611 643; x_wconf 79' lang='lat' dir='ltr'><strong>provinciam</strong></span> <span class='ocrx_word' id='word_1_54' title='bbox 629 581 724 640; x_wconf 86' lang='lat' dir='ltr'><strong>adiret,</strong></span> <span class='ocrx_word' id='word_1_55' title='bbox 742 596 757 631; x_wconf 84' lang='lat' dir='ltr'><strong>a</strong></span> <span class='ocrx_word' id='word_1_56' title='bbox 774 581 802 635; x_wconf 87' lang='lat' dir='ltr'><strong>P.</strong></span> <span class='ocrx_word' id='word_1_57' title='bbox 821 584 889 632; x_wconf 79' lang='lat' dir='ltr'><strong>Varo</strong></span> <span class='ocrx_word' id='word_1_58' title='bbox 907 585 1023 635; x_wconf 79' lang='lat' dir='ltr'><strong>exclusos</strong></span> <span class='ocrx_word' id='word_1_59' title='bbox 1038 597 1079 639; x_wconf 79' lang='lat' dir='ltr'><strong>est</strong></span> 
     </span>
     <span class='ocr_line' id='line_1_7' title="bbox 56 645 1079 717; baseline 0.008 -19"><span class='ocrx_word' id='word_1_60' title='bbox 56 664 118 713; x_wconf 80' lang='lat' dir='ltr'><strong>‚que</strong></span> <span class='ocrx_word' id='word_1_61' title='bbox 136 660 172 695; x_wconf 86' lang='lat' dir='ltr'><strong>ne</strong></span> <span class='ocrx_word' id='word_1_62' title='bbox 187 645 235 695; x_wconf 91' lang='lat' dir='ltr'><strong>boc</strong></span> <span class='ocrx_word' id='word_1_63' title='bbox 250 645 355 707; x_wconf 83' lang='lat' dir='ltr'><strong>quidem</strong></span> <span class='ocrx_word' id='word_1_64' title='bbox 371 646 536 710; x_wconf 76' lang='lat' dir='ltr'><strong>permissum,</strong></span> <span class='ocrx_word' id='word_1_65' title='bbox 559 656 587 699; x_wconf 85' lang='lat' dir='ltr'><strong>ut</strong></span> <span class='ocrx_word' id='word_1_66' title='bbox 605 647 734 699; x_wconf 78' lang='lat' dir='ltr'><strong>infirmnm</strong></span> <span class='ocrx_word' id='word_1_67' title='bbox 748 649 829 699; x_wconf 89' lang='lat' dir='ltr'><strong>lilium</strong></span> <span class='ocrx_word' id='word_1_68' title='bbox 847 660 985 715; x_wconf 82' lang='lat' dir='ltr'><strong>exponeret</strong></span> <span class='ocrx_word' id='word_1_69' title='bbox 1003 661 1079 717; x_wconf 71' lang='lat' dir='ltr'><strong>atoue</strong></span> 
     </span>
     <span class='ocr_line' id='line_1_8' title="bbox 56 708 1084 787; baseline 0.008 -21"><span class='ocrx_word' id='word_1_70' title='bbox 56 731 135 783; x_wconf 62' lang='lat' dir='ltr'><strong>ruam</strong></span> <span class='ocrx_word' id='word_1_71' title='bbox 150 715 270 777; x_wconf 76' lang='lat' dir='ltr'>hauriret,</span> <span class='ocrx_word' id='word_1_72' title='bbox 287 729 338 776; x_wconf 85' lang='lat' dir='ltr'><strong>qua</strong></span> <span class='ocrx_word' id='word_1_73' title='bbox 354 715 381 765; x_wconf 89' lang='lat' dir='ltr'><strong>in</strong></span> <span class='ocrx_word' id='word_1_74' title='bbox 398 729 426 764; x_wconf 89' lang='lat' dir='ltr'><strong>re</strong></span> <span class='ocrx_word' id='word_1_75' title='bbox 443 717 555 780; x_wconf 81' lang='lat' dir='ltr'><strong>gerenda</strong></span> <span class='ocrx_word' id='word_1_76' title='bbox 571 717 597 766; x_wconf 89' lang='lat' dir='ltr'><strong>P.</strong></span> <span class='ocrx_word' id='word_1_77' title='bbox 613 717 695 767; x_wconf 85' lang='lat' dir='ltr'><strong>Varus</strong></span> <span class='ocrx_word' id='word_1_78' title='bbox 711 715 740 776; x_wconf 81' lang='lat' dir='ltr'><strong>Q.</strong></span> <span class='ocrx_word' id='word_1_79' title='bbox 757 718 862 784; x_wconf 77' lang='lat' dir='ltr'><strong>Ligarii,</strong></span> <span class='ocrx_word' id='word_1_80' title='bbox 881 721 923 782; x_wconf 88' lang='lat' dir='ltr'><strong>qui</strong></span> <span class='ocrx_word' id='word_1_81' title='bbox 939 714 1038 787; x_wconf 72' lang='lat' dir='ltr'><strong>legatus</strong></span> <span class='ocrx_word' id='word_1_82' title='bbox 1052 708 1084 773; x_wconf 57' lang='lat' dir='ltr'><strong>in¹</strong></span> 
     </span>
     <span class='ocr_line' id='line_1_9' title="bbox 56 784 1078 850; baseline 0.002 -13"><span class='ocrx_word' id='word_1_83' title='bbox 56 784 177 837; x_wconf 80' lang='lat' dir='ltr'><strong>revincta</strong></span> <span class='ocrx_word' id='word_1_84' title='bbox 192 791 355 842; x_wconf 75' lang='lat' dir='ltr'>remanserat,</span> <span class='ocrx_word' id='word_1_85' title='bbox 375 798 450 847; x_wconf 84' lang='lat' dir='ltr'><strong>opera</strong></span> <span class='ocrx_word' id='word_1_86' title='bbox 466 798 528 834; x_wconf 89' lang='lat' dir='ltr'><strong>usus</strong></span> <span class='ocrx_word' id='word_1_87' title='bbox 546 792 593 837; x_wconf 89' lang='lat' dir='ltr'><strong>est.</strong></span> <span class='ocrx_word' id='word_1_88' title='bbox 628 786 658 835; x_wconf 83' lang='lat' dir='ltr'><strong>L.</strong></span> <span class='ocrx_word' id='word_1_89' title='bbox 677 785 765 835; x_wconf 86' lang='lat' dir='ltr'><strong>Aelius</strong></span> <span class='ocrx_word' id='word_1_90' title='bbox 786 801 863 850; x_wconf 90' lang='lat' dir='ltr'><strong>quum</strong></span> <span class='ocrx_word' id='word_1_91' title='bbox 882 795 948 838; x_wconf 87' lang='lat' dir='ltr'><strong>esset</strong></span> <span class='ocrx_word' id='word_1_92' title='bbox 959 786 1078 841; x_wconf 58' lang='lat' dir='ltr'><strong>uolnus</strong></span> 
     </span>
     <span class='ocr_line' id='line_1_10' title="bbox 57 850 1076 927; baseline 0.003 -23"><span class='ocrx_word' id='word_1_93' title='bbox 57 855 132 907; x_wconf 81' lang='lat' dir='ltr'><strong>trica</strong></span> <span class='ocrx_word' id='word_1_94' title='bbox 150 867 209 901; x_wconf 88' lang='lat' dir='ltr'><strong>cum</strong></span> <span class='ocrx_word' id='word_1_95' title='bbox 222 850 275 900; x_wconf 82' lang='lat' dir='ltr'><strong>dlio</strong></span> <span class='ocrx_word' id='word_1_96' title='bbox 292 865 340 900; x_wconf 87' lang='lat' dir='ltr'><strong>suo</strong></span> <span class='ocrx_word' id='word_1_97' title='bbox 358 851 385 899; x_wconf 93' lang='lat' dir='ltr'><strong>in</strong></span> <span class='ocrx_word' id='word_1_98' title='bbox 402 851 575 927; x_wconf 64' lang='lat' dir='ltr'><strong>blaccdoniam</strong></span> <span class='ocrx_word' id='word_1_99' title='bbox 587 867 614 902; x_wconf 84' lang='lat' dir='ltr'><strong>se</strong></span> <span class='ocrx_word' id='word_1_100' title='bbox 633 853 771 903; x_wconf 79' lang='lat' dir='ltr'><strong>contulerat</strong></span> <span class='ocrx_word' id='word_1_101' title='bbox 782 861 856 916; x_wconf 88' lang='lat' dir='ltr'><strong>atque</strong></span> <span class='ocrx_word' id='word_1_102' title='bbox 868 855 895 904; x_wconf 88' lang='lat' dir='ltr'><strong>in</strong></span> <span class='ocrx_word' id='word_1_103' title='bbox 906 853 950 905; x_wconf 78' lang='lat' dir='ltr'><strong>(ln.</strong></span> <span class='ocrx_word' id='word_1_104' title='bbox 963 854 1076 922; x_wconf 79' lang='lat' dir='ltr'><strong>Pompeii</strong></span> 
     </span>
     <span class='ocr_line' id='line_1_11' title="bbox 56 920 1078 985; baseline 0.002 -13"><span class='ocrx_word' id='word_1_105' title='bbox 56 930 128 972; x_wconf 77' lang='lat' dir='ltr'><strong>istra</strong></span> <span class='ocrx_word' id='word_1_106' title='bbox 145 926 309 985; x_wconf 79' lang='lat' dir='ltr'><strong>pervenerat,</strong></span> <span class='ocrx_word' id='word_1_107' title='bbox 325 927 384 984; x_wconf 83' lang='lat' dir='ltr'><strong>post</strong></span> <span class='ocrx_word' id='word_1_108' title='bbox 408 930 492 969; x_wconf 89' lang='lat' dir='ltr'><strong>autem</strong></span> <span class='ocrx_word' id='word_1_109' title='bbox 514 936 602 985; x_wconf 81' lang='lat' dir='ltr'><strong>pugna</strong></span> <span class='ocrx_word' id='word_1_110' title='bbox 623 920 768 971; x_wconf 88' lang='lat' dir='ltr'><strong>Pharsalica</strong></span> <span class='ocrx_word' id='word_1_111' title='bbox 786 924 923 971; x_wconf 86' lang='lat' dir='ltr'><strong>commissa</strong></span> <span class='ocrx_word' id='word_1_112' title='bbox 940 925 1039 974; x_wconf 86' lang='lat' dir='ltr'><strong>veniam</strong></span> <span class='ocrx_word' id='word_1_113' title='bbox 1062 941 1078 974; x_wconf 87' lang='lat' dir='ltr'><strong>a</strong></span> 
     </span>
     <span class='ocr_line' id='line_1_12' title="bbox 57 988 1077 1054; baseline 0.002 -15"><span class='ocrx_word' id='word_1_114' title='bbox 57 988 195 1043; x_wconf 75' lang='lat' dir='ltr'><strong>,Caesare</strong></span> <span class='ocrx_word' id='word_1_115' title='bbox 211 988 404 1051; x_wconf 75' lang='lat' dir='ltr'><strong>impetraverat.</strong></span> <span class='ocrx_word' id='word_1_116' title='bbox 421 989 583 1054; x_wconf 68' lang='lat' dir='ltr'><strong>atigerno</strong></span> <span class='ocrx_word' id='word_1_117' title='bbox 601 991 697 1039; x_wconf 82' lang='lat' dir='ltr'><strong>interea</strong></span> <span class='ocrx_word' id='word_1_118' title='bbox 707 1005 758 1041; x_wconf 76' lang='lat' dir='ltr'><strong>una</strong></span> <span class='ocrx_word' id='word_1_119' title='bbox 776 1006 833 1040; x_wconf 89' lang='lat' dir='ltr'><strong>oum</strong></span> <span class='ocrx_word' id='word_1_120' title='bbox 844 988 871 1040; x_wconf 80' lang='lat'><strong>0.</strong></span> <span class='ocrx_word' id='word_1_121' title='bbox 888 989 1007 1041; x_wconf 77' lang='lat' dir='ltr'><strong>Considio</strong></span> <span class='ocrx_word' id='word_1_122' title='bbox 1026 991 1077 1042; x_wconf 85' lang='lat' dir='ltr'><strong>illio</strong></span> 
     </span>
     <span class='ocr_line' id='line_1_13' title="bbox 56 1055 1075 1124; baseline 0 -15"><span class='ocrx_word' id='word_1_123' title='bbox 56 1058 141 1109; x_wconf 76' lang='lat' dir='ltr'><strong>ruello</strong></span> <span class='ocrx_word' id='word_1_124' title='bbox 151 1057 185 1107; x_wconf 87' lang='lat' dir='ltr'><strong>ed</strong></span> <span class='ocrx_word' id='word_1_125' title='bbox 193 1055 321 1121; x_wconf 72' lang='lat' dir='ltr'><strong>Tirepsum</strong></span> <span class='ocrx_word' id='word_1_126' title='bbox 332 1057 399 1107; x_wconf 80' lang='lat' dir='ltr'><strong>lacto</strong></span> <span class='ocrx_word' id='word_1_127' title='bbox 415 1059 441 1107; x_wconf 91' lang='lat' dir='ltr'><strong>in</strong></span> <span class='ocrx_word' id='word_1_128' title='bbox 452 1065 602 1122; x_wconf 80' lang='lat' dir='ltr'><strong>pmestatem</strong></span> <span class='ocrx_word' id='word_1_129' title='bbox 608 1057 722 1108; x_wconf 61' lang='lat' dir='ltr'><strong>&amp;esuris</strong></span> <span class='ocrx_word' id='word_1_130' title='bbox 737 1060 807 1124; x_wconf 76' lang='lat' dir='ltr'><strong>apud</strong></span> <span class='ocrx_word' id='word_1_131' title='bbox 816 1060 981 1109; x_wconf 68' lang='lat' dir='ltr'><strong>adrumetum</strong></span> <span class='ocrx_word' id='word_1_132' title='bbox 990 1068 1075 1124; x_wconf 84' lang='lat' dir='ltr'><strong>perve-</strong></span> 
     </span>
    </p>
   </div>
   <div class='ocr_carea' id='block_1_5' title="bbox 56 1125 1175 1193">
    <p class='ocr_par' dir='ltr' id='par_1_5' title="bbox 56 1125 1175 1193">
     <span class='ocr_line' id='line_1_14' title="bbox 56 1125 1175 1193; baseline 0.001 -17"><span class='ocrx_word' id='word_1_133' title='bbox 56 1134 124 1185; x_wconf 77' lang='lat' dir='ltr'><strong>rtat,</strong></span> <span class='ocrx_word' id='word_1_134' title='bbox 144 1126 189 1188; x_wconf 83' lang='lat' dir='ltr'><strong>qni</strong></span> <span class='ocrx_word' id='word_1_135' title='bbox 202 1139 264 1186; x_wconf 77' lang='lat' dir='ltr'><strong>aune</strong></span> <span class='ocrx_word' id='word_1_136' title='bbox 279 1138 400 1175; x_wconf 85' lang='lat' dir='ltr'><strong>concessa</strong></span> <span class='ocrx_word' id='word_1_137' title='bbox 416 1127 468 1175; x_wconf 82' lang='lat' dir='ltr'><strong>vita</strong></span> <span class='ocrx_word' id='word_1_138' title='bbox 482 1125 564 1175; x_wconf 90' lang='lat' dir='ltr'><strong>solum</strong></span> <span class='ocrx_word' id='word_1_139' title='bbox 585 1135 679 1176; x_wconf 77' lang='lat' dir='ltr'><strong>vertere</strong></span> <span class='ocrx_word' id='word_1_140' title='bbox 697 1129 778 1177; x_wconf 85' lang='lat' dir='ltr'><strong>iussit.</strong></span> <span class='ocrx_word' id='word_1_141' title='bbox 804 1129 876 1177; x_wconf 83' lang='lat' dir='ltr'><strong>Anno</strong></span> <span class='ocrx_word' id='word_1_142' title='bbox 892 1143 918 1193; x_wconf 86' lang='lat' dir='ltr'><strong>p.</strong></span> <span class='ocrx_word' id='word_1_143' title='bbox 934 1144 959 1181; x_wconf 93' lang='lat' dir='ltr'><strong>u.</strong></span> <span class='ocrx_word' id='word_1_144' title='bbox 975 1144 996 1177; x_wconf 91' lang='lat' dir='ltr'><strong>c.</strong></span> <span class='ocrx_word' id='word_1_145' title='bbox 1016 1127 1075 1179; x_wconf 83' lang='lat'><strong>708.</strong></span> <span class='ocrx_word' id='word_1_146' title='bbox 1170 1132 1175 1141; x_wconf 78' lang='grc'><strong>“</strong></span> 
     </span>
    </p>
   </div>
   <div class='ocr_carea' id='block_1_6' title="bbox 56 1188 1100 1666">
    <p class='ocr_par' dir='ltr' id='par_1_6' title="bbox 56 1188 1100 1666">
     <span class='ocr_line' id='line_1_15' title="bbox 56 1188 1076 1261; baseline 0.001 -16"><span class='ocrx_word' id='word_1_147' title='bbox 56 1209 125 1253; x_wconf 82' lang='lat' dir='ltr'><strong>num</strong></span> <span class='ocrx_word' id='word_1_148' title='bbox 136 1192 228 1245; x_wconf 75' lang='lat' dir='ltr'><strong>fratrea</strong></span> <span class='ocrx_word' id='word_1_149' title='bbox 243 1192 272 1259; x_wconf 76' lang='lat' dir='ltr'><strong>(l.</strong></span> <span class='ocrx_word' id='word_1_150' title='bbox 287 1193 383 1261; x_wconf 72' lang='lat' dir='ltr'><strong>Ligarii</strong></span> <span class='ocrx_word' id='word_1_151' title='bbox 395 1195 422 1253; x_wconf 80' lang='lat' dir='ltr'><strong>id</strong></span> <span class='ocrx_word' id='word_1_152' title='bbox 437 1188 585 1244; x_wconf 81' lang='lat' dir='ltr'><strong>conarentur</strong></span> <span class='ocrx_word' id='word_1_153' title='bbox 598 1195 706 1254; x_wconf 84' lang='lat' dir='ltr'><strong>efficere,</strong></span> <span class='ocrx_word' id='word_1_154' title='bbox 723 1206 751 1245; x_wconf 90' lang='lat' dir='ltr'><strong>ut</strong></span> <span class='ocrx_word' id='word_1_155' title='bbox 761 1196 833 1247; x_wconf 80' lang='lat' dir='ltr'><strong>fratri</strong></span> <span class='ocrx_word' id='word_1_156' title='bbox 848 1197 956 1245; x_wconf 89' lang='lat' dir='ltr'><strong>reditum</strong></span> <span class='ocrx_word' id='word_1_157' title='bbox 970 1197 996 1251; x_wconf 81' lang='lat' dir='ltr'><strong>C.</strong></span> <span class='ocrx_word' id='word_1_158' title='bbox 1016 1195 1076 1246; x_wconf 81' lang='lat' dir='ltr'><strong>Cae-</strong></span> 
     </span>
     <span class='ocr_line' id='line_1_16' title="bbox 56 1262 1073 1333; baseline -0.001 -18"><span class='ocrx_word' id='word_1_159' title='bbox 56 1280 83 1315; x_wconf 80' lang='grc' dir='ltr'><strong>ιι·</strong></span> <span class='ocrx_word' id='word_1_160' title='bbox 106 1262 268 1333; x_wconf 75' lang='lat' dir='ltr'><strong>concederet,</strong></span> <span class='ocrx_word' id='word_1_161' title='bbox 289 1262 366 1312; x_wconf 77' lang='lat' dir='ltr'><strong>ne‘id</strong></span> <span class='ocrx_word' id='word_1_162' title='bbox 381 1263 549 1327; x_wconf 79' lang='lat' dir='ltr'><strong>impetrarent,</strong></span> <span class='ocrx_word' id='word_1_163' title='bbox 567 1279 587 1315; x_wconf 86' lang='lat' dir='ltr'><strong>a</strong></span> <span class='ocrx_word' id='word_1_164' title='bbox 597 1265 626 1316; x_wconf 88' lang='lat' dir='ltr'><strong>P.</strong></span> <span class='ocrx_word' id='word_1_165' title='bbox 646 1264 718 1313; x_wconf 82' lang='lat' dir='ltr'><strong>Aello</strong></span> <span class='ocrx_word' id='word_1_166' title='bbox 738 1265 870 1315; x_wconf 84' lang='lat' dir='ltr'><strong>Tuberone</strong></span> <span class='ocrx_word' id='word_1_167' title='bbox 891 1265 942 1315; x_wconf 82' lang='lat' dir='ltr'><strong>lilio</strong></span> <span class='ocrx_word' id='word_1_168' title='bbox 964 1264 1032 1329; x_wconf 85' lang='lat' dir='ltr'><strong>apud</strong></span> <span class='ocrx_word' id='word_1_169' title='bbox 1045 1263 1073 1315; x_wconf 82' lang='lat' dir='ltr'><strong>C.</strong></span> 
     </span>
     <span class='ocr_line' id='line_1_17' title="bbox 56 1329 1075 1396; baseline -0.001 -14"><span class='ocrx_word' id='word_1_170' title='bbox 56 1344 185 1382; x_wconf 82' lang='lat' dir='ltr'><strong>nesarem·</strong></span> <span class='ocrx_word' id='word_1_171' title='bbox 203 1330 345 1391; x_wconf 65' lang='lat' dir='ltr'><strong>dictatorem</strong></span> <span class='ocrx_word' id='word_1_172' title='bbox 361 1329 392 1389; x_wconf 81' lang='lat' dir='ltr'><strong>Q.</strong></span> <span class='ocrx_word' id='word_1_173' title='bbox 411 1331 527 1396; x_wconf 80' lang='lat' dir='ltr'><strong>Ligarius</strong></span> <span class='ocrx_word' id='word_1_174' title='bbox 549 1332 580 1381; x_wconf 91' lang='lat' dir='ltr'><strong>de</strong></span> <span class='ocrx_word' id='word_1_175' title='bbox 603 1334 747 1392; x_wconf 86' lang='lat' dir='ltr'><strong>maiestate,</strong></span> <span class='ocrx_word' id='word_1_176' title='bbox 766 1342 794 1382; x_wconf 91' lang='lat' dir='ltr'><strong>ut</strong></span> <span class='ocrx_word' id='word_1_177' title='bbox 810 1334 925 1392; x_wconf 88' lang='lat' dir='ltr'><strong>videtur,</strong></span> <span class='ocrx_word' id='word_1_178' title='bbox 943 1340 1075 1382; x_wconf 85' lang='lat' dir='ltr'><strong>accusatus</strong></span> 
     </span>
     <span class='ocr_line' id='line_1_18' title="bbox 56 1397 1100 1467; baseline 0.001 -17"><span class='ocrx_word' id='word_1_179' title='bbox 56 1407 88 1458; x_wconf 84' lang='lat' dir='ltr'><strong>tt,</strong></span> <span class='ocrx_word' id='word_1_180' title='bbox 103 1397 221 1449; x_wconf 76' lang='lat' dir='ltr'><strong>conferas</strong></span> <span class='ocrx_word' id='word_1_181' title='bbox 234 1398 396 1458; x_wconf 81' lang='lat' dir='ltr'><strong>Quinctiliani</strong></span> <span class='ocrx_word' id='word_1_182' title='bbox 412 1403 488 1449; x_wconf 76' lang='lat' dir='ltr'><strong>irretit.</strong></span> <span class='ocrx_word' id='word_1_183' title='bbox 501 1407 569 1451; x_wconf 83' lang='lat' dir='ltr'><strong>orat.</strong></span> <span class='ocrx_word' id='word_1_184' title='bbox 585 1400 629 1449; x_wconf 89' lang='lat' dir='ltr'><strong>lib.</strong></span> <span class='ocrx_word' id='word_1_185' title='bbox 651 1401 693 1450; x_wconf 85' lang='lat' dir='ltr'><strong>Xl.</strong></span> <span class='ocrx_word' id='word_1_186' title='bbox 712 1417 735 1450; x_wconf 86' lang='lat' dir='ltr'><strong>c.</strong></span> <span class='ocrx_word' id='word_1_187' title='bbox 755 1402 780 1451; x_wconf 91' lang='lat'><strong>1.</strong></span> <span class='ocrx_word' id='word_1_188' title='bbox 799 1403 824 1463; x_wconf 69' lang='lat' dir='ltr'><strong>S.</strong></span> <span class='ocrx_word' id='word_1_189' title='bbox 845 1401 887 1452; x_wconf 83' lang='lat'><strong>80.</strong></span> <span class='ocrx_word' id='word_1_190' title='bbox 908 1410 931 1452; x_wconf 90' lang='lat' dir='ltr'><strong>et</strong></span> <span class='ocrx_word' id='word_1_191' title='bbox 946 1403 1073 1467; x_wconf 67' lang='lat' dir='ltr'><strong>digestor.</strong></span> <span class='ocrx_word' id='word_1_192' title='bbox 1095 1409 1100 1415; x_wconf 86' lang='lat'>&#39;</span> 
     </span>
     <span class='ocr_line' id='line_1_19' title="bbox 56 1467 1074 1536; baseline 0.005 -18"><span class='ocrx_word' id='word_1_193' title='bbox 56 1470 83 1518; x_wconf 86' lang='lat' dir='ltr'><strong>b.</strong></span> <span class='ocrx_word' id='word_1_194' title='bbox 103 1469 124 1517; x_wconf 91' lang='grc' dir='ltr'><strong>Ι.</strong></span> <span class='ocrx_word' id='word_1_195' title='bbox 145 1473 165 1516; x_wconf 84' lang='lat' dir='ltr'><strong>t.</strong></span> <span class='ocrx_word' id='word_1_196' title='bbox 185 1468 211 1517; x_wconf 78' lang='lat'><strong>2.</strong></span> <span class='ocrx_word' id='word_1_197' title='bbox 226 1467 258 1518; x_wconf 75' lang='lat' dir='ltr'><strong>ir.</strong></span> <span class='ocrx_word' id='word_1_198' title='bbox 275 1469 301 1522; x_wconf 85' lang='lat'><strong>2.</strong></span> <span class='ocrx_word' id='word_1_199' title='bbox 320 1470 345 1528; x_wconf 77' lang='lat' dir='ltr'><strong>S.</strong></span> <span class='ocrx_word' id='word_1_200' title='bbox 365 1468 407 1518; x_wconf 81' lang='lat'><strong>46.</strong></span> <span class='ocrx_word' id='word_1_201' title='bbox 443 1469 507 1518; x_wconf 83' lang='lat' dir='ltr'><strong>Eum</strong></span> <span class='ocrx_word' id='word_1_202' title='bbox 530 1469 646 1534; x_wconf 82' lang='lat' dir='ltr'><strong>hacipsa</strong></span> <span class='ocrx_word' id='word_1_203' title='bbox 660 1471 786 1530; x_wconf 86' lang='lat' dir='ltr'><strong>oratione,</strong></span> <span class='ocrx_word' id='word_1_204' title='bbox 804 1486 868 1533; x_wconf 85' lang='lat' dir='ltr'><strong>quae</strong></span> <span class='ocrx_word' id='word_1_205' title='bbox 893 1471 959 1520; x_wconf 84' lang='lat' dir='ltr'><strong>inira</strong></span> <span class='ocrx_word' id='word_1_206' title='bbox 975 1472 1074 1536; x_wconf 80' lang='lat' dir='ltr'><strong>legitur.</strong></span> 
     </span>
     <span class='ocr_line' id='line_1_20' title="bbox 56 1533 1074 1600; baseline -0.001 -13"><span class='ocrx_word' id='word_1_207' title='bbox 56 1551 92 1587; x_wconf 78' lang='lat' dir='ltr'><strong>na</strong></span> <span class='ocrx_word' id='word_1_208' title='bbox 114 1548 174 1587; x_wconf 82' lang='lat' dir='ltr'><strong>cnm</strong></span> <span class='ocrx_word' id='word_1_209' title='bbox 190 1533 217 1585; x_wconf 81' lang='grc'><strong>0.</strong></span> <span class='ocrx_word' id='word_1_210' title='bbox 235 1536 318 1585; x_wconf 81' lang='lat' dir='ltr'><strong>Pansa</strong></span> <span class='ocrx_word' id='word_1_211' title='bbox 332 1537 365 1591; x_wconf 89' lang='lat' dir='ltr'><strong>M.</strong></span> <span class='ocrx_word' id='word_1_212' title='bbox 385 1536 471 1587; x_wconf 79' lang='lat' dir='ltr'><strong>Cicero</strong></span> <span class='ocrx_word' id='word_1_213' title='bbox 489 1539 523 1587; x_wconf 89' lang='lat' dir='ltr'><strong>ite</strong></span> <span class='ocrx_word' id='word_1_214' title='bbox 541 1538 666 1600; x_wconf 74' lang='lat' dir='ltr'><strong>defendit,</strong></span> <span class='ocrx_word' id='word_1_215' title='bbox 687 1547 714 1588; x_wconf 90' lang='lat' dir='ltr'><strong>ut</strong></span> <span class='ocrx_word' id='word_1_216' title='bbox 738 1537 764 1588; x_wconf 74' lang='grc' dir='ltr'><strong>ὓ.</strong></span> <span class='ocrx_word' id='word_1_217' title='bbox 784 1537 876 1589; x_wconf 80' lang='lat' dir='ltr'><strong>Caesar</strong></span> <span class='ocrx_word' id='word_1_218' title='bbox 897 1554 954 1588; x_wconf 89' lang='lat' dir='ltr'><strong>eum</strong></span> <span class='ocrx_word' id='word_1_219' title='bbox 971 1539 1074 1589; x_wconf 90' lang='lat' dir='ltr'><strong>crimina</strong></span> 
     </span>
     <span class='ocr_line' id='line_1_21' title="bbox 56 1604 509 1666; baseline -0.002 -9"><span class='ocrx_word' id='word_1_220' title='bbox 56 1606 163 1657; x_wconf 70' lang='lat' dir='ltr'><strong>literam</strong></span> <span class='ocrx_word' id='word_1_221' title='bbox 179 1604 337 1666; x_wconf 80' lang='lat' dir='ltr'><strong>reditumque</strong></span> <span class='ocrx_word' id='word_1_222' title='bbox 355 1607 509 1657; x_wconf 76' lang='lat' dir='ltr'><strong>concederet.</strong></span> 
     </span>
    </p>
   </div>
   <div class='ocr_carea' id='block_1_7' title="bbox 56 1748 1118 3079">
    <p class='ocr_par' dir='ltr' id='par_1_7' title="bbox 56 1748 1118 3079">
     <span class='ocr_line' id='line_1_22' title="bbox 103 1748 1075 1838; baseline -0.005 -21"><span class='ocrx_word' id='word_1_223' title='bbox 103 1757 128 1817; x_wconf 92' lang='lat' dir='ltr'><strong>l.</strong></span> <span class='ocrx_word' id='word_1_224' title='bbox 150 1755 180 1838; x_wconf 69' lang='lat' dir='ltr'><strong>i.</strong></span> <span class='ocrx_word' id='word_1_225' title='bbox 193 1754 309 1816; x_wconf 86' lang='lat' dir='ltr'><strong>Novum</strong></span> <span class='ocrx_word' id='word_1_226' title='bbox 327 1754 456 1826; x_wconf 85' lang='lat' dir='ltr'><strong>crimen,</strong></span> <span class='ocrx_word' id='word_1_227' title='bbox 479 1755 510 1814; x_wconf 85' lang='lat' dir='ltr'><strong>C.</strong></span> <span class='ocrx_word' id='word_1_228' title='bbox 527 1748 652 1825; x_wconf 81' lang='lat' dir='ltr'><strong>Caesar,</strong></span> <span class='ocrx_word' id='word_1_229' title='bbox 675 1762 704 1812; x_wconf 90' lang='lat' dir='ltr'><strong>et</strong></span> <span class='ocrx_word' id='word_1_230' title='bbox 726 1761 795 1813; x_wconf 88' lang='lat' dir='ltr'><strong>ante</strong></span> <span class='ocrx_word' id='word_1_231' title='bbox 816 1753 897 1812; x_wconf 91' lang='lat' dir='ltr'><strong>hunc</strong></span> <span class='ocrx_word' id='word_1_232' title='bbox 920 1754 998 1812; x_wconf 88' lang='lat' dir='ltr'><strong>diem</strong></span> <span class='ocrx_word' id='word_1_233' title='bbox 1013 1770 1075 1814; x_wconf 91' lang='lat' dir='ltr'><strong>non</strong></span> 
     </span>
     <span class='ocr_line' id='line_1_23' title="bbox 56 1834 1074 1914; baseline -0.008 -12"><span class='ocrx_word' id='word_1_234' title='bbox 56 1840 179 1902; x_wconf 81' lang='lat' dir='ltr'><strong>anditum</strong></span> <span class='ocrx_word' id='word_1_235' title='bbox 198 1840 389 1914; x_wconf 85' lang='lat' dir='ltr'><strong>propinquus</strong></span> <span class='ocrx_word' id='word_1_236' title='bbox 410 1853 495 1897; x_wconf 87' lang='lat' dir='ltr'><strong>meus</strong></span> <span class='ocrx_word' id='word_1_237' title='bbox 517 1839 556 1895; x_wconf 90' lang='lat' dir='ltr'><strong>ad</strong></span> <span class='ocrx_word' id='word_1_238' title='bbox 577 1845 606 1896; x_wconf 89' lang='lat' dir='ltr'><strong>tc</strong></span> <span class='ocrx_word' id='word_1_239' title='bbox 622 1836 655 1909; x_wconf 77' lang='lat' dir='ltr'><strong>Q.</strong></span> <span class='ocrx_word' id='word_1_240' title='bbox 669 1834 786 1896; x_wconf 86' lang='lat' dir='ltr'><strong>Tubero</strong></span> <span class='ocrx_word' id='word_1_241' title='bbox 803 1836 921 1908; x_wconf 86' lang='lat' dir='ltr'><strong>detulit,</strong></span> <span class='ocrx_word' id='word_1_242' title='bbox 937 1835 970 1908; x_wconf 83' lang='lat' dir='ltr'><strong>Q.</strong></span> <span class='ocrx_word' id='word_1_243' title='bbox 988 1835 1074 1910; x_wconf 84' lang='lat' dir='ltr'><strong>Liga-</strong></span> 
     </span>
     <span class='ocr_line' id='line_1_24' title="bbox 56 1917 1116 1995; baseline -0.006 -12"><span class='ocrx_word' id='word_1_244' title='bbox 56 1922 120 1984; x_wconf 89' lang='lat' dir='ltr'><strong>ium</strong></span> <span class='ocrx_word' id='word_1_245' title='bbox 134 1923 166 1982; x_wconf 93' lang='lat' dir='ltr'><strong>in</strong></span> <span class='ocrx_word' id='word_1_246' title='bbox 181 1921 285 1982; x_wconf 78' lang='lat' dir='ltr'><strong>Africa</strong></span> <span class='ocrx_word' id='word_1_247' title='bbox 303 1922 412 1993; x_wconf 84' lang='lat' dir='ltr'><strong>luisse,</strong></span> <span class='ocrx_word' id='word_1_248' title='bbox 435 1922 526 1995; x_wconf 91' lang='lat' dir='ltr'><strong>idque</strong></span> <span class='ocrx_word' id='word_1_249' title='bbox 540 1920 570 1978; x_wconf 84' lang='lat' dir='ltr'><strong>C.</strong></span> <span class='ocrx_word' id='word_1_250' title='bbox 584 1920 690 1991; x_wconf 86' lang='lat' dir='ltr'><strong>Pansa,</strong></span> <span class='ocrx_word' id='word_1_251' title='bbox 708 1919 873 1992; x_wconf 79' lang='lat' dir='ltr'><strong>praestanti</strong></span> <span class='ocrx_word' id='word_1_252' title='bbox 884 1918 929 1976; x_wconf 89' lang='lat' dir='ltr'><strong>vir</strong></span> <span class='ocrx_word' id='word_1_253' title='bbox 943 1917 1074 1993; x_wconf 87' lang='lat' dir='ltr'><strong>ingenio,</strong></span> <span class='ocrx_word' id='word_1_254' title='bbox 1111 1934 1116 1949; x_wconf 66' lang='lat'>¹</span> 
     </span>
     <span class='ocr_line' id='line_1_25' title="bbox 56 2001 1075 2077; baseline -0.004 -11"><span class='ocrx_word' id='word_1_255' title='bbox 56 2016 138 2069; x_wconf 88' lang='lat' dir='ltr'><strong>retus</strong></span> <span class='ocrx_word' id='word_1_256' title='bbox 152 2007 284 2068; x_wconf 88' lang='lat' dir='ltr'><strong>tortasse</strong></span> <span class='ocrx_word' id='word_1_257' title='bbox 302 2003 499 2064; x_wconf 79' lang='lat' dir='ltr'><strong>familiaritate</strong></span> <span class='ocrx_word' id='word_1_258' title='bbox 514 2019 565 2076; x_wconf 91' lang='lat' dir='ltr'><strong>ea,</strong></span> <span class='ocrx_word' id='word_1_259' title='bbox 584 2019 663 2077; x_wconf 89' lang='lat' dir='ltr'><strong>quae</strong></span> <span class='ocrx_word' id='word_1_260' title='bbox 679 2011 726 2061; x_wconf 93' lang='lat' dir='ltr'><strong>cst</strong></span> <span class='ocrx_word' id='word_1_261' title='bbox 744 2001 771 2062; x_wconf 88' lang='lat' dir='ltr'><strong>ei</strong></span> <span class='ocrx_word' id='word_1_262' title='bbox 787 2010 902 2076; x_wconf 89' lang='lat' dir='ltr'><strong>tecum,</strong></span> <span class='ocrx_word' id='word_1_263' title='bbox 917 2017 1012 2063; x_wconf 89' lang='lat' dir='ltr'><strong>ausus</strong></span> <span class='ocrx_word' id='word_1_264' title='bbox 1028 2009 1075 2065; x_wconf 83' lang='lat' dir='ltr'><strong>est</strong></span> 
     </span>
     <span class='ocr_line' id='line_1_26' title="bbox 56 2083 1072 2162; baseline -0.009 -11"><span class='ocrx_word' id='word_1_265' title='bbox 56 2089 193 2151; x_wconf 74' lang='lat' dir='ltr'><strong>:conteri</strong></span> <span class='ocrx_word' id='word_1_266' title='bbox 236 2090 342 2161; x_wconf 89' lang='lat' dir='ltr'><strong>Itaque</strong></span> <span class='ocrx_word' id='word_1_267' title='bbox 357 2104 420 2162; x_wconf 76' lang='lat' dir='ltr'><strong>quo</strong></span> <span class='ocrx_word' id='word_1_268' title='bbox 437 2103 485 2146; x_wconf 91' lang='lat' dir='ltr'><strong>me</strong></span> <span class='ocrx_word' id='word_1_269' title='bbox 501 2093 614 2146; x_wconf 84' lang='lat' dir='ltr'><strong>vertam</strong></span> <span class='ocrx_word' id='word_1_270' title='bbox 630 2083 745 2144; x_wconf 89' lang='lat' dir='ltr'><strong>nescio.</strong></span> <span class='ocrx_word' id='word_1_271' title='bbox 787 2085 913 2145; x_wconf 82' lang='lat' dir='ltr'><strong>Paratus</strong></span> <span class='ocrx_word' id='word_1_272' title='bbox 929 2085 1007 2144; x_wconf 90' lang='lat' dir='ltr'><strong>enim</strong></span> <span class='ocrx_word' id='word_1_273' title='bbox 1023 2100 1072 2142; x_wconf 79' lang='lat' dir='ltr'><strong>vc-</strong></span> 
     </span>
     <span class='ocr_line' id='line_1_27' title="bbox 56 2166 1073 2248; baseline -0.009 -14"><span class='ocrx_word' id='word_1_274' title='bbox 56 2190 162 2246; x_wconf 79' lang='lat' dir='ltr'><strong>teram,</strong></span> <span class='ocrx_word' id='word_1_275' title='bbox 178 2189 270 2248; x_wconf 89' lang='lat' dir='ltr'><strong>quum</strong></span> <span class='ocrx_word' id='word_1_276' title='bbox 286 2181 317 2232; x_wconf 90' lang='lat' dir='ltr'><strong>tu</strong></span> <span class='ocrx_word' id='word_1_277' title='bbox 331 2170 362 2231; x_wconf 92' lang='lat' dir='ltr'><strong>id</strong></span> <span class='ocrx_word' id='word_1_278' title='bbox 377 2187 477 2245; x_wconf 89' lang='lat' dir='ltr'><strong>neque</strong></span> <span class='ocrx_word' id='word_1_279' title='bbox 488 2186 543 2244; x_wconf 90' lang='lat' dir='ltr'><strong>per</strong></span> <span class='ocrx_word' id='word_1_280' title='bbox 558 2178 587 2229; x_wconf 89' lang='lat' dir='ltr'><strong>te</strong></span> <span class='ocrx_word' id='word_1_281' title='bbox 604 2166 699 2228; x_wconf 88' lang='lat' dir='ltr'><strong>scires</strong></span> <span class='ocrx_word' id='word_1_282' title='bbox 715 2185 814 2242; x_wconf 88' lang='lat' dir='ltr'><strong>neque</strong></span> <span class='ocrx_word' id='word_1_283' title='bbox 832 2168 938 2228; x_wconf 89' lang='lat' dir='ltr'><strong>audire</strong></span> <span class='ocrx_word' id='word_1_284' title='bbox 952 2166 1073 2226; x_wconf 87' lang='lat' dir='ltr'><strong>aliunde</strong></span> 
     </span>
     <span class='ocr_line' id='line_1_28' title="bbox 56 2250 1118 2329; baseline -0.008 -13"><span class='ocrx_word' id='word_1_285' title='bbox 56 2259 208 2326; x_wconf 81' lang='lat' dir='ltr'><strong>totuisses,</strong></span> <span class='ocrx_word' id='word_1_286' title='bbox 232 2262 265 2316; x_wconf 88' lang='lat' dir='ltr'><strong>ut</strong></span> <span class='ocrx_word' id='word_1_287' title='bbox 279 2253 466 2329; x_wconf 82' lang='lat' dir='ltr'><strong>ignoratione</strong></span> <span class='ocrx_word' id='word_1_288' title='bbox 488 2258 539 2312; x_wconf 82' lang='lat' dir='ltr'><strong>t&#39;ua</strong></span> <span class='ocrx_word' id='word_1_289' title='bbox 553 2253 592 2312; x_wconf 89' lang='lat' dir='ltr'><strong>ad</strong></span> <span class='ocrx_word' id='word_1_290' title='bbox 609 2251 740 2313; x_wconf 91' lang='lat' dir='ltr'><strong>hominis</strong></span> <span class='ocrx_word' id='word_1_291' title='bbox 760 2251 862 2310; x_wconf 90' lang='lat' dir='ltr'><strong>miseri</strong></span> <span class='ocrx_word' id='word_1_292' title='bbox 879 2252 1005 2310; x_wconf 89' lang='lat' dir='ltr'><strong>salutem</strong></span> <span class='ocrx_word' id='word_1_293' title='bbox 1022 2250 1073 2308; x_wconf 89' lang='lat' dir='ltr'><strong>ab·</strong></span> <span class='ocrx_word' id='word_1_294' title='bbox 1112 2252 1118 2258; x_wconf 88' lang='lat'>&#39;</span> 
     </span>
     <span class='ocr_line' id='line_1_29' title="bbox 56 2330 1074 2413; baseline -0.009 -13"><span class='ocrx_word' id='word_1_295' title='bbox 56 2348 153 2402; x_wconf 81' lang='lat' dir='ltr'><strong>tterer.</strong></span> <span class='ocrx_word' id='word_1_296' title='bbox 185 2339 247 2399; x_wconf 88' lang='lat' dir='ltr'><strong>Sed</strong></span> <span class='ocrx_word' id='word_1_297' title='bbox 260 2338 402 2413; x_wconf 90' lang='lat' dir='ltr'><strong>quoniam</strong></span> <span class='ocrx_word' id='word_1_298' title='bbox 413 2336 566 2411; x_wconf 81' lang='lat' dir='ltr'><strong>diligentia</strong></span> <span class='ocrx_word' id='word_1_299' title='bbox 580 2334 691 2396; x_wconf 87' lang='lat' dir='ltr'><strong>inimici</strong></span> <span class='ocrx_word' id='word_1_300' title='bbox 702 2335 916 2408; x_wconf 89' lang='lat' dir='ltr'><strong>investigatum</strong></span> <span class='ocrx_word' id='word_1_301' title='bbox 930 2342 978 2393; x_wconf 89' lang='lat' dir='ltr'><strong>est</strong></span> <span class='ocrx_word' id='word_1_302' title='bbox 992 2330 1074 2407; x_wconf 77' lang='lat' dir='ltr'><strong>quod</strong></span> 
     </span>
     <span class='ocr_line' id='line_1_30' title="bbox 56 2416 1073 2495; baseline -0.01 -11"><span class='ocrx_word' id='word_1_303' title='bbox 56 2425 166 2494; x_wconf 79' lang='lat' dir='ltr'><strong>arebat,</strong></span> <span class='ocrx_word' id='word_1_304' title='bbox 183 2420 388 2482; x_wconf 84' lang='lat' dir='ltr'><strong>confitendum</strong></span> <span class='ocrx_word' id='word_1_305' title='bbox 404 2430 460 2494; x_wconf 88' lang='lat' dir='ltr'><strong>est,</strong></span> <span class='ocrx_word' id='word_1_306' title='bbox 478 2416 601 2494; x_wconf 83' lang='lat' dir='ltr'><strong>opinor,</strong></span> <span class='ocrx_word' id='word_1_307' title='bbox 624 2417 802 2495; x_wconf 87' lang='lat' dir='ltr'><strong>praesertim</strong></span> <span class='ocrx_word' id='word_1_308' title='bbox 820 2433 912 2493; x_wconf 91' lang='lat' dir='ltr'><strong>quum</strong></span> <span class='ocrx_word' id='word_1_309' title='bbox 923 2431 1010 2476; x_wconf 90' lang='lat' dir='ltr'><strong>meus</strong></span> <span class='ocrx_word' id='word_1_310' title='bbox 1022 2432 1073 2475; x_wconf 89' lang='lat' dir='ltr'><strong>ne·</strong></span> 
     </span>
     <span class='ocr_line' id='line_1_31' title="bbox 56 2498 1073 2577; baseline -0.007 -12"><span class='ocrx_word' id='word_1_311' title='bbox 56 2503 200 2567; x_wconf 79' lang='lat' dir='ltr'><strong>:asserius</strong></span> <span class='ocrx_word' id='word_1_312' title='bbox 225 2504 255 2563; x_wconf 85' lang='lat' dir='ltr'><strong>C.</strong></span> <span class='ocrx_word' id='word_1_313' title='bbox 272 2505 371 2565; x_wconf 80' lang='lat' dir='ltr'><strong>Pansa</strong></span> <span class='ocrx_word' id='word_1_314' title='bbox 392 2498 511 2575; x_wconf 87' lang='lat' dir='ltr'><strong>lecerit,</strong></span> <span class='ocrx_word' id='word_1_315' title='bbox 534 2511 565 2563; x_wconf 93' lang='lat' dir='ltr'><strong>ut</strong></span> <span class='ocrx_word' id='word_1_316' title='bbox 592 2503 623 2562; x_wconf 90' lang='lat' dir='ltr'><strong>id</strong></span> <span class='ocrx_word' id='word_1_317' title='bbox 646 2502 794 2577; x_wconf 89' lang='lat' dir='ltr'><strong>integrum</strong></span> <span class='ocrx_word' id='word_1_318' title='bbox 815 2501 874 2560; x_wconf 90' lang='lat' dir='ltr'><strong>iam</strong></span> <span class='ocrx_word' id='word_1_319' title='bbox 898 2516 959 2560; x_wconf 91' lang='lat' dir='ltr'><strong>non</strong></span> <span class='ocrx_word' id='word_1_320' title='bbox 982 2506 1073 2571; x_wconf 87' lang='lat' dir='ltr'><strong>esset,</strong></span> 
     </span>
     <span class='ocr_line' id='line_1_32' title="bbox 56 2583 1072 2664; baseline -0.007 -18"><span class='ocrx_word' id='word_1_321' title='bbox 56 2590 221 2664; x_wconf 72' lang='lat' dir='ltr'><strong>»missaque</strong></span> <span class='ocrx_word' id='word_1_322' title='bbox 237 2586 447 2647; x_wconf 88' lang='lat' dir='ltr'><strong>controversia</strong></span> <span class='ocrx_word' id='word_1_323' title='bbox 462 2588 560 2646; x_wconf 87' lang='lat' dir='ltr'><strong>onmis</strong></span> <span class='ocrx_word' id='word_1_324' title='bbox 577 2587 670 2647; x_wconf 90' lang='lat' dir='ltr'><strong>oratio</strong></span> <span class='ocrx_word' id='word_1_325' title='bbox 685 2586 725 2645; x_wconf 89' lang='lat' dir='ltr'><strong>ad</strong></span> <span class='ocrx_word' id='word_1_326' title='bbox 742 2583 981 2646; x_wconf 89' lang='lat' dir='ltr'><strong>misericordiam</strong></span> <span class='ocrx_word' id='word_1_327' title='bbox 992 2591 1072 2644; x_wconf 90' lang='lat' dir='ltr'><strong>tuam</strong></span> 
     </span>
     <span class='ocr_line' id='line_1_33' title="bbox 56 2668 1073 2744; baseline -0.007 -14"><span class='ocrx_word' id='word_1_328' title='bbox 56 2671 230 2734; x_wconf 83' lang='lat' dir='ltr'><strong>:onierenda</strong></span> <span class='ocrx_word' id='word_1_329' title='bbox 244 2679 306 2742; x_wconf 87' lang='lat' dir='ltr'><strong>est,</strong></span> <span class='ocrx_word' id='word_1_330' title='bbox 329 2686 388 2744; x_wconf 86' lang='lat' dir='ltr'><strong>qua</strong></span> <span class='ocrx_word' id='word_1_331' title='bbox 401 2669 519 2744; x_wconf 86' lang='lat' dir='ltr'><strong>plurimi</strong></span> <span class='ocrx_word' id='word_1_332' title='bbox 534 2678 604 2730; x_wconf 89' lang='lat' dir='ltr'><strong>sunt</strong></span> <span class='ocrx_word' id='word_1_333' title='bbox 619 2668 806 2742; x_wconf 88' lang='lat' dir='ltr'><strong>conservati,</strong></span> <span class='ocrx_word' id='word_1_334' title='bbox 828 2686 918 2744; x_wconf 88' lang='lat' dir='ltr'><strong>quum</strong></span> <span class='ocrx_word' id='word_1_335' title='bbox 936 2684 954 2727; x_wconf 90' lang='lat' dir='ltr'><strong>o</strong></span> <span class='ocrx_word' id='word_1_336' title='bbox 967 2674 997 2726; x_wconf 88' lang='lat' dir='ltr'><strong>te</strong></span> <span class='ocrx_word' id='word_1_337' title='bbox 1012 2680 1073 2724; x_wconf 90' lang='lat' dir='ltr'><strong>non</strong></span> 
     </span>
     <span class='ocr_line' id='line_1_34' title="bbox 56 2746 1073 2829; baseline -0.01 -13"><span class='ocrx_word' id='word_1_338' title='bbox 56 2755 253 2817; x_wconf 88' lang='lat' dir='ltr'><strong>iberationem</strong></span> <span class='ocrx_word' id='word_1_339' title='bbox 273 2754 397 2829; x_wconf 87' lang='lat' dir='ltr'><strong>culpae,</strong></span> <span class='ocrx_word' id='word_1_340' title='bbox 419 2753 475 2812; x_wconf 88' lang='lat' dir='ltr'><strong>sed</strong></span> <span class='ocrx_word' id='word_1_341' title='bbox 496 2753 585 2812; x_wconf 89' lang='lat' dir='ltr'><strong>errati</strong></span> <span class='ocrx_word' id='word_1_342' title='bbox 605 2752 724 2813; x_wconf 88' lang='lat' dir='ltr'><strong>veniam</strong></span> <span class='ocrx_word' id='word_1_343' title='bbox 747 2752 1001 2826; x_wconf 87' lang='lat' dir='ltr'><strong>impetravissent.</strong></span> <span class='ocrx_word' id='word_1_344' title='bbox 1044 2746 1073 2806; x_wconf 75' lang='lat'><strong>2.</strong></span> 
     </span>
     <span class='ocr_line' id='line_1_35' title="bbox 56 2830 1074 2911; baseline -0.014 -10"><span class='ocrx_word' id='word_1_345' title='bbox 56 2841 146 2901; x_wconf 86' lang='lat' dir='ltr'><strong>labes</strong></span> <span class='ocrx_word' id='word_1_346' title='bbox 163 2835 262 2911; x_wconf 89' lang='lat' dir='ltr'><strong>igitur,</strong></span> <span class='ocrx_word' id='word_1_347' title='bbox 277 2836 406 2909; x_wconf 86' lang='lat' dir='ltr'><strong>Tubero,</strong></span> <span class='ocrx_word' id='word_1_348' title='bbox 423 2836 507 2910; x_wconf 91' lang='lat' dir='ltr'><strong>quod</strong></span> <span class='ocrx_word' id='word_1_349' title='bbox 518 2845 565 2895; x_wconf 86' lang='lat' dir='ltr'><strong>est</strong></span> <span class='ocrx_word' id='word_1_350' title='bbox 575 2835 747 2897; x_wconf 88' lang='lat' dir='ltr'><strong>accusatori</strong></span> <span class='ocrx_word' id='word_1_351' title='bbox 757 2835 887 2894; x_wconf 89' lang='lat' dir='ltr'><strong>maxime</strong></span> <span class='ocrx_word' id='word_1_352' title='bbox 899 2830 1074 2907; x_wconf 70' lang='lat' dir='ltr'><strong>apartium,</strong></span> 
     </span>
     <span class='ocr_line' id='line_1_36' title="bbox 56 2915 1075 2992; baseline -0.016 -8"><span class='ocrx_word' id='word_1_353' title='bbox 56 2923 238 2985; x_wconf 77' lang='lat' dir='ltr'><strong>uolitantem</strong></span> <span class='ocrx_word' id='word_1_354' title='bbox 251 2936 346 2992; x_wconf 88' lang='lat' dir='ltr'><strong>reum,</strong></span> <span class='ocrx_word' id='word_1_355' title='bbox 363 2920 417 2979; x_wconf 89' lang='lat' dir='ltr'><strong>sed</strong></span> <span class='ocrx_word' id='word_1_356' title='bbox 433 2928 530 2977; x_wconf 89' lang='lat' dir='ltr'><strong>tamen</strong></span> <span class='ocrx_word' id='word_1_357' title='bbox 548 2918 606 2978; x_wconf 91' lang='lat' dir='ltr'><strong>hoc</strong></span> <span class='ocrx_word' id='word_1_358' title='bbox 624 2919 826 2990; x_wconf 85' lang='lat' dir='ltr'><strong>confitentem,</strong></span> <span class='ocrx_word' id='word_1_359' title='bbox 843 2934 877 2976; x_wconf 93' lang='lat' dir='ltr'><strong>se</strong></span> <span class='ocrx_word' id='word_1_360' title='bbox 894 2915 925 2974; x_wconf 92' lang='lat' dir='ltr'><strong>in</strong></span> <span class='ocrx_word' id='word_1_361' title='bbox 938 2931 974 2974; x_wconf 91' lang='lat' dir='ltr'><strong>ea</strong></span> <span class='ocrx_word' id='word_1_362' title='bbox 990 2917 1075 2987; x_wconf 86' lang='lat' dir='ltr'><strong>parte</strong></span> 
     </span>
     <span class='ocr_line' id='line_1_37' title="bbox 56 3000 1071 3079; baseline -0.015 -12"><span class='ocrx_word' id='word_1_363' title='bbox 56 3005 156 3078; x_wconf 90' lang='lat' dir='ltr'><strong>uisse,</strong></span> <span class='ocrx_word' id='word_1_364' title='bbox 177 3020 239 3079; x_wconf 88' lang='lat' dir='ltr'><strong>qua</strong></span> <span class='ocrx_word' id='word_1_365' title='bbox 254 3011 297 3076; x_wconf 89' lang='lat' dir='ltr'><strong>tc,</strong></span> <span class='ocrx_word' id='word_1_366' title='bbox 315 3020 375 3076; x_wconf 90' lang='lat' dir='ltr'><strong>qua</strong></span> <span class='ocrx_word' id='word_1_367' title='bbox 390 3000 485 3061; x_wconf 91' lang='lat' dir='ltr'><strong>virum</strong></span> <span class='ocrx_word' id='word_1_368' title='bbox 501 3003 581 3059; x_wconf 89' lang='lat' dir='ltr'><strong>omni</strong></span> <span class='ocrx_word' id='word_1_369' title='bbox 597 3001 686 3060; x_wconf 87' lang='lat' dir='ltr'><strong>laudc</strong></span> <span class='ocrx_word' id='word_1_370' title='bbox 700 3001 833 3074; x_wconf 85' lang='lat' dir='ltr'><strong>dignum,</strong></span> <span class='ocrx_word' id='word_1_371' title='bbox 847 3005 963 3072; x_wconf 91' lang='lat' dir='ltr'><strong>patrem</strong></span> <span class='ocrx_word' id='word_1_372' title='bbox 978 3003 1071 3055; x_wconf 89' lang='lat' dir='ltr'><strong>tuum.</strong></span> 
     </span>
    </p>
   </div>
   <div class='ocr_carea' id='block_1_8' title="bbox 56 3082 1163 3165">
    <p class='ocr_par' dir='ltr' id='par_1_8' title="bbox 56 3082 1163 3165">
     <span class='ocr_line' id='line_1_38' title="bbox 56 3082 1163 3165; baseline -0.016 -14"><span class='ocrx_word' id='word_1_373' title='bbox 56 3098 151 3165; x_wconf 87' lang='lat' dir='ltr'><strong>taque</strong></span> <span class='ocrx_word' id='word_1_374' title='bbox 161 3086 248 3162; x_wconf 86' lang='lat' dir='ltr'><strong>prius</strong></span> <span class='ocrx_word' id='word_1_375' title='bbox 264 3086 302 3147; x_wconf 88' lang='lat' dir='ltr'><strong>de</strong></span> <span class='ocrx_word' id='word_1_376' title='bbox 315 3094 416 3147; x_wconf 90' lang='lat' dir='ltr'><strong>vestro</strong></span> <span class='ocrx_word' id='word_1_377' title='bbox 430 3085 538 3144; x_wconf 91' lang='lat' dir='ltr'><strong>delicto</strong></span> <span class='ocrx_word' id='word_1_378' title='bbox 551 3082 755 3143; x_wconf 85' lang='lat' dir='ltr'><strong>confiteamini</strong></span> <span class='ocrx_word' id='word_1_379' title='bbox 769 3097 898 3142; x_wconf 85' lang='lat' dir='ltr'><strong>necesse</strong></span> <span class='ocrx_word' id='word_1_380' title='bbox 911 3085 966 3148; x_wconf 88' lang='lat' dir='ltr'><strong>cst,</strong></span> <span class='ocrx_word' id='word_1_381' title='bbox 984 3092 1073 3152; x_wconf 89' lang='lat' dir='ltr'><strong>quam</strong></span> <span class='ocrx_word' id='word_1_382' title='bbox 1160 3136 1163 3141; x_wconf 68' lang='grc'><strong>,</strong></span> 
     </span>
    </p>
   </div>
   <div class='ocr_carea' id='block_1_9' title="bbox 56 3166 1073 3493">
    <p class='ocr_par' dir='ltr' id='par_1_9' title="bbox 56 3166 1072 3328">
     <span class='ocr_line' id='line_1_39' title="bbox 56 3166 1047 3247; baseline -0.013 -13"><span class='ocrx_word' id='word_1_383' title='bbox 56 3169 156 3247; x_wconf 62' lang='lat' dir='ltr'><strong>&#39;tigerii</strong></span> <span class='ocrx_word' id='word_1_384' title='bbox 173 3171 264 3230; x_wconf 88' lang='lat' dir='ltr'><strong>ullam</strong></span> <span class='ocrx_word' id='word_1_385' title='bbox 280 3171 399 3242; x_wconf 88' lang='lat' dir='ltr'><strong>culpam</strong></span> <span class='ocrx_word' id='word_1_386' title='bbox 414 3166 655 3241; x_wconf 88' lang='lat' dir='ltr'><strong>reprehendatis.</strong></span> <span class='ocrx_word' id='word_1_387' title='bbox 1044 3214 1047 3221; x_wconf 94' lang='lat'><em>.</em></span> 
     </span>
     <span class='ocr_line' id='line_1_40' title="bbox 107 3243 1072 3328; baseline -0.01 -16"><span class='ocrx_word' id='word_1_388' title='bbox 107 3255 141 3328; x_wconf 78' lang='lat' dir='ltr'><strong>Q.</strong></span> <span class='ocrx_word' id='word_1_389' title='bbox 162 3252 241 3312; x_wconf 91' lang='lat' dir='ltr'><strong>enim</strong></span> <span class='ocrx_word' id='word_1_390' title='bbox 252 3252 398 3327; x_wconf 83' lang='lat' dir='ltr'><strong>Ligarius,</strong></span> <span class='ocrx_word' id='word_1_391' title='bbox 415 3266 506 3326; x_wconf 91' lang='lat' dir='ltr'><strong>quum</strong></span> <span class='ocrx_word' id='word_1_392' title='bbox 518 3249 693 3310; x_wconf 89' lang='lat' dir='ltr'><strong>essctnulla</strong></span> <span class='ocrx_word' id='word_1_393' title='bbox 705 3247 778 3307; x_wconf 91' lang='lat' dir='ltr'><strong>bclli</strong></span> <span class='ocrx_word' id='word_1_394' title='bbox 796 3243 940 3319; x_wconf 84' lang='lat' dir='ltr'><strong>suspicio,</strong></span> <span class='ocrx_word' id='word_1_395' title='bbox 957 3245 1072 3316; x_wconf 89' lang='lat' dir='ltr'><strong>legatus</strong></span> 
     </span>
    </p>

    <p class='ocr_par' dir='ltr' id='par_1_10' title="bbox 56 3326 1073 3409">
     <span class='ocr_line' id='line_1_41' title="bbox 56 3326 1073 3409; baseline -0.015 -11"><span class='ocrx_word' id='word_1_396' title='bbox 56 3354 74 3397; x_wconf 93' lang='lat' dir='ltr'><strong>n</strong></span> <span class='ocrx_word' id='word_1_397' title='bbox 89 3337 228 3398; x_wconf 78' lang='lat' dir='ltr'><strong>Africam</strong></span> <span class='ocrx_word' id='word_1_398' title='bbox 248 3353 316 3395; x_wconf 91' lang='lat' dir='ltr'><strong>cum</strong></span> <span class='ocrx_word' id='word_1_399' title='bbox 330 3335 360 3394; x_wconf 84' lang='lat' dir='ltr'><strong>C.</strong></span> <span class='ocrx_word' id='word_1_400' title='bbox 380 3333 524 3394; x_wconf 87' lang='lat' dir='ltr'><strong>Considio</strong></span> <span class='ocrx_word' id='word_1_401' title='bbox 545 3333 700 3409; x_wconf 86' lang='lat' dir='ltr'><strong>proiectus</strong></span> <span class='ocrx_word' id='word_1_402' title='bbox 718 3338 782 3391; x_wconf 80' lang='lat' dir='ltr'><strong>est:</strong></span> <span class='ocrx_word' id='word_1_403' title='bbox 804 3327 908 3405; x_wconf 88' lang='lat' dir='ltr'><strong>quain</strong></span> <span class='ocrx_word' id='word_1_404' title='bbox 924 3326 1073 3403; x_wconf 84' lang='lat' dir='ltr'><strong>legatione</strong></span> 
     </span>
    </p>

    <p class='ocr_par' dir='ltr' id='par_1_11' title="bbox 56 3407 1072 3493">
     <span class='ocr_line' id='line_1_42' title="bbox 56 3407 1072 3493; baseline -0.015 -11"><span class='ocrx_word' id='word_1_405' title='bbox 56 3428 74 3482; x_wconf 84' lang='lat' dir='ltr'><strong>tt</strong></span> <span class='ocrx_word' id='word_1_406' title='bbox 94 3419 215 3481; x_wconf 88' lang='lat' dir='ltr'><strong>civibus</strong></span> <span class='ocrx_word' id='word_1_407' title='bbox 239 3426 269 3478; x_wconf 91' lang='lat' dir='ltr'><strong>et</strong></span> <span class='ocrx_word' id='word_1_408' title='bbox 289 3410 444 3480; x_wconf 79' lang='lat' dir='ltr'><strong>sociis&#39;ita</strong></span> <span class='ocrx_word' id='word_1_409' title='bbox 468 3433 501 3477; x_wconf 89' lang='lat' dir='ltr'><strong>se</strong></span> <span class='ocrx_word' id='word_1_410' title='bbox 523 3415 676 3493; x_wconf 87' lang='lat' dir='ltr'><strong>probavit,</strong></span> <span class='ocrx_word' id='word_1_411' title='bbox 696 3422 728 3474; x_wconf 93' lang='lat' dir='ltr'><strong>ut</strong></span> <span class='ocrx_word' id='word_1_412' title='bbox 743 3413 896 3473; x_wconf 89' lang='lat' dir='ltr'><strong>decedens</strong></span> <span class='ocrx_word' id='word_1_413' title='bbox 912 3407 1072 3471; x_wconf 86' lang='lat' dir='ltr'><strong>Considius</strong></span> 
     </span>
    </p>
   </div>
   <div class='ocr_carea' id='block_1_10' title="bbox 103 3485 1134 3640">
    <p class='ocr_par' dir='ltr' id='par_1_12' title="bbox 103 3485 1134 3640">
     <span class='ocr_line' id='line_1_43' title="bbox 103 3485 1134 3640; baseline -0.019 -81"><span class='ocrx_word' id='word_1_414' title='bbox 103 3515 160 3559; x_wconf 89' lang='lat' dir='ltr'><strong>c1c.</strong></span> <span class='ocrx_word' id='word_1_415' title='bbox 179 3512 269 3556; x_wconf 76' lang='lat' dir='ltr'><strong>oaar.</strong></span> <span class='ocrx_word' id='word_1_416' title='bbox 808 3485 849 3552; x_wconf 77' lang='lat'><strong>25</strong></span> <span class='ocrx_word' id='word_1_417' title='bbox 905 3542 907 3547; x_wconf 84' lang='grc'>,</span> <span class='ocrx_word' id='word_1_418' title='bbox 1063 3556 1134 3640; x_wconf 61' lang='lat'><strong><em>¹</em></strong></span> 
     </span>
    </p>
   </div>
   <div class='ocr_carea' id='block_1_11' title="bbox 0 0 1182 3854">
    <p class='ocr_par' dir='ltr' id='par_1_13' title="bbox 0 0 1182 3854">
     <span class='ocr_line' id='line_1_44' title="bbox 0 0 1182 3854; baseline 0 0"><span class='ocrx_word' id='word_1_419' title='bbox 0 0 1182 3854; x_wconf 95' lang='lat' dir='ltr'><strong> </strong></span> 
     </span>
    </p>
   </div>
  </div>
 </body>
</html>
