2356 3854
364 187 445 247 cAP.
459 193 589 271 sl-ct
611 193 638 254 s.
655 193 784 249 to—sr.
1019 186 1078 257 ‚73

74 354 160 411 quam
183 334 314 400 indicem
334 335 381 394 sui
401 336 551 408 sceleris„
566 336 747 396 sustulisset.
787 338 891 411 ltaque
919 337 1079 397 tollendam

73 418 154 478 istius
169 418 294 490 imperio
312 417 501 480 locaverunt:
518 434 595 492 quae
612 420 699 478 vobis
713 420 820 478 locutio
836 436 874 478 ex
890 419 1019 493 publicis
1034 421 1086 481 lit-'

73 500 138 560 teris
156 500 390 573 Segestanorum
403 500 504 573 priore
519 501 637 561 actione
651 502 773 561 recitata
787 509 841 560 est.

149 579 280 640 XXXVI.
307 582 347 640 Te
368 598 460 654 nuno,
482 583 513 640 P.
532 583 649 656 Scipio,
672 592 716 655 te,
734 583 870 657 inquam,
886 583 1078 645 lectissimum

75 664 352 737 ornatissimumque
363 658 586 724 adolescentem
598 666 732 739 appello:
750 666 978 725 absteolficinm
987 676 1077 739 tuum,

77 747 198 806 debitum
214 746 317 821 generi
338 755 367 805 et
381 746 507 819 nomini,
528 748 650 821 requiro
671 756 700 806 et
715 746 827 819 flagito.
864 748 921 805 Cur
940 765 993 821 pro
1008 751 1077 822 isto,

78 830 121 902 qui
144 830 263 888 laudem
287 829 493 903 honoremque
510 829 638 888 familiae
667 836 784 887 vestrae
804 830 1000 902 depeculatus
1022 841 1077 902 est,

79 919 206 985 pugnas?
226 927 280 970 cur
296 926 363 970 eum
381 912 539 970 defensum
561 928 631 970 esse
646 911 716 969 vist
736 926 789 969 cur
809 926 865 982 ego
887 919 953 970 tuas
977 921 1077 985 partes

79 993 223 1067 suscipio?
245 1009 297 1053 cur
311 1003 394 1053 tuum
411 1010 519 1052 munus
534 995 691 1053 sustineo?
707 1009 760 1052 cur
777 993 816 1051 M.
830 992 941 1053 Tullius
956 993 987 1050 P.
999 995 1077 1053 Atri-

79 1076 135 1134 cani
155 1083 345 1136 monumenta
364 1075 504 1149 requirit,
525 1076 555 1133 P.
577 1074 679 1148 Scipio
701 1092 783 1148 eum,
808 1074 859 1148 qui
878 1073 929 1132 illa
949 1076 1077 1147 sustulit,

80 1157 220 1216 defendit?
240 1158 335 1231 Quum
346 1174 416 1223 mos
431 1174 451 1216 a
463 1156 625 1217 maioribus
641 1158 765 1217 traditus
777 1157 825 1229 sit,
840 1164 873 1216 ut
886 1165 1077 1219 monumenta

80 1239 210 1299 maiorum
228 1239 268 1298 ita
284 1255 406 1298 suorum
424 1240 553 1314 quisque
571 1241 725 1310 defendat,
741 1249 825 1299 utne
840 1239 939 1299 ornari
955 1241 1077 1314 quidem

81 1321 184 1381 nomine
201 1321 327 1380 aliorum
345 1321 435 1381 sinat:
458 1331 489 1381 tu
509 1321 558 1380 isti
579 1323 693 1393 aderis,
720 1323 770 1396 qui
785 1339 845 1381 non
861 1322 1009 1382 obstruxit
1023 1324 1077 1382 ali·

82 1419 129 1475 qua
142 1419 177 1462 ex
193 1411 279 1477 parte
296 1413 486 1464 monumento
502 1403 532 1461 P.
548 1403 714 1478 Scipionis,
729 1404 784 1463 sed
799 1405 830 1463 id
846 1405 979 1464 funditus
996 1407 1076 1464 dele·

79 1484 112 1542 vit
129 1502 162 1544 ac
178 1484 319 1546 sustulit?
351 1485 400 1547 80.
429 1486 570 1558 Quisnam
590 1486 691 1558 igitur,
716 1503 771 1560 per
788 1488 863 1546 deos
878 1487 1075 1546 immortales!

79 1568 193 1627 tuebitur
214 1568 246 1625 P.
270 1567 420 1640 Scipionis
441 1569 613 1628 memoriam
636 1568 764 1628 mortuil
791 1569 860 1642 quis
884 1579 1076 1629 monumenta

78 1657 154 1722 atque
169 1649 282 1709 indicia
297 1649 427 1722 virtutiS,
449 1650 475 1709 si
495 1660 527 1709 tu
550 1667 587 1709 ca
607 1650 761 1724 relinques
780 1658 831 1709 aut
852 1651 993 1721 deseres,
1017 1668 1074 1709 nec

78 1733 160 1790 solum
176 1731 307 1806 spoliata
329 1732 379 1790 illa
401 1732 540 1805 patieris,
565 1732 621 1790 sed
641 1747 745 1791 eorum
772 1731 860 1790 etiarn
882 1731 1074 1804 spoliatorem

76 1823 297 1888 vexatoremque
308 1814 474 1873 delendest
486 1815 607 1873 Adsunt
618 1812 784 1886 Segestani,
796 1813 920 1871 clientes
932 1813 983 1882 tui,
999 1813 1074 1872 socii

76 1895 167 1969 populi
182 1895 309 1956 Romani
323 1904 416 1969 atque
430 1895 536 1953 amici:
559 1894 715 1955 certiorem
736 1903 764 1954 te
784 1893 895 1953 faciunt
915 1894 945 1952 P.
958 1895 1075 1954 Africa-

76 1988 132 2036 ntur
152 1979 335 2052 Karthagine
355 1979 452 2038 deleta
472 1977 661 2037 simulacrum
680 1975 794 2036 Dianae
823 1977 986 2037 maioribus
1010 1977 1074 2036 suis

75 2061 239 2133 restituisse,
255 2060 348 2134 idque
364 2060 445 2133 apud
463 2059 646 2133 Segestanos
664 2059 730 2119 eius
748 2060 938 2134 imperatoris
955 2060 1074 2120 nomine

74 2142 192 2213 posituro
206 2157 242 2201 ac
260 2143 428 2202 dedicatum
445 2142 553 2202 luisse:
585 2142 643 2202 hoc
659 2144 783 2201 Verrem
805 2143 1025 2203 demoliendum
1045 2152 1075 2202 et

74 2226 276 2306 esportandum
288 2241 458 2298 nomenque
470 2225 627 2295 omnin0P.
637 2224 789 2300 Scipionis
800 2219 959 2284 delendum
968 2227 1072 2284 tollen-

75 2304 193 2382 dumque
204 2323 344 2367 curasse:
357 2315 441 2367 orant
452 2315 481 2366 te
493 2316 583 2382 atque
593 2307 762 2378 obsecrant,
775 2316 806 2367 ut
818 2309 874 2366 sibi
887 2306 1072 2380 religionem,

74 2389 161 2459 generi
175 2398 226 2451 luo
240 2389 357 2449 laudern
369 2388 554 2462 gloriamque
565 2389 716 2461 restituas,
728 2391 774 2461 ut,
787 2391 870 2463 quod
887 2405 941 2463 per
950 2389 982 2446 P.
994 2389 1072 2449 Atri-

75 2477 167 2531 canutn
181 2487 220 2530 ex
234 2472 308 2532 urbe
323 2470 453 2531 hostium
467 2471 681 2545 recuperarinl,
696 2471 728 2531 id
742 2488 797 2546 per
811 2479 840 2531 te
856 2487 894 2528 ex
909 2471 1072 2544 praedonis

75 2549 149 2613 domo
165 2569 349 2614 conservare
363 2552 490 2627 possint.
523 2555 667 2613 XXXVll.
683 2553 760 2626 Quid
774 2562 824 2613 aut
839 2563 870 2614 tu
884 2554 931 2612 his
945 2569 1071 2628 respon·

73 2630 131 2722 dere
150 2637 278 2697 honeste
297 2644 385 2710 potes
405 2645 455 2696 aut
469 2635 511 2694 illi
526 2638 639 2708 lacere,
663 2637 720 2696 nisi
735 2645 768 2697 ut
781 2645 810 2696 te
826 2653 862 2695 ac
879 2637 970 2696 fidem
991 2645 1071 2696 tuam

72 2720 238 2790 unplorentt
269 2717 390 2778 Adsunt
410 2726 440 2780 et
459 2718 627 2793 implorant.
658 2720 747 2781 Potes
767 2718 953 2780 domesticae
973 2720 1071 2778 laudis

72 2800 296 2874 amptitudinem,
312 2799 429 2874 Scipio,
445 2803 535 2861 tueri:
558 2810 660 2875 potes=
682 2801 781 2862 omnia
800 2810 871 2862 sunt
889 2801 918 2860 in
932 2811 977 2871 te,
993 2817 1071 2874 quae

72 2887 111 2939 tut
127 2885 247 2943 lorttlna
269 2882 441 2957 hominibus
463 2891 514 2943 aut
533 2893 637 2944 natura
657 2884 794 2958 largitur:
823 2901 884 2942 non
904 2897 1070 2956 praecerpo

70 2958 183 3025 fructum
198 2965 291 3026 olllcii
308 2967 359 3038 tui,
377 2981 437 3026 non
449 2965 577 3025 alienam
593 2966 663 3025 milri
678 2968 797 3026 laudem
811 2973 932 3039 appeto,
948 2979 1007 3021 non
1023 2970 1069 3022 est

68 3048 180 3128 pudoris
197 3048 272 3120 mei,
294 3048 324 3107 P.
342 3047 499 3122 Scipione,
522 3047 736 3108 florentissimo
758 3049 967 3114 adolescente,
1000 3044 1068 3105 vivo

68 3127 249 3202 uinculum,
266 3147 313 3190 me
330 3139 586 3205 propugnatorem
601 3131 632 3188 P.
651 3129 801 3202 Scipionis
817 3129 1069 3203 defensoremque

67 3212 196 3276 Profiteri.
222 3212 271 3276 Sl.
287 3211 507 3286 Quamobrem
523 3213 549 3272 si
561 3213 692 3285 suscipis
707 3209 891 3270 domesticae
907 3210 1004 3271 laudis
1016 3228 1069 3286 pa·

67 3290 219 3366 recinium,
238 3311 285 3353 me
301 3312 361 3355 non
375 3295 472 3354 solum
486 3293 575 3353 silere
590 3295 628 3353 de
644 3293 752 3352 vestris
767 3293 965 3354 monumentis
979 3311 1068 3368 opor-

67 3370 133 3447 tebit,
150 3377 312 3437 sedetiam
328 3377 445 3447 laetari,
467 3376 498 3435 P.
513 3374 646 3438 Africani
660 3377 725 3435 eius
740 3377 819 3435 modi
835 3377 983 3438 fortunam
998 3390 1068 3435 esse

1064 3600 1108 3636 Δ
