2356 3854
86 169 152 258 ιιι
340 179 379 236 ru
392 179 426 237 n.
440 177 650 237 cnrruunn
664 176 806 268 ounrro
820 178 865 236 ιι·
924 263 929 266 ³

84 318 301 404 prolude'runt,
321 327 457 387 fortunas
479 342 552 387 suas
574 326 800 400 obligaverunt:
813 318 871 386 'res
889 342 946 386 eos
969 325 1026 386 iam
1047 325 1090 402 pri·

84 413 169 482 dem,
191 409 270 469 fides
291 425 389 483 nuper
409 409 673 485 delicerecoepitr
701 410 809 469 eadem
829 418 931 469 tamen
947 407 1013 480 illa,
1033 425 1090 485 quae

85 499 150 552 erat
163 491 194 551 in
208 491 401 562 abundantia,
417 489 510 551 libido
526 500 691 565 permanet.
722 491 852 564 Quodsi
869 491 901 550 in
915 491 989 552 ‘vino
1005 500 1034 552 et
1044 493 1090 552 aler

86 573 319 634 comissationes
334 576 433 635 solum
449 582 479 633 et
494 582 596 634 scorta
611 583 799 649 quaererent,
815 580 922 634 essent
935 573 980 632 illi
993 574 1090 648 quiden

83 656 286 732 desperandi,
308 658 364 716 sed
379 665 477 717 tamen
492 664 597 717 essent
612 656 742 716 lerendi=
768 657 827 717 hoe
847 671 923 716 vero
945 656 1016 730 quis
1035 659 1090 717 lem

83 740 194 814 possit,
209 739 321 800 inertes
332 739 470 800 homines
486 739 657 799 fortissimis
669 738 742 801 viris
755 738 902 813 insidiari,
918 738 1090 800 stultissimos

12 882 14 895 ,
85 821 345 898 prudentissimis,
371 822 512 883 ebriosos
538 821 664 894 sobriis,
688 820 873 882 dormientes
899 820 1084 896 vigilantibus

86 905 138 981 qui
158 903 231 964 mihi
245 907 429 965 accubantes
443 905 474 964 in
490 904 654 976 conviviis,
677 904 830 977 complexi
851 903 997 965 mulieres
1020 904 1090 978 impu

84 988 185 1058 dicas,
199 988 272 1047 vino
289 987 431 1062 languidi,
450 987 577 1046 conferti
591 987 670 1060 cibo,
692 987 782 1047 sertis
796 987 1090 1063 redimitiunguentit

85 1071 185 1142 obliti,
208 1069 354 1130 debilitati
375 1069 502 1145 stupris,
527 1076 665 1129 eructant
683 1069 877 1130 sermonibus
901 1070 968 1130 suis
992 1071 1090 1131 caeder

83 1153 234 1219 bonorum
252 1161 344 1227 atque
360 1151 443 1212 urbis
457 1151 622 1212 incendia..
644 1150 694 1214 11.
716 1151 832 1226 Quibus
847 1169 906 1227 ego
918 1153 1064 1214 conlido'
1057 1169 1090 1212 ιιι

84 1236 221 1331 pendere
228 1235 329 1295 latum
344 1234 469 1308 aliquod
483 1242 513 1293 et
528 1251 658 1308 poenam
680 1235 741 1295 iarn
764 1236 816 1296 diu
838 1235 1090 1310 improbitatum

85 1317 213 1391 quitiae,
242 1317 365 1392 sceleri,
388 1316 504 1376 libidini
522 1311 654 1378 debitam
673 1327 725 1378 aut
737 1307 851 1379 instare
872 1319 933 1378 iam
948 1321 1038 1395 plane
1057 1324 1090 1378 ant

85 1408 167 1460 certe
187 1398 445 1476 appropinquare.
485 1399 568 1472 Quos
592 1401 618 1460 si
641 1416 727 1461 meus
749 1402 942 1474 consulatus,
972 1401 1090 1478 quonian

84 1498 194 1542 sanare
204 1498 275 1542 non
278 1491 389 1557 potest,
407 1482 570 1550 sustulerit,
585 1499 647 1542 non
661 1483 755 1543 breve
766 1484 871 1544 nescio
886 1486 971 1560 quod
985 1495 1090 1560 tempu,

83 1567 141 1626 sed
157 1567 249 1625 multa
269 1568 392 1639 saecula
407 1565 583 1642 propagarit
602 1567 646 1626 rei
668 1567 816 1641 publicae.
857 1568 946 1627 Nulla
968 1578 1015 1629 est
1033 1566 1090 1628 enin

45 1711 51 1720 x
84 1649 165 1709 natio
188 1665 280 1724 quam
300 1649 568 1725 pertimescamus,
594 1651 695 1710 nullus
715 1666 770 1711 rex
792 1651 844 1725 qui
864 1649 978 1728 bellum
999 1651 1090 1726 populo

82 1733 221 1794 Romano
248 1734 349 1793 iacere
371 1733 477 1808 possit.
518 1731 624 1792 Omnia
646 1742 717 1793 sunt
740 1741 866 1794 externa
887 1735 980 1796 unius
1005 1734 1090 1794 vinno

44 1846 47 1851 ·
83 1823 164 1877 terra
177 1815 315 1891 marique
333 1824 456 1892 pacata:
482 1815 681 1877 domesticum
698 1816 810 1876 bellum
830 1825 946 1890 manet,
969 1818 1047 1878 intus
1063 1815 1090 1874 in·

83 1899 181 1959 sidiae
198 1907 282 1970 sunt,
304 1898 385 1961 intus
406 1900 556 1977 inclusum
571 1899 739 1973 periculum
757 1899 921 1968 est,·intus
942 1909 991 1961 est
1006 1899 1090 1960 hostis.

8 2034 10 2039 ,
63 2032 65 2037 .
85 1982 158 2043 Cum
170 1982 290 2042 luxuria
301 1984 400 2056 nobis,
417 1992 486 2043 cunr
500 1982 640 2055 amentia,
654 1999 723 2045 curn
737 1983 854 2042 scelere
866 1984 1041 2044 certandum
1052 1989 1090 2042 est

2 2092 5 2098 ·
82 2064 160 2124 Huic
175 2081 233 2138 ego
248 2080 298 2124 me
313 2067 392 2126 bello
409 2067 517 2126 ducem
532 2067 686 2141 profiteor,
704 2065 848 2139 Quirites:
864 2066 1003 2142 suscipio
1017 2064 1090 2125 inimi

83 2146 339 2209 citius-hominum
354 2149 557 2224 perditorum=
583 2165 662 2224 quae
677 2147 779 2209 sanari
790 2156 951 2224 poterunt,
970 2162 1090 2225 quacun

84 2243 145 2305 que
164 2231 281 2292 ratione
303 2233 435 2292 sanabo:
463 2249 542 2308 quae
562 2232 732 2292 resecanda
752 2239 853 2304 erunt,
875 2249 937 2292 non
958 2232 1053 2308 patiar
1067 2228 1090 2290 ad

83 2312 248 2388 perniciem
268 2313 400 2376 civitatis
422 2331 553 2376 manere.
591 2315 722 2376 Proinde
742 2322 795 2374 aut
818 2323 929 2376 exeant
954 2313 1008 2376 aut
1029 2313 1090 2391 quie

83 2394 171 2480 scant
190 2406 257 2471 aut,
280 2397 358 2459 siet
377 2398 407 2457 in
424 2399 500 2458 urbe
519 2398 594 2458 etin
615 2399 723 2458 eadem
743 2406 843 2458 mente
857 2407 1050 2473 permanent,
1069 2409 1090 2456 et

84 2495 164 2552 quae
177 2488 339 2541 merentur.
344 2490 534 2556 exspectent.

165 2563 217 2621 VI.
233 2561 283 2623 12.
304 2566 345 2624 At
360 2564 449 2624 etiam
466 2572 536 2624 sunt
550 2561 603 2638 qui
618 2561 733 2635 dicant,
756 2561 900 2636 Quirites,
918 2580 1002 2624 ame
1015 2564 1045 2623 in
1057 2575 1090 2620 en

83 2642 183 2704 silium
203 2643 331 2705 eiectum
352 2663 425 2707 esse
438 2645 603 2707 Catilinam.
643 2646 732 2719 Quod
752 2662 809 2720 ego
825 2644 860 2705 si‘
872 2648 968 2707 verbo
983 2647 1089 2719 adsequ

83 2743 222 2802 possem,
240 2727 321 2810 istos
340 2727 427 2802 ipsos
449 2728 604 2800 elicerem,
631 2728 685 2804 qui
704 2729 781 2788 haec
797 2730 973 2804 loquuntur.
1015 2730 1090 2789 Hom

82 2810 163 2872 enim
183 2808 327 2871 videlicet
346 2810 469 2872 timidus
491 2821 544 2873 aut
563 2813 657 2872 etiam*
672 2813 887 2885 permodestus
910 2829 1020 2874 vocem
1041 2825 1090 2871 con

82 2893 164 2956 suiis
174 2896 253 2954 terre
267 2910 328 2954 non
344 2894 456 2969 potuit:
474 2894 563 2955 simul
578 2903 671 2969 atque
685 2894 730 2954 ire
740 2893 771 2952 in
784 2894 926 2955 exsilium
939 2895 1045 2956 iussus
1054 2899 1090 2954 est

81 2977 190 3052 paruit.
229 2973 328 3051 Quidt
346 2985 388 3050 ut,
405 2978 548 3039 hesterno
565 2976 623 3049 die,
641 2976 781 3050 Quirites,
799 2994 891 3052 quum
906 2979 1015 3039 domui
1027 2991 1090 3037 meu

82 3076 180 3144 paene
199 3059 377 3122 interiectus
398 3077 515 3135 essem,
540 3069 679 3121 senatum
697 3060 727 3118 in
748 3060 857 3119 aedem
878 3061 963 3121 Iovis
985 3056 1090 3123 Statori

82 3143 265 3216 convocavi,
289 3160 353 3206 rem
379 3161 498 3219 ornnem
521 3145 562 3204 ad
576 3152 679 3227 patres
700 3142 891 3217 conscriptos
913 3145 1025 3203 detuli
1050 3158 1090 3218 qut

81 3232 176 3293 quum
192 3212 322 3288 catilina
337 3228 486 3300 venisset,
509 3226 579 3303 quis
599 3242 668 3288 eum
689 3227 815 3286 senator
829 3227 1020 3301 appellavitt
1044 3221 1090 3300 qui

81 3304 244 3366 salutavitt
271 3310 340 3383 quis
362 3306 501 3385 denique
519 3310 561 3370 ita
580 3309 702 3384 aspexit
721 3315 755 3369 ut
778 3309 929 3404 perditum
954 3309 1090 3370 civemn

82 3401 142 3446 nun
154 3388 256 3461 potius
266 3399 299 3451 ut
309 3391 599 3468 importunissimum
609 3391 750 3452 hostem?
767 3390 942 3465 quinetiam
955 3391 1090 3468 principe
