2356 3854
109 177 173 244 432
255 176 295 235 ΙΝ
305 175 347 235 tt
363 173 563 234 artronum
578 171 719 233 ousrto
732 173 949 232 PHILIPPICA
962 174 1001 233 lt.

111 331 172 391 cur
195 325 257 386 ludi
274 324 466 399 Apollinares
487 323 658 383 incredibili
676 323 716 382 lt.
735 323 822 384 Bruti
834 323 958 384 honore
980 325 1131 385 celebratit
1173 341 1174 344 ’

112 413 172 472 Cur
185 407 363 483 provinciae
378 408 490 480 Bruto,
509 406 617 466 Cassio
631 407 742 466 datae?
758 422 813 466 cur
828 416 1017 481 quaestores
1034 409 1134 468 additit

111 490 174 553 cur'
188 493 355 565 legatorum
377 504 521 549 numerus
543 496 673 551 auctust
712 492 814 563 Atque
834 488 915 549 haec
934 499 1008 551 acta
1029 501 1134 566 perte.

110 575 176 655 Non
196 574 286 648 igitru
309 573 490 632 homicidas.
525 571 669 647 Sequitur
688 580 722 633 ut
741 572 924 633 liberatores
949 582 1006 648 tuo
1027 575 1136 646 iudicio,

111 656 381 734 quandoquidem
409 656 529 717 tertium
555 655 629 714 nihil
653 663 858 729 potestesse.
902 654 1138 730 caparosso

111 758 182 800 num
198 741 347 800 conturbo
363 746 414 799 tet
447 740 513 798 Non
529 737 607 798 enim
623 739 755 813 fortasse
771 738 863 811 satis,
883 756 970 814 quae
987 740 1138 801 diiunctius

110 824 265 898 dicuntur,
279 822 430 897 intelligis.
458 821 520 881 Sed
536 812 634 881 umen
650 821 726 881 hae'c
740 838 859 883 summa
874 831 924 882 est
939 824 1139 885 conclusionis

112 923 213 966 meae:
237 906 381 982 quoniam
396 907 513 965 scelere
529 921 548 963 a
562 913 592 964 te
606 904 722 964 liberati
737 911 822 977 sunt,
848 905 889 964 ab
915 907 1034 967 eodem
1048 916 1078 967 te
1088 924 1138 966 aue

111 989 260 1064 plissimis
273 988 416 1064 praemiis
433 987 631 1061 dignissimos
646 982 804 1048 iudicatos.
838 988 951 1063 ltaque
971 991 1032 1049 iam
1046 999 1137 1051 retexo

110 1075 278 1134 orationem
298 1088 405 1131 meam.
440 1070 576 1131 Scribam
592 1070 631 1129 ad
646 1069 729 1144 illos,
750 1080 795 1143 ut,
820 1071 846 1129 si
869 1072 923 1146 qui
941 1073 1024 1133 lorte
1039 1075 1136 1149 quoda

110 1165 141 1217 te
156 1155 307 1216 obiectum
329 1164 377 1215 est
397 1161 544 1230 quaerent
565 1154 643 1214 sitne
665 1170 783 1225 verum,
804 1169 842 1212 ne
864 1155 914 1214 cui
938 1165 1066 1231 negent.
1096 1157 1136 1215 tt·

112 1238 194 1298 enim
206 1255 316 1298 vereor
332 1255 371 1298 ne
386 1247 438 1299 aut
452 1239 580 1298 celatum
595 1253 644 1296 me
657 1236 717 1296 illis
734 1236 811 1310 ipsis
838 1253 901 1297 non
916 1238 1087 1301 honesturn
1097 1244 1138 1298 aut

110 1321 266 1381 invitatum
286 1322 438 1395 refugisse
464 1320 537 1392 mihi
558 1319 598 1379 sil
619 1319 835 1394 turpissimum.
878 1321 971 1394 Quae
996 1323 1076 1382 enim
1099 1337 1136 1381 res

110 1421 268 1479 umquam,
289 1403 367 1477 proh
383 1412 488 1463 sancte
502 1403 650 1477 luppiterr
670 1420 733 1463 non
747 1403 838 1463 modo
853 1402 885 1463 in
901 1404 967 1466 hac
982 1408 1074 1482 urbe,
1095 1405 1139 1466 sed

111 1488 142 1546 in
168 1487 308 1547 omnibus
328 1488 416 1545 terris
438 1495 594 1560 estgesta
613 1486 729 1548 maiori
755 1503 834 1560 quae
855 1489 1054 1561 gloriosior?
1074 1503 1136 1566 quac

111 1569 349 1633 commendatior
377 1569 530 1629 hominum
556 1569 720 1632 memoriae
741 1571 978 1644 sempiternae?
1012 1574 1047 1633 In
1066 1574 1136 1634 huius

109 1669 158 1713 me
173 1661 205 1714 tu
221 1652 341 1714 consilii
357 1653 536 1713 societatem
550 1660 704 1728 tamquam
724 1652 755 1712 in
769 1668 885 1728 equum
900 1655 1072 1717 Troianum
1084 1671 1136 1716 cum
1175 1651 1177 1707 l

110 1737 300 1813 principibus
322 1734 475 1797 includis?
516 1735 567 1797 33.
588 1738 656 1796 Non
676 1753 802 1797 recuso=
830 1753 891 1812 ago
915 1740 1013 1800 etiam
1033 1741 1135 1816 gratias,
1173 1749 1177 1789 ¹

112 1838 237 1896 quoquo
256 1821 356 1880 animo
373 1819 458 1880 lacis.
488 1819 582 1879 Tanta
599 1820 680 1880 enim
694 1837 745 1880 res
759 1830 821 1893 est,
836 1828 872 1880 ut
885 1821 1042 1884 invidiam
1055 1827 1134 1891 istam,
1172 1833 1177 1872 l

113 1921 204 1979 quarn
225 1913 258 1964 tu
279 1905 308 1965 in
328 1920 377 1962 me
401 1902 448 1962 vis
468 1905 636 1976 concitare,
661 1921 728 1964 cum
755 1904 845 1963 laude
872 1920 939 1964 non
967 1920 1133 1983 comparem
1175 1966 1177 1973 4

113 1988 191 2060 Quid
205 1986 285 2045 enim
299 1986 418 2046 beatius
435 1987 508 2058 illis,
532 2002 611 2060 quos
636 1994 667 2047 tu
688 1989 836 2061 expulsos
860 1997 925 2048 ate
943 1992 1133 2064 praedicaret

110 2071 284 2144 relegatos?
299 2070 351 2144 qui
365 2072 452 2130 locus
468 2079 515 2130 est
529 2079 581 2130 aut
595 2077 655 2130 tam
669 2072 808 2130 desertus
820 2079 872 2131 aut
885 2080 951 2131 tam
969 2074 1132 2134 inhumanus
1173 2082 1177 2124 t

112 2152 166 2228 qui
180 2152 263 2226 illos,
289 2170 381 2227 quum
404 2154 606 2224 accesserint,
629 2170 690 2213 non
711 2152 809 2212 adfari
828 2160 925 2228 atque
943 2168 1089 2231 appetere
1101 2153 1130 2212 vi·
1174 2149 1177 2205 l

112 2238 240 2297 deaturt
257 2235 309 2311 qui
324 2235 462 2296 homines
477 2245 536 2296 tam
552 2245 689 2311 agrestes
706 2237 816 2311 quise,
834 2254 931 2311 quum
945 2256 1004 2301 ecs
1023 2252 1130 2315 aspere·
1174 2248 1177 2288 t

110 2320 184 2391 rint,
201 2337 262 2380 non
279 2321 439 2381 maximum
458 2320 580 2396 cepisse
597 2320 676 2380 vitae
691 2323 818 2380 lructum
835 2318 968 2395 putent?
984 2341 1065 2398 quae
1075 2334 1130 2380 vert
1174 2326 1177 2372 l

111 2411 172 2476 tarn
193 2402 350 2464 immemor
372 2402 552 2478 posteritas,
576 2420 655 2478 quae
675 2413 734 2463 tam
758 2402 1041 2477 ingratae-litterae
1062 2417 1130 2477 repe
1174 2406 1177 2455 l

111 2486 241 2558 mentun,
268 2503 348 2560 quae
373 2503 477 2547 eorum
506 2487 631 2561 gloriam
657 2504 717 2546 non
743 2486 979 2549 immortalitatis
1006 2483 1130 2549 memoria
1174 2496 1177 2553 l

11 2596 17 2613 ·
113 2576 359 2643 prosequantur?
381 2572 425 2628 Tu
442 2587 514 2629 vero
529 2570 648 2630 ascribe
663 2587 711 2629 me
726 2571 814 2628 talem
830 2571 860 2628 in
873 2569 1048 2633 numerum.
1068 2567 1129 2630 llll.
1175 2579 1177 2618 ³

99 2650 163 2717 ,34
180 2650 242 2710 Sed
261 2669 351 2710 unam
364 2669 433 2711 rem
450 2669 558 2712 vereor
574 2670 613 2713 ne
629 2670 687 2713 non
704 2653 825 2726 probes.
860 2652 894 2712 Si
910 2655 995 2713 enim
1013 2654 1129 2719 fuissem
1175 2656 1177 2682 ⁴

111 2752 173 2797 non
190 2736 289 2795 solum
304 2751 422 2808 regem,
448 2737 504 2795 sed
519 2753 643 2811 regnum
658 2736 746 2795 etiam
762 2736 800 2794 de
814 2752 848 2795 re
865 2737 994 2810 publica
1011 2733 1129 2799 sustulis
1176 2759 1177 2771 ι

114 2836 193 2880 sem:
217 2826 262 2888 et,
285 2820 311 2878 si
332 2835 418 2879 meus
441 2818 527 2878 stilus
550 2819 600 2878 ille
618 2818 740 2892 luisset,
761 2827 794 2879 ut
810 2819 936 2893 dicitur,
958 2821 1033 2880 mihi
1048 2818 1141 2889 crede,

113 2921 174 2963 non
201 2905 300 2964 solum
325 2919 417 2962 unum
443 2911 556 2974 aetum,
583 2903 639 2961 sed
657 2909 758 2962 totam
774 2902 905 2961 tabulam
933 2903 1127 2989 coniecissent

115 2987 301 3063 Quamquam
323 2986 349 3046 si
371 2985 499 3046 interfici
513 2986 673 3044 Caesarem
693 2986 828 3044 voluisse
849 2985 968 3048 crimen
983 2998 1045 3058 est,
1067 2984 1128 3049 vida

115 3088 247 3145 quaeso,
264 3071 390 3140 Antoni,
407 3069 480 3144 quid
495 3067 547 3129 tibi
563 3070 693 3129 luturum
709 3068 763 3141 sit,
779 3083 870 3143 quem
884 3077 916 3130 et
931 3070 1074 3131 Narbone
1086 3068 1127 3125 bot

114 3155 272 3215 consilium
289 3171 356 3214 cum
368 3153 400 3212 C.
413 3151 562 3212 Trebonio
578 3153 699 3226 cepisse
714 3150 904 3211 notissimum
920 3162 972 3214 est
985 3163 1018 3215 et
1033 3149 1126 3216 obelus

117 3238 236 3297 consilli
258 3239 451 3309 societatem,
480 3252 573 3310 quum
595 3236 814 3296 interficeretur
836 3235 966 3308 Caesar,
996 3246 1059 3297 tum
1077 3242 1128 3292 tet

113 3314 261 3380 ll'rebonio
280 3321 410 3379 vidimus
424 3318 572 3379 sevocari.
603 3319 668 3392 Ego
683 3325 783 3378 autem
800 3353 836 3362 -
853 3317 927 3378 vide
943 3337 1035 3394 quarn
1049 3328 1129 3379 meunt

114 3412 202 3473 agam
216 3418 276 3461 non
294 3401 428 3461 inirnicet
442 3435 481 3455 -ψ-
498 3403 582 3477 quod
595 3402 674 3462 bene
689 3398 830 3476 cogitasti
843 3400 1024 3477 aliquando,
1039 3398 1129 3461 laudo:
