2356 3854
355 193 802 260 oAP.n-so.s.1av-1is.
940 152 950 240 ¹·
1048 190 1091 264 dt

70 343 127 403 hoo
141 341 268 416 indigna
282 344 363 415 iero,
375 343 459 417 quod
472 359 581 403 verear
600 345 727 419 nequid
747 344 862 419 possit,
883 361 989 405 verum
1006 347 1091 420 quod

71 442 162 485 ausus
184 433 248 498 est,
268 425 352 499 quod
367 427 502 500 speravit
524 442 594 486 sese
613 428 696 500 apud
715 429 791 487 tales
812 427 896 488 viros
916 427 1032 503 aliquid
1051 430 1091 489 ad

74 507 234 583 perniciem
247 524 344 581 posse
359 507 543 581 innocentis,
559 508 590 567 id
604 508 704 584 ipsum
719 526 838 584 queror.
871 509 972 569 XLIX.
996 511 1090 571 ldeir-

77 606 145 651 eone
166 597 347 665 experrecta
365 590 506 651 nobilitas
528 592 619 651 armis
642 602 733 667 atque
754 595 832 653 ferro
853 609 917 652 rem
937 592 1090 668 publicam

78 673 268 748 recuperavit,
280 681 314 733 ut
326 673 366 732 ad
377 673 532 735 libidinem
546 692 632 735 suam
646 670 744 735 liberti
756 675 928 749 servuliqua
945 677 1090 738 nobilium

79 756 158 828 bona,
169 756 307 817 fortunas
319 765 436 816 vestras
448 765 540 831 atque
551 765 671 819 nostras
682 774 794 817 vexare
805 765 954 832 possenti
970 758 1039 821 142.
1056 759 1090 820 Si
1147 780 1157 803 r

80 838 213 899 idacium
236 847 298 909 est,
321 841 416 900 fateor
439 856 486 900 me
507 856 629 900 errasse
651 840 702 915 qui
720 840 778 900 boc
802 840 972 912 maluerim,
992 843 1089 902 laleor

78 919 220 983 insanisse
237 921 290 998 qui
309 938 377 983 aum
397 922 457 982 illis
478 925 640 984 senserim:
660 922 780 984 tametsi
797 922 935 994 inermiS,
955 923 1088 999 iudices,
1123 990 1127 998 ¹

82 1004 162 1065 sensi.
193 1003 246 1065 Sin
264 1013 365 1065 autem
381 1005 506 1066 viatoria
528 1006 672 1067 nobilium
693 1015 868 1067 ornamento
891 1014 982 1080 atque
1007 1022 1087 1066 emo-

83 1087 199 1150 lumento
217 1087 430 1163 reipublicae
449 1091 627 1164 populoque
644 1091 780 1151 Romano
808 1090 898 1150 debet
919 1104 1004 1161 esse,
1025 1097 1088 1149 tum

83 1185 144 1231 vero
156 1170 269 1247 optimo
285 1179 316 1231 ει
329 1170 518 1233 nobilissimo
534 1172 644 1247 auique
657 1189 756 1233 meam
772 1172 938 1233 orationem
952 1171 1088 1246 gratissi·

83 1268 150 1313 man
161 1258 229 1315 asse
241 1263 370 1328 oportet.
403 1253 518 1326 Quodsi
534 1256 602 1330 quis
614 1265 661 1316 est
676 1256 728 1331 qui
740 1264 769 1316 ει
780 1273 814 1316 εε
826 1264 856 1315 ει
866 1272 991 1316 causam
1008 1256 1088 1316 laedi

84 1344 168 1412 putet,
187 1354 280 1411 quum
303 1337 521 1413 Chrysogonus
541 1338 742 1413 vituperetur,
766 1340 792 1398 is
815 1354 940 1399 oausam
959 1338 1086 1414 ignorat,

84 1420 215 1494 seipsum
229 1419 327 1495 probe
350 1421 500 1494 cognovit.
541 1422 639 1482 Causa
662 1422 741 1482 enim
762 1421 951 1496 splendidior
971 1422 1037 1494 fiet,
1059 1421 1088 1482 si
1155 1487 1161 1499 ,

84 1502 255 1576 nequissimo
266 1501 377 1576 auique
390 1503 562 1564 resistetur:
576 1505 625 1565 ille
640 1503 883 1579 improbissimus
895 1504 1086 1580 Chrysogoni

82 1584 180 1659 lentur,
197 1585 251 1662 qui
264 1585 322 1646 sibi
337 1602 406 1645 cum
421 1586 472 1647 illo
487 1587 635 1649 rationem
650 1587 899 1649 communicatam
913 1595 1008 1663 putat,
1024 1589 1085 1648 lae·

84 1666 159 1741 dltur,
175 1684 268 1743 quum
283 1669 321 1727 ab
337 1668 396 1728 hoa
411 1670 574 1743 splendore
589 1687 701 1731 causae
717 1678 886 1745 separatur.

148 1751 218 1814 143.
234 1752 348 1811 Verum
365 1751 441 1823 haec
457 1754 555 1812 omnis
571 1753 681 1826 orado,
705 1761 739 1813 ut
758 1752 817 1811 iam
834 1759 902 1812 ante
917 1752 995 1823 dixi,
1018 1767 1086 1810 mea

83 1843 128 1905 ut,
143 1851 204 1911 qua
216 1850 265 1894 me
279 1834 323 1894 uti
338 1850 388 1894 res
404 1835 527 1908 publiea
541 1843 570 1894 ει
583 1835 671 1896 dolor
685 1851 771 1895 meus
787 1844 817 1894 et
834 1833 959 1895 istorum
977 1831 1086 1893 iniuria

82 1915 177 1993 emglis
197 1916 413 1997 SexilRoscius
428 1918 535 1978 horum
555 1916 629 1977 nihil
642 1917 798 1992 indignum
813 1926 913 1992 putat,
936 1918 1085 1977 neminem

79 2008 204 2074 samsai,
223 1998 297 2059 nihil
317 2000 355 2060 da
378 2017 434 2060 suo
457 1999 636 2076 patrimonio
662 2001 810 2075 queritur:
825 2008 910 2076 putat
925 2000 1019 2066 horno,
1031 2000 1084 2060 im-

76 2083 178 2153 peritus
192 2100 325 2156 morum,
345 2082 479 2158 agricola
501 2093 531 2145 ει
550 2084 696 2157 rusticus,
720 2084 779 2145 ista
794 2084 908 2158 omniu,
934 2099 1012 2159 quae
1025 2099 1083 2144 vos

73 2175 120 2234 per
132 2166 245 2228 Sullam
257 2175 343 2240 gesta
358 2182 429 2226 esse
443 2166 551 2241 dicitis,
565 2184 659 2240 more,
674 2170 752 2244 lege,
766 2168 831 2229 iure
845 2167 979 2244 gentium
990 2168 1082 2227 laeta:

72 2250 154 2323 tulpa
165 2249 311 2310 liberatus
327 2258 358 2310 ει
370 2249 494 2311 crimine
510 2251 624 2310 nefario
641 2252 758 2317 solutus
779 2251 862 2326 eupit
882 2267 900 2310 a
918 2250 1006 2311 vobis
1022 2249 1083 2308 dis·

71 2332 187 2393 audere:
219 2329 288 2393 144.
320 2331 347 2392 si
362 2333 420 2392 hac
439 2331 563 2410 indigna
582 2335 759 2409 suspicione
781 2340 896 2405 careat,
918 2333 1017 2392 animo
1032 2346 1089 2390 ae:

70 2427 125 2488 qno
140 2432 176 2475 se
190 2431 295 2475 carere
310 2415 374 2476 suis
392 2416 531 2477 omnibus
551 2418 719 2479 commodis
740 2416 827 2477 dicim
848 2424 935 2490 rogat
956 2422 1081 2490 oratque

70 2499 109 2569 te,
135 2498 348 2574 chrysogone,
369 2499 397 2559 si
417 2499 490 2559 nihil
511 2500 550 2560 de
570 2500 664 2575 patris
685 2499 813 2560 lortunis
835 2497 1029 2574 amplissimis
1050 2497 1081 2557 in

70 2593 150 2641 suam
164 2597 230 2641 rem
243 2582 398 2653 convertit,
416 2584 442 2641 si
456 2584 537 2643 nulla
549 2583 582 2643 in
597 2601 631 2644 re
644 2592 673 2644 te
688 2583 845 2658 fraudavit,
860 2582 887 2642 si
901 2580 954 2642 tibi
969 2582 1081 2656 optima

70 2659 122 2722 lde
143 2680 200 2724 sue
214 2665 315 2723 omnia
329 2662 510 2741 consessit,
522 2666 743 2739 adnumeravit,
767 2665 927 2741 appendit,
948 2664 976 2725 si
990 2664 1081 2724 vesti-

70 2751 136 2818 um,
164 2763 226 2821 quo
250 2747 317 2821 ipse
338 2756 436 2809 tectus
457 2758 535 2822 erat,
562 2753 746 2824 anulumque
763 2750 801 2809 de
816 2748 909 2824 digito
925 2764 1014 2809 suum
1028 2746 1080 2807 tibi

70 2828 195 2901 radidit,
213 2829 239 2890 si
254 2845 294 2889 ex
308 2830 447 2892 omnibus
462 2833 553 2893 rebus
570 2850 604 2894 se
619 2833 718 2908 ipsum
735 2833 849 2892 nudum
872 2846 973 2905 neque
994 2830 1080 2902 prae-

70 2927 143 2972 erea
157 2912 324 2989 quidquam
341 2915 477 2989 excepit,
499 2924 533 2978 ut
546 2916 604 2977 sibi
620 2932 674 2992 per
688 2924 718 2976 te
732 2916 821 2975 lieeat
840 2911 994 2973 innocenti
1007 2909 1080 2968 ami-

70 3009 165 3056 sorum
186 2996 295 3070 opibus
315 2996 407 3056 vitam
429 2997 460 3057 in
476 3008 611 3072 egestate
632 3000 755 3073 degere.
789 2998 823 3056 L.
855 2991 924 3054 145.
954 2990 1080 3052 Praedia

70 3094 126 3138 nea
140 3088 174 3139 tu
184 3078 343 3152 possides,
360 3096 417 3154 ego
434 3081 532 3140 aliena
553 3081 760 3141 misericordia
773 3078 861 3138 viv0=
883 3075 1034 3148 concedo,
1051 3085 1081 3136 et

70 3162 143 3235 puod
159 3161 278 3222 animus
297 3179 415 3237 aequus
436 3171 482 3221 εει
503 3171 533 3222 ει
554 3163 624 3238 quia
638 3179 768 3223 neeesse
788 3168 843 3220 est.
881 3157 950 3218 Mea
965 3159 1084 3220 dumus·

71 3241 110 3302 ibi
123 3251 222 3318 patet,
236 3245 308 3305 mihi
325 3248 430 3306 clausa
444 3252 505 3303 est:
522 3242 597 3305 le'ro.
618 3245 742 3304 Familia
753 3259 821 3302 mea
831 3240 962 3302 maxima
975 3243 1078 3316 uteris,

70 3341 115 3399 rgo
131 3343 253 3388 servum
267 3329 366 3391 habeo
389 3329 516 3386 nullum=
537 3327 637 3401 patior
656 3337 686 3388 ει
707 3327 862 3386 serendum
884 3335 968 3400 puto.
1002 3324 1080 3397 Quid

70 3408 105 3469 ds
123 3410 277 3485 ampliusr
302 3412 376 3486 quid
396 3410 593 3485 insequerisr
618 3409 691 3485 quid
712 3415 895 3485 oppugnas?
914 3424 977 3488 qua
995 3407 1025 3466 in
1046 3422 1079 3464 re
