2356 3854
119 169 183 234 aaa
350 222 353 226 .
423 171 496 230 rao
511 171 542 228 r.
560 169 889 244 svataoaarto„
970 213 972 216 ,

121 328 321 393 everteretur,
337 330 368 380 et
381 319 411 379 in
433 320 480 380 his
502 318 647 394 pristinae
668 321 806 380 fortunae
827 320 966 395 reliquiis
985 320 1120 381 miseriset

121 403 253 463 adflictis
274 413 375 462 tamen
396 404 522 463 haberet
542 403 706 476 quosdam,
732 419 858 477 quorum
880 396 998 463 animos
1018 421 1054 464 ne
1071 421 1121 478 sup·

121 485 214 562 plicio
238 486 360 560 quidem
383 503 439 545 suo
462 486 572 545 satiare
594 494 715 559 posset,
738 502 920 561 quamquam
937 503 977 546 ex
995 485 1077 546 huius
1091 486 1122 544 in·

60 633 62 639 ,
122 568 291 629 commodis
306 584 444 642 magnam
459 568 558 627 animo
573 566 743 627 molestiam
755 568 853 642 capio,
868 569 1009 628 tamenin
1021 568 1123 629 caeteris

121 651 208 711 malis
221 653 308 713 facile
324 650 422 726 patior
434 651 566 712 oblatum
577 650 782 725 mihiaeuapus
794 666 874 723 esse,
886 651 915 713 iu
933 669 994 726 quo
1010 652 1077 711 boni
1086 649 1124 709 viri

120 734 273 794 lenitatem
286 751 384 794 meam
396 732 705 806 misericordiamque,
718 743 820 793 notam
834 735 989 808 quondam
1000 730 1124 802 omnibus,

121 834 202 877 nunc
218 817 305 891 quasi
319 818 531 887 intermissam,
554 824 764 890 agnoscerent,
785 815 915 890 improbi
930 833 967 876 ac
984 815 1086 891 perditi
1096 815 1125 874 ci·

120 916 186 971 ves,
213 900 354 960 redomiti
368 907 459 974 atque
475 898 556 970 vicli,
573 897 791 972 praecipitante
808 915 841 957 re
854 899 977 972 publica
990 899 1124 958 vehemen-

121 992 181 1043 tem
197 1000 244 1043 me
261 982 356 1042 fuisse
370 991 461 1057 atque
478 985 593 1054 fortem,
617 990 798 1041 conservata
813 982 913 1040 mitem
929 998 965 1040 ac
980 981 1124 1041 misericor·

122 1067 190 1125 dom
206 1067 377 1126 faterentur.
421 1062 450 1122 2.
471 1065 508 1124 Et
525 1063 667 1139 quoniam
685 1063 716 1122 L.
727 1063 907 1138 Torquatus',
923 1080 1011 1125 meus
1027 1061 1124 1122 familia·

121 1149 164 1208 ris
180 1164 217 1207 ac
234 1149 436 1220 necessarius,
452 1147 585 1218 iudices,
605 1145 802 1220 existimavit,
821 1147 846 1205 si
864 1155 1001 1207 nostram
1017 1146 1045 1205 in
1059 1159 1122 1205 acca·

122 1231 241 1291 satione
255 1247 311 1291 sua
325 1229 538 1295 necessitatem
554 1228 845 1305 familiaritatemque
859 1227 1016 1302 violasset,
1036 1225 1120 1303 aliquid

122 1330 157 1373 se
179 1313 217 1373 de
237 1312 414 1373 auctoritate
439 1328 524 1371 meae
550 1311 738 1372 defensionis
760 1327 855 1386 posse
879 1311 1054 1383 detrahere,
1075 1325 1123 1369 cun

93 1433 94 1436 =
121 1396 211 1474 huius
227 1393 354 1469 periculi
369 1394 599 1470 propulsatione
620 1394 802 1470 coniungam
824 1394 1036 1454 defensionem
1055 1388 1123 1453 offici

123 1477 192 1537 mei.
237 1477 301 1550 Quo
318 1477 438 1552 quidem
455 1492 566 1552 genere
580 1476 726 1537 orationis
742 1495 802 1536 non
816 1485 927 1549 uterer,
948 1476 1071 1547 iudices,
1083 1474 1123 1532 hor

124 1569 272 1634 tempore,
288 1559 314 1620 si
332 1576 399 1621 ntea
414 1562 512 1622 solum
527 1562 703 1620 interesset:
727 1561 827 1621 mullis
848 1559 926 1621 enim
945 1560 1023 1619 locis
1038 1568 1065 1618 et
1076 1557 1124 1615 dau

124 1643 197 1705 mihi
213 1644 340 1705 facultas
357 1652 405 1705 est
427 1651 457 1705 et
481 1659 576 1718 saepe
601 1643 720 1703 dabitur
742 1644 780 1705 de
804 1659 872 1703 mea
897 1643 989 1702 laude
1015 1637 1125 1701 dicenti:

123 1727 179 1791 sed
196 1735 233 1787 ut
264 1726 315 1788 ille
344 1725 432 1799 vidit,
467 1722 675 1802 quantunrde
701 1742 768 1786 mea
792 1724 971 1786 auctoritate
1002 1721 1126 1797 deripuis-

49 1823 82 1841 “·
122 1818 185 1882 sel,
212 1818 325 1871 tautum
352 1825 386 1870 se
404 1811 442 1870 de
464 1809 553 1870 huius
581 1808 742 1883 praesidiis
769 1809 1006 1878 deminuturum,
1027 1809 1068 1866 sic
1086 1817 1126 1876 ego

123 1892 237 1965 sentio,
264 1893 291 1952 si
315 1893 374 1953 mei
402 1892 473 1953 facti
495 1892 641 1953 rationem
662 1891 750 1952 vobis
774 1890 1036 1971 constantiamque
1059 1886 1126 1946 huius

123 1975 216 2035 oflicii
231 1991 267 2034 ae
282 1976 469 2036 defensionis
487 1977 671 2050 probavero,
695 1991 817 2036 causam
833 1990 957 2049 quoque
975 1989 1024 2034 me
1036 1972 1065 2030 P.
1079 1967 1125 2029 Sal·

121 2058 170 2119 lae
183 2058 386 2130 probaturum.
408 2057 437 2119 3.
452 2062 498 2117 Ac
513 2060 641 2132 primum
655 2058 710 2117 abs
723 2065 752 2118 te
763 2055 1016 2131 illoqforquate,
1026 2065 1126 2130 quaero

123 2155 178 2199 cur
195 2155 242 2198 me
256 2157 276 2199 a
290 2140 417 2203 caeteris
433 2141 609 2200 clarissimis
624 2140 700 2201 viris
713 2157 749 2198 ac
764 2140 953 2215 principibus
972 2136 1095 2198 civitatis
1107 2131 1127 2191 io

122 2221 182 2281 hoc
196 2221 300 2282 officio
324 2232 416 2297 atque
432 2222 461 2281 in
478 2223 665 2283 defensionis
688 2223 754 2282 iure
775 2239 928 2282 secernas.
974 2221 1048 2294 Quid
1068 2215 1127 2277 enin

123 2311 170 2364 est
185 2322 276 2380 quam
292 2307 330 2366 ob
354 2323 417 2367 rem
438 2307 492 2365 abs
510 2315 538 2366 te
554 2306 586 2380 9.
601 2305 753 2367 Hortensii
774 2306 898 2378 factum,
922 2300 1079 2363 clarissimi
1090 2294 1128 2356 viri

123 2395 215 2460 atque
232 2389 426 2463 ornatissimi,
439 2404 500 2448 non
516 2389 761 2463 reprehendatur,
776 2387 1016 2461 reprehendatur
1030 2383 1128 2444 meuul

124 2469 198 2529 Nam
215 2470 241 2530 si
260 2481 307 2532 est
321 2472 424 2533 initum
441 2471 506 2532 aP.
524 2472 607 2532 Sulla
628 2470 787 2532 consilium
807 2469 1040 2530 inflammandae
1059 2463 1128 2525 nutu

124 2551 218 2625 urbis,
234 2554 448 2629 exstinguendi
461 2553 588 2628 imperii,
600 2555 748 2615 delendae
764 2553 909 2620 civitatis,
929 2551 1043 2612 mihine
1057 2545 1128 2607 maio·

124 2651 188 2694 rem
202 2633 261 2694 hae
277 2653 327 2697 res
343 2639 479 2698 dolorem
496 2653 585 2711 quam
606 2637 640 2710 Q.
656 2636 826 2708 Hortensio,
846 2633 917 2694 mihi
933 2633 1032 2693 maius
1048 2631 1128 2717 odiar

123 2717 243 2776 adferre
259 2719 391 2781 debentt
414 2737 514 2781 meum
536 2719 668 2794 denique
687 2719 810 2795 gravius
826 2734 896 2778 esse
913 2716 1073 2789 iudicium,
1093 2723 1128 2785 qil

122 2801 313 2863 adiuvandus
342 2802 373 2863 in
399 2803 447 2863 his
472 2803 589 2878 causis,
612 2802 663 2878 qui
694 2801 940 2881 oppugnandus,
971 2798 1023 2874 qui
1050 2795 1128 2857 defen

124 2885 259 2958 dendus,
280 2886 348 2961 ,qut
381 2887 571 2946 deserendus
602 2899 673 2945 esse
703 2884 860 2944 videaturr
877 2914 879 2927 ι
894 2883 955 2955 ltu,
983 2880 1128 2956 inquieta

123 2968 202 3027 enim
229 2964 434 3044 investigasti,
476 2975 508 3028 tu
546 2965 715 3042 patefecisti
751 2965 1024 3027 coniurationem
1055 2955 1128 3022 tal

123 3048 210 3120 cuod
235 3069 327 3126 quum
347 3051 433 3123 dicit,
461 3067 522 3110 non
550 3050 676 3111 attendit
694 3066 776 3120 eum,
800 3047 851 3123 qui
875 3046 1068 3122 patefecerit,
1092 3043 1128 3109 ltll

122 3145 263 3206 curasse,
290 3143 323 3195 ut
346 3135 376 3194 id
392 3149 498 3193 omnes
512 3132 667 3204 viderent,
696 3133 779 3207 quod
804 3138 895 3197 antea
918 3130 1030 3190 fuisset
1053 3120 1128 3189 occul

115 3218 194 3270 tum.
237 3215 302 3289 Qua
321 3233 355 3277 re
375 3217 434 3278 istu
453 3216 636 3289 coniuratio,
657 3215 684 3275 si
701 3216 854 3290 patefacta
877 3229 931 3288 per
946 3229 996 3272 me
1010 3219 1073 3282 est,
1091 3215 1128 3267 tal

123 3301 206 3366 patet
218 3296 381 3360 Hortensio
401 3316 492 3376 quam
506 3297 587 3359 mihi.
613 3299 706 3372 Quem
723 3315 815 3372 quum
830 3295 938 3377 videas
952 3295 1013 3356 hoc
1027 3295 1128 3353 honora

84 3437 87 3441 .
122 3378 308 3453 auctoritate,
331 3383 453 3454 virtute,
477 3381 605 3443 consilio
626 3379 795 3456 praeditum
818 3395 879 3441 non
900 3377 1059 3438 dubitasse
1080 3368 1128 3448 quit
