2356 3854
90 198 103 209 ‘
122 192 187 255 266
421 188 496 249 PRO
513 189 544 248 P.
563 186 696 265 SESTIO
715 185 864 246 ORATIO.

87 360 92 377 r
124 339 197 417 quid
214 339 388 414 magnitudo
403 338 508 412 animi,
531 339 603 413 quid
618 337 750 412 denique
767 337 863 398 virtus
877 339 1008 411 valeret,
1030 356 1102 414 quaa
1112 339 1135 400 iu

124 430 303 498 tempestate
318 438 412 483 saeva
428 422 530 496 quieta
544 430 591 481 est
606 428 635 481 et
649 423 730 482 lucet
741 420 773 480 in
789 420 925 493 tenebris
938 431 969 482 et
983 424 1071 497 pulsa
1080 424 1135 483 loco

122 511 224 566 manet
246 514 346 566 umen
371 513 462 579 atque
486 504 589 564 haeret
610 504 639 562 in
663 503 761 579 patria
782 504 987 579 splendetque
1008 502 1064 580 per
1080 498 1135 567 sese

81 610 85 621 ·
124 605 246 663 semper
261 604 361 663 neque
381 587 488 647 alienis
504 603 646 662 umquam
664 588 807 648 sordibus
825 587 1003 648 obsolescit.
1031 587 1135 648 Nonili

105 702 109 713 ι
124 672 292 732 ornandum
307 671 347 730 Μ.
363 671 521 743 Catonem,
539 672 595 731 sed
609 671 819 745 relegandum,
838 685 895 729 nec
910 671 953 729 illi
967 670 1134 732 committeu-

125 756 195 814 dum
217 754 290 814 illud
310 755 485 827 negocium,
511 755 567 814 sed
588 753 804 827 imponendum
827 761 1028 829 putaverunt,
1052 755 1098 829 qui
1112 752 1133 813 ir

123 838 265 898 contione
281 839 381 912 palam
394 836 525 897 dixerint
536 836 667 910 linguam
684 852 718 896 se
732 836 877 896 evellisse
886 837 928 895 M.
942 837 1058 910 Catoni,
1074 853 1132 912 quac

124 937 247 995 semper
259 931 362 981 contra
374 919 630 980 extraordinarias
643 926 810 994 potestates
825 919 920 978 libera
935 919 1053 982 luisset.
1077 920 1131 980 Sen-

120 1003 211 1077 dent,
237 1011 269 1064 ut
284 1020 392 1078 spero,
418 1003 503 1061 brevi
518 1013 655 1078 tempore
667 1016 791 1064 manere
805 1002 975 1063 libertatem
992 1005 1081 1077 illam,
1099 1010 1129 1061 at·
1168 1040 1170 1044 -

125 1104 185 1161 que
200 1086 260 1147 hoc
275 1088 378 1160 etiam,
404 1085 430 1144 si
451 1087 515 1145 lieri
536 1086 682 1161 potuerit,
705 1102 776 1148 esse
798 1084 960 1159 maiorem,
987 1087 1128 1162 quodem
1165 1122 1170 1161 2

123 1171 301 1230 consulibus
315 1169 374 1228 illis
385 1168 425 1227 M.
442 1169 529 1236 Cato,
547 1170 634 1230 etiarn
648 1186 739 1243 quum
754 1168 814 1229 iam
827 1169 1028 1243 desperasset
1041 1166 1125 1243 aliquid
1162 1229 1167 1241 ,

75 1312 76 1315 ,
123 1253 371 1312 auctoritatesua
386 1252 493 1325 profici
510 1269 619 1326 posse,
636 1261 733 1312 tamen
751 1267 827 1312 voce
841 1251 911 1326 ipsa
925 1268 961 1312 ac
978 1253 1080 1314 dolore
1089 1266 1125 1326 pt·
1161 1269 1170 1325 t

123 1335 241 1410 guerit,
267 1340 297 1393 et
322 1340 393 1409 post
416 1351 516 1394 meum
541 1335 711 1395 discessum
734 1333 772 1395 iis
786 1334 929 1394 Pisonem
952 1335 1055 1396 verbis
1071 1332 1126 1394 flers
1163 1364 1170 1407 g

123 1433 223 1477 meum
237 1424 267 1476 et
280 1417 324 1477 rei
344 1417 482 1491 publicae
499 1434 604 1477 casum
617 1417 752 1491 vexavit,
771 1418 902 1478 utillum
917 1418 1067 1482 hominem
1080 1431 1125 1492 per·
1167 1454 1170 1473 2

123 1500 304 1561 ditissimum
330 1508 422 1574 atque
448 1499 741 1575 impudentissimum
767 1516 866 1576 paene
890 1500 952 1561 iam
979 1498 1125 1577 provinciae

123 1583 301 1658 poeniteret.
339 1581 390 1644 61.
412 1583 471 1642 Cur
491 1584 580 1658 igitur
598 1583 747 1658 rogationi
768 1584 889 1658 paruit?
903 1617 946 1628 -
967 1583 1057 1658 Quasi
1076 1596 1124 1641 ren
1159 1598 1163 1654 ':

122 1667 172 1726 ille
188 1666 294 1727 nonin
309 1664 384 1727 alias
403 1683 528 1743 quoque
544 1669 643 1743 leges,
667 1683 743 1741 quas
757 1667 869 1726 iniuste
883 1676 1011 1741 rogatas
1025 1669 1125 1743 putaret
1158 1695 1170 1739 t

122 1749 181 1810 iam
196 1758 266 1811 ante
283 1748 441 1811 iuraverit!
470 1752 542 1819 Non
553 1750 641 1811 ollert
656 1767 690 1809 se
706 1749 756 1809 ille
771 1749 838 1810 istis
853 1749 1083 1821 temeritatibus,
1098 1754 1123 1817 ut
1157 1776 1170 1821 ι

122 1851 215 1908 quum
230 1833 274 1894 rei
290 1833 429 1909 publicae
444 1834 516 1893 nihil
532 1833 642 1908 prosit,
667 1848 702 1892 se
722 1830 781 1892 civi
795 1848 859 1892 rem
875 1832 1032 1907 publicam
1044 1831 1124 1909 privet
1168 1852 1170 1857 s

123 1916 255 1977 consule
275 1934 323 1976 me
345 1935 436 1991 quum
459 1925 543 1978 esset
560 1915 736 1991 designatus
751 1915 890 1976 tribunus
907 1916 1023 1991 plebis,
1047 1910 1124 1977 obtutt
1157 1910 1170 1987 i:

121 1997 152 2058 in
168 1999 330 2059 discrimen
344 1999 435 2077 vitam
452 2016 552 2060 suam=
580 2000 655 2060 dixit
672 2016 737 2060 eam
754 1999 949 2073 sententiam,
976 1999 1061 2061 cuius
1073 1993 1124 2057 iuri·
1158 2016 1170 2071 g

124 2081 203 2140 diam
221 2081 329 2157 capitis
346 2082 481 2156 periculo
499 2083 556 2144 sibi
579 2084 792 2158 praestandam
806 2082 944 2143 videbat·
972 2082 1046 2143 dixit
1057 2080 1123 2140 velte
1158 2115 1170 2154 f

122 2170 253 2224 menter.
282 2166 343 2238 egit
368 2167 490 2227 acriter:
519 2183 555 2226 ea
581 2180 659 2240 quae
683 2165 793 2238 sensit,
818 2181 892 2239 prae
915 2181 950 2224 se
975 2165 1054 2226 tulit=
1075 2164 1123 2229 dut.
1158 2192 1170 2245 a

121 2255 241 2320 auctor,
268 2256 353 2308 actor
370 2265 470 2308 rerum
490 2249 607 2308 illarum
628 2249 695 2308 luit:
722 2264 784 2307 non
800 2264 860 2323 quo
877 2247 1046 2323 periculum
1062 2258 1123 2308 suut
1159 2276 1170 2318 2

122 2347 183 2392 nou
203 2331 335 2406 videret,
360 2333 444 2391 sed
436 2350 466 2393 m
490 2340 569 2392 tanta
588 2331 633 2390 rei
652 2330 794 2405 publicae
810 2338 992 2406 tempestate
1006 2320 1123 2392 nihilslli
1159 2357 1170 2399 g

121 2412 181 2472 nisi
195 2415 234 2472 de
249 2412 364 2488 patriae
379 2414 523 2491 periculis
538 2413 731 2510 cogitandum
747 2415 880 2488 putabat
1159 2425 1170 2484 ξ

205 2497 308 2556 ΧΧΙΧ.
325 2496 377 2558 62.
400 2499 589 2559 Consecutus
604 2506 651 2558 est
668 2497 766 2593 ipsius
780 2496 960 2557 tribunatus.
1001 2493 1123 2570 Quium

121 2579 162 2637 de
177 2576 321 2653 singulari
336 2598 405 2639 me
385 2581 540 2661 nitudinc
557 2579 649 2640 animi
664 2579 730 2640 eius
745 2596 780 2639 ac
800 2580 840 2639 de
856 2578 1029 2640 incredibili
1042 2576 1124 2637 virtutt
1161 2609 1170 2649 Ξ

122 2660 244 2720 dicam?
270 2621 450 2723 Meministis
471 2664 552 2730 illum
574 2664 668 2735 diem,
696 2674 786 2737 quum
803 2664 916 2759 templo
930 2678 950 2722 a
966 2663 1124 2736 collegaot·
1162 2688 1170 2727 ,ι

122 2752 249 2819 eupato,
274 2745 363 2804 nobis
385 2746 525 2806 omnibus
543 2748 582 2807 de
597 2747 660 2807 vita
679 2747 745 2806 eius
760 2745 817 2806 viri
831 2754 873 2806 ct
876 2745 953 2805 civis
969 2742 1124 2807 timentibus,
1163 2773 1170 2812 ι

121 2845 190 2902 tpse
201 2845 301 2888 ammo
313 2829 477 2889 fortissimo
491 2830 575 2890 vemt
586 2847 614 2889 m
628 2831 771 2904 emplum
782 2838 811 2890 et
822 2831 986 2889 clamorem
998 2825 1123 2889 bonnm
1166 2857 1170 2894 :

121 2912 312 2984 auctoritate,
331 2911 476 2986 impetum
486 2913 693 2987 improborum
709 2912 816 2973 virtute
831 2911 960 2972 sedavit.
992 2909 1122 2972 nditttut
1167 2940 1170 2991 g

122 2996 305 3069 periculum,
321 2996 377 3056 sed
392 2995 464 3055 adiit
478 2997 516 3056 ob
532 3013 599 3055 eam
615 2992 1123 3078 eausan1,quaequantatueritte
1168 3022 1170 3041 ι

121 3077 193 3137 milri
213 3079 315 3141 dicere
336 3096 397 3140 non
417 3088 465 3139 est
483 3093 622 3139 necesse.
662 3082 703 3139 At
725 3078 753 3138 si
772 3078 822 3139 isti
844 3077 975 3156 Cypriae
999 3066 1125 3163 rogatui

122 3162 376 3224 sceleratissimae
391 3179 453 3222 non
469 3160 635 3237 paruisset,
660 3162 799 3222 haereret
814 3161 865 3220 illa
880 3161 974 3221 nihilo
991 3160 1087 3220 minus
1097 3147 1128 3215 rt't

122 3241 262 3310 publicae
275 3247 445 3320 turpitudo·
462 3262 557 3321 regno
570 3246 648 3304 enim
663 3244 720 3303 iam
736 3244 887 3319 publicato
899 3242 962 3303 de
954 3258 1024 3318 ipso
1037 3243 1129 3303 Catone

122 3329 188 3381 erat
202 3325 374 3389 nominatim
388 3337 536 3402 rogatum.
565 3328 651 3401 Quod
667 3327 716 3387 ille
730 3327 757 3386 si
770 3327 982 3401 repudiasset,
1006 3318 1130 3386 dubious

19 3450 44 3491 ·.
122 3401 196 3478 quin
221 3405 250 3467 ei
270 3407 317 3469 vis
339 3420 424 3471 esset
441 3411 558 3486 adlata,
583 3426 673 3485 quum
695 3409 796 3471 omnia
818 3419 886 3470 acta
904 3407 987 3470 illius
1002 3406 1073 3469 anni
1088 3414 1132 3481 pet
