2356 3854
11 770 19 779 *
95 781 96 784 ¹
135 773 254 827 omnes,
270 759 392 816 mullum
408 761 576 828 argentum,
591 769 650 811 non
667 767 763 826 pauca
778 750 866 810 etiam
879 753 991 823 pocula
1007 766 1046 808 ex
1062 764 1128 821 auro,

29 1536 33 1541 -
138 1494 268 1566 claravit,
282 1493 340 1552 nisi
358 1509 446 1567 quem
461 1493 499 1550 ad
513 1493 634 1549 modum
647 1507 749 1565 regem
764 1507 802 1550 ex
814 1491 970 1565 provincia
986 1490 1121 1565 spoliala
1164 1513 1165 1516 ¹

129 120 170 182 co
260 120 263 132 ·
350 113 431 170 unc.
450 109 611 185 vpaanm
630 92 922 167 norat-alain.
966 179 971 184 ¹
1015 80 1017 89 '

132 264 351 339 magnificeque
367 259 541 320 triclinium:
563 256 687 332 exponit
698 273 743 328 ea,
762 255 872 329 quibus
883 254 1070 328 abundabat,
1085 255 1143 329 plu·

132 348 207 407 rima
221 354 250 405 et
265 343 463 419 pulcherrima
477 357 548 399 vasa
562 348 719 415 argentea:
736 354 804 397 nam
817 337 892 396 haec
908 353 1004 397 aurea
1013 337 1142 397 nondum

133 431 258 489 fecerat:
278 425 415 486 omnibns
436 420 520 483 curat'
536 423 626 482 rebus
649 422 824 481 instructum
845 428 874 479 et
895 428 1035 493 paratum
1056 427 1089 481 ut
1109 418 1140 479 sit

134 511 313 572 convivium.
346 508 423 581 Quid
438 508 549 578 multat
578 507 645 567 Rex
664 505 705 564 ita
720 502 874 574 discessit,
896 510 930 561 ut
945 511 976 561 et
989 502 1084 562 istum
1096 515 1138 571 oo·
1175 510 1178 556 t

133 593 221 668 piose
238 600 373 652 ornatum
389 598 418 649 et
432 606 466 649 se
480 586 646 647 honorifice
658 595 815 661 acceptum
828 584 1033 651 arbitraretur.
1050 586 1136 644 voca
1171 563 1178 636 Ι

135 677 174 735 ad
198 691 323 735 coenam
348 673 457 735 deinde
484 671 552 744 ipse
577 679 761 743 praetorem:
788 666 912 741 exponit
940 684 1015 727 suas
1041 665 1134 740 copias

136 857 228 914 quae,
250 849 282 899 ut
300 856 367 899 mos
384 845 430 896 est
444 835 545 909 regius
561 843 590 894 et
601 835 729 893 maxime
743 834 772 892 in
788 831 891 908 Syria,
913 832 1048 906 gemmis
1061 838 1127 891 etant

134 923 272 995 distincta
287 919 469 981 clarissimis.
489 918 561 977 Erat
575 916 663 976 etiam
676 933 728 974 vas
742 914 889 974 vinarium
906 930 944 973 ex
955 932 1017 975 una
1029 928 1124 989 gerunt

134 1005 309 1081 pergrandi,
334 1003 419 1061 trulla
439 1007 598 1068 excavata,
623 997 778 1060 manubr'u
799 1013 908 1056 aureo:
934 998 973 1057 de
995 1014 1055 1072 qua
1069 993 1128 1079 salit,
1171 1025 1178 1036 ·

135 1088 226 1147 credo
246 1087 403 1153 idoneum,
424 1082 496 1141 satis
523 1097 643 1154 gravem
658 1088 778 1152 testem,
796 1080 829 1153 Q.
845 1078 1025 1151 Minucium,
1044 1078 1121 1149 uon:

135 1167 270 1227 audistis.
301 1166 350 1226 63.
383 1165 442 1224 Iste
465 1180 556 1223 unum
577 1164 720 1238 quodque
744 1179 800 1221 vas
825 1161 855 1219 in
882 1178 989 1221 manus
1017 1172 1119 1227 sumat.

136 1250 271 1320 laudare,
285 1245 393 1307 mirari.
424 1247 489 1304 Rex
504 1247 644 1318 gaudere,
662 1245 791 1318 praetori
809 1244 915 1318 populi
928 1243 1056 1302 Romani
1069 1238 1120 1301 ab

135 1332 295 1391 iucundum
313 1338 342 1389 et
355 1337 469 1402 gratum
484 1327 557 1385 illud
572 1343 642 1385 esse
653 1326 833 1386 convivium.
851 1327 1060 1400 Posteaquam
1072 1321 1120 1383 nl:
1161 1279 1178 1426 Ε

137 1411 306 1471 discessum
321 1400 380 1481 est,
398 1412 528 1482 cogitare
545 1409 687 1473 nihiliste
708 1408 805 1481 aliud,
830 1408 913 1482 quod
931 1409 1004 1483 'ipsa
1022 1424 1070 1469 res
1086 1404 1120 1465 dt·
1162 1437 1178 1510 j

137 1576 359 1650 expilatumque
375 1574 541 1635 dimitteret.
570 1572 657 1633 Mittit
668 1583 806 1647 rogatum
827 1590 901 1632 vasa
915 1589 966 1645 ea,
989 1588 1064 1646 quae
1076 1568 1121 1644 pul·

138 1658 281 1717 cherrima
310 1659 390 1733 apud
411 1673 479 1717 eum
499 1657 627 1716 viderat:
649 1658 690 1716 alt
710 1673 744 1716 se
765 1655 827 1716 suis
850 1655 1049 1715 caelatoribus
1065 1649 1122 1711 vella

138 1741 305 1799 ostendere.
337 1742 415 1809 Rex,
435 1737 486 1814 qui
502 1737 582 1796 illum
600 1756 660 1799 non
675 1746 795 1807 nosset,
816 1739 882 1797 sine
896 1738 958 1797 ulla
973 1733 1121 1812 suspicione

137 1822 330 1882 libentissime
345 1823 434 1880 dedit.
465 1820 552 1880 llllittit
566 1819 653 1887 etiam
674 1823 790 1881 trullam
808 1836 974 1893 gemmeam
996 1826 1122 1893 rogatum
1139 1842 1147 1882 ὴ
1170 1852 1178 1866 -

137 1906 214 1964 velle
229 1920 263 1963 se
277 1921 342 1962 eam
355 1903 525 1976 diligentius
540 1893 742 1962 considerare.
773 1895 818 1961 Ea
833 1918 955 1976 quoque
970 1902 998 1960 ei
1014 1898 1122 1961 mittitur·

217 1986 348 2045 XXVIII.
381 1985 431 2047 64,
459 1986 541 2043 Nunc
554 1984 710 2060 reliquum,
728 1984 852 2055 ludices,
868 1983 1122 2057 alterutramque
1146 2037 1149 2044 .

138 2075 167 2125 et
183 2083 239 2125 vos
254 2065 381 2126 audistis
396 2074 425 2125 et
440 2068 570 2140 populus
586 2069 739 2128 Romanus
761 2084 821 2127 non
845 2083 924 2127 nunc
945 2067 1070 2141 primunr
1087 2064 1125 2121 αυτ·

138 2148 241 2227 dictet
255 2149 284 2207 in
301 2147 411 2208 exteris
426 2148 596 2210 nationibus
614 2151 763 2224 usquead
781 2149 897 2209 ultimas
915 2156 1012 2209 terras
1028 2141 1123 2222 perrel
1172 2187 1178 2190 η

136 2240 235 2306 gatum
251 2239 305 2291 est.
346 2230 561 2292 Candelabrum
578 2249 595 2291 e
609 2231 733 2306 gemmis
748 2230 922 2291 clarissimis
943 2247 1038 2305 opero
1056 2226 1123 2289 mitt

135 2313 186 2372 bili
208 2315 386 2386 perlectum,
408 2329 496 2387 reges
519 2313 554 2387 ii,
578 2330 655 2388 quos
681 2314 764 2384 dico,
785 2316 910 2387 Romam
925 2330 1018 2387 quum
1033 2306 1124 2372 atnlir
1177 2355 1178 2360 η

136 2404 216 2465 sent,
232 2405 264 2473 ut
277 2398 306 2454 in
322 2392 465 2470 Capitolio
483 2406 641 2470 ponerent:
658 2398 740 2470 quod
752 2397 883 2455 nondum
897 2398 1123 2472 perlectumtcnr

135 2479 217 2550 plum
248 2477 447 2550 offenderant,
481 2495 579 2554 neque
603 2495 717 2552 ponere
741 2486 902 2553 potuerunt
926 2495 1026 2552 neque
1055 2474 1124 2545 vulto

137 2560 295 2619 ostendere
307 2576 342 2619 ac
356 2564 491 2635 prolerre
506 2563 678 2633 voluerunt,
699 2570 733 2621 ut
751 2568 781 2620 et
801 2559 1040 2634 magnificentius
1059 2556 1124 2617 vide

135 2652 229 2714 retur,
254 2659 345 2717 quum
365 2661 421 2704 suo
442 2653 577 2718 tempore
599 2643 628 2701 in
651 2645 727 2703 cella
740 2644 821 2702 lovis
838 2641 942 2716 optimi
956 2640 1075 2703 maximi
1085 2652 1125 2713 po
1172 2613 1178 2742 ξ

135 2733 268 2795 meretur,
285 2732 317 2803 et⁸
329 2726 454 2798 clarius,
478 2742 570 2800 quum
586 2725 754 2799 pulcritudo
769 2726 835 2785 eius
852 2741 958 2784 recens
980 2727 1019 2785 ad
1040 2720 1127 2784 ocuti

134 2808 286 2869 hominum
303 2815 391 2882 atque
405 2809 520 2883 integra
537 2807 715 2881 perveniret.
747 2808 918 2868 statuerunt
938 2807 968 2866 id
989 2800 1128 2867 secuntin

136 2890 252 2968 Syriam
277 2899 517 2964 reportarant,
550 2908 642 2965 quum
667 2889 823 2950 audissent
848 2890 1040 2949 simulacrum
1063 2882 1130 2948 loris

136 2973 238 3047 optimi
253 2973 371 3032 maximi
388 2973 572 3045 dedicatum,
593 2976 708 3047 legatos
719 2974 883 3045 mitterent,
897 2973 948 3046 qui
966 2989 1034 3032 cum
1048 2976 1131 3033 caete

134 3054 176 3114 ris
189 3058 278 3116 rebus
293 3057 365 3115 illud
381 3072 503 3130 quoque
518 3055 658 3117 eximium
674 3072 710 3117 ac
731 3055 962 3131 pulcherrimum
976 3056 1088 3115 donum
1109 3049 1133 3109 in

135 3134 310 3208 Capitolium
331 3139 491 3199 adlement.
528 3138 666 3201 Pervenit
689 3155 738 3199 res
759 3140 798 3198 ad
818 3138 905 3198 istius
920 3153 1026 3208 aures,
1042 3132 1134 3196 nescio

135 3235 194 3291 quo
216 3220 314 3279 modo.
349 3221 423 3280 Nam
445 3238 500 3280 rex
514 3224 640 3283 celatum
652 3222 802 3291 voluerat,
828 3237 887 3278 non
904 3236 964 3293 quo
978 3219 1136 3298 quidquam

133 3308 277 3363 metueret
290 3310 340 3363 aut
361 3305 577 3380 suspicaretur,
601 3305 655 3365 sed
675 3312 764 3363 utne
785 3303 867 3362 multi
886 3303 960 3362 illud
983 3311 1054 3363 ante
1079 3313 1139 3377 per-
