2356 3854
26 261 29 273 χ
71 191 147 255 ’186
214 261 216 264 ,
365 188 439 249 ano
455 190 487 248 n.
504 191 667 265 mannua
684 189 834 249 onnrro.

85 344 164 403 enim
183 341 317 401 sciebam
331 340 485 400 Catilinam
502 357 562 400 uon
578 343 655 399 latus
671 348 722 400 aut
739 349 884 414 ventrem,
909 342 964 401 sed
981 349 1075 415 caput<

85 427 196 486 collum
212 425 311 484 solere
327 433 496 498 petere-‚
514 440 618 483 verum
639 434 671 483 ut
686 440 792 483 omnes
806 425 878 483 boni
895 425 1075 483 animadverti

84 516 164 579 rent,
189 517 232 578 et,
257 525 349 581 quum
369 506 398 564 in
421 515 501 566 metu
525 515 554 567 et
576 507 711 581 periculo
735 509 892 566 consulem
909 507 1074 577 viderent‚i

78 593 169 666 quod
196 599 243 649 est
270 592 397 663 lactum,
429 591 469 649 ad
497 607 586 664 opem
614 590 861 664 praesidiumque
890 607 1074 651 concurreren

83 675 189 748 ltaque
214 691 306 747 quum
326 682 369 744 te,
400 673 503 742 Servi,
529 673 736 733 remissiorem
757 673 786 730 in
810 675 942 746 petendo
967 682 1073 747 putarer

84 758 240 818 Catilinam
256 764 286 816 et
301 773 361 831 spe·
372 765 401 815 et
415 756 578 831 cupiditate
598 755 817 815 inflammatum
832 758 981 828 viderent
998 773 1075 816 omne

84 841 136 916 qui
151 841 231 898 illam
248 841 286 898 ab
304 840 473 913 republica
494 849 612 913 pestem
627 841 780 914 depellere
799 840 976 912 cupiebant,
997 841 1033 898 ad
1043 840 1075 897 lla

82 941 186 984 renam
202 941 236 983 se
255 922 355 982 statim
370 925 569 984 contulerunt.
611 921 660 982 53.
678 923 787 996 Magna
808 932 856 982 est
870 933 970 983 aulem
986 921 1075 981 comiti

83 1008 295 1068 consularibus
326 1008 484 1080 repentina
515 1008 703 1066 voluntatum
734 1005 905 1079 inclinatio,
935 1005 1075 1080 praesertin

83 1107 176 1165 quum
199 1088 335 1148 incubuit
358 1089 514 1148 advirum
536 1090 699 1149 bonnmet
725 1089 824 1148 multis
849 1090 917 1148 aliis
933 1088 1075 1148 adiumenti

84 1173 237 1247 petitionis
253 1180 399 1231 ornatum.
436 1171 492 1244 Qui
508 1191 601 1247 quum
615 1173 833 1232 honestissimo
851 1182 936 1246 patre
948 1182 1075 1245 atqucna

83 1255 213 1327 loribus,
245 1254 471 1314 modestissima
499 1255 721 1330 adolescentia,
753 1256 922 1314 clarissima
953 1255 1075 1330 legatione

85 1345 225 1413 praetura
247 1336 376 1411 probata
396 1339 426 1397 in
448 1339 528 1409 iure,
549 1348 634 1413 grata
654 1339 684 1397 in
707 1356 847 1411 munere,
871 1349 977 1398 ornata
997 1340 1024 1398 in
1039 1353 1075 1411 pro

84 1420 197 1491 vincia,
221 1419 350 1493 petisset
373 1421 533 1494 diligenter
554 1431 583 1480 et
604 1422 801 1495 impetisset,
823 1432 855 1482 ut
872 1439 974 1496 neque
991 1424 1075 1480 minant

1 1515 2 1520 ’
83 1504 205 1563 cederet
227 1519 327 1576 neque
351 1503 492 1578 cuiquam
514 1504 690 1576 minaretur,
716 1506 784 1565 huic
800 1505 972 1564 mirandum
990 1514 1075 1565 est-na

48 1616 52 1629 ·
82 1604 142 1661 gno
168 1585 342 1646 adiumento
366 1586 510 1646 Catilinae
541 1587 670 1647 subitam
696 1606 783 1663 spem
811 1590 988 1649 consulatus
1015 1583 1075 1658 adipi

82 1669 188 1730 scendi
204 1670 322 1730 luisset

165 1751 214 1815 54.
233 1755 319 1814 Nunc
333 1752 406 1813 milri
420 1753 526 1814 tertius
540 1752 591 1813 ille
605 1755 693 1813 locus
711 1762 757 1814 est
771 1753 895 1813 relictus
911 1754 1046 1814 orationis
1059 1751 1075 1808 d

82 1837 211 1899 ambitus
234 1836 427 1911 criminibuS,
448 1846 651 1912 perpurgatus
673 1837 786 1909 abiis,
809 1837 946 1910 quiante
966 1835 1075 1896 medixe

82 1928 165 1993 runt,
187 1937 205 1979 a
226 1937 290 1995 me,
315 1921 459 2002 qnoniam
479 1920 520 1980 ita
534 1922 661 1979 Murena
677 1921 785 1992 voluit,
805 1922 1027 1980 retractandus:
1042 1934 1075 1991 qut

81 2002 111 2061 in
132 2005 201 2062 loco
222 2003 391 2075 Postumio,
414 1987 551 2062 lumiliari
569 2020 653 2075 mec,
671 2003 864 2063 ornatissimo
884 2004 965 2075 viro,
984 2006 1019 2062 de
1031 1998 1075 2059 diri

83 2101 186 2145 sorum
202 2085 323 2146 indiciis
338 2095 368 2145 el
383 2088 421 2146 de
436 2087 636 2160 deprehensis
654 2086 809 2160 pecuniis,
825 2087 1012 2146 adolescenti
1025 2085 1074 2155 iuge

82 2169 170 2229 nioso
192 2177 223 2229 et
243 2170 339 2241 bono,
363 2169 428 2233 Ser.
450 2169 602 2244 Sulpicio,
624 2171 662 2228 de
677 2170 812 2243 ¹equitum
829 2170 990 2241 centuriis,
1004 2165 1075 2227 tltca

83 2254 155 2330 loni,
172 2253 285 2312 homini
301 2253 331 2311 in
347 2253 427 2312 omni
439 2253 548 2322 virtute
563 2253 731 2323 excellenti,
748 2252 894 2325 deipsius
905 2250 1075 2312 accusatione

81 2336 120 2394 de
135 2346 260 2396 senatus
276 2338 430 2407 consulto,
448 2337 486 2395 de
502 2353 535 2395 re
551 2334 672 2410 publiea
685 2337 890 2409 respondebo.
926 2335 1038 2394 XXVll.
1050 2327 1075 2389 tt

82 2418 143 2476 Sed
168 2430 280 2492 panea,
305 2437 383 2494 quae
405 2437 504 2479 meum
526 2421 658 2478 animum
682 2427 807 2492 repente
828 2428 1003 2489 moverunt,
1023 2413 1075 2492 prin

81 2501 120 2558 de
136 2500 169 2558 L.
185 2502 330 2562 Murenae
345 2504 465 2562 fortuna
480 2519 661 2576 conquerar.
703 2503 778 2560 Nam
795 2519 887 2575 quum
903 2520 998 2576 saepe
1012 2506 1075 2559 antea

80 2582 207 2654 iudices,
224 2593 254 2642 et
269 2603 307 2644 ex
322 2586 448 2646 aliorum
464 2586 594 2646 miseriis
610 2594 693 2645 etex
708 2585 783 2644 meis
797 2586 877 2644 curis
893 2585 1075 2654 laboribusqn

83 2665 242 2726 cotidianis
265 2669 433 2729 fortunatos
457 2687 511 2729 eos
532 2669 671 2729 homines
689 2669 869 2738 iudicarem,
894 2668 947 2743 qui
968 2665 1075 2727 remotll

81 2749 190 2810 studiis
208 2750 381 2810 ambitionis
397 2753 496 2812 ocium
512 2769 548 2811 ac
562 2752 806 2826 tranquillitatem
823 2751 902 2810 vitae
920 2753 1015 2811 secuti
1028 2750 1075 2808 sunl

80 2843 143 2894 turn
158 2850 230 2893 vero
247 2834 276 2892 in
294 2833 341 2892 his
356 2836 388 2893 L.
400 2836 545 2894 Murenae
561 2835 649 2896 tantis
664 2844 786 2908 tamque
802 2835 977 2908 improvisis
995 2830 1075 2908 pericu

80 2917 117 2976 lis
133 2917 175 2977 ita
190 2934 256 2977 sum
272 2918 371 2978 animo
386 2920 540 2989 adlectuS,
565 2928 597 2978 ut
612 2935 673 2978 non
690 2935 800 2992 queam
817 2918 891 2977 satis
914 2935 1012 2991 neque
1026 2925 1074 2974 con

80 3015 201 3061 munem
223 3001 354 3061 omnium
371 3011 506 3061 nostrum
522 3001 732 3061 condiclonem
750 3019 850 3075 neque
866 3002 957 3060 liuius
972 3005 1075 3060 crentur

82 3083 294 3160 lorlunamque
309 3085 460 3162 mIserari:
485 3084 535 3158 qui
552 3084 694 3159 primum,
717 3085 787 3143 dum
803 3101 841 3141 ex
856 3084 1020 3143 honoribus
1034 3087 1074 3138 σοι]

82 3163 172 3223 tirluis
194 3169 324 3228 familiae
346 3171 556 3242 malorumque
578 3186 702 3228 suorum
727 3185 820 3226 unum
836 3168 1023 3226 adscendere
1037 3173 1075 3235 gn

82 3245 152 3303 dum
167 3249 318 3322 dignitatis
332 3261 459 3312 conatus
472 3261 528 3322 est,
545 3252 625 3312 venit
640 3251 667 3310 in
682 3251 858 3326 perlculum,
877 3267 914 3309 ne
927 3260 956 3310 et
970 3267 1013 3320 ea,
1027 3254 1075 3319 quat

81 3327 200 3402 relicte,
224 3335 358 3407 ethaeo,
381 3352 459 3408 quae
475 3336 512 3394 ab
534 3336 602 3408 ipso
620 3344 723 3409 parata
739 3342 823 3405 sunt,
840 3333 971 3406 amittat,
990 3325 1075 3389 deinde

36 3495 39 3502 Ι
81 3420 207 3489 propter
221 3416 353 3475 studium
368 3434 468 3476 novae
481 3417 595 3488 laudis,
614 3418 703 3476 etiam
725 3416 754 3475 in
770 3418 880 3476 veteris
897 3418 1029 3476 lortun'ae
1040 3405 1073 3467 dis
