2356 3854
111 147 191 234 ,ιιι
380 164 455 224 ιιιο
472 163 528 222 err.
543 161 706 221 renuero
722 159 877 220 canno.
900 228 903 233 ,

115 316 263 380 libertatis
289 314 424 375 videtum
455 313 540 374 multi
568 313 658 373 etiam
685 327 866 372 communes
892 310 1009 371 inimici
1025 325 1124 372 reorum
1162 315 1174 344 ¹

116 401 265 465 omnium:
281 398 334 473 qui
344 398 386 458 ita
398 406 520 472 semper
531 394 733 456 testimonium
749 397 789 454 de
800 394 916 455 ambitu
930 394 1045 468 dicunt,
1059 393 1126 469 quui
1163 390 1174 479 ἦ

115 493 169 546 aut
181 489 325 543 moveant
337 481 456 542 animos
469 479 603 539 iudicum
615 478 681 539 suis
694 477 878 539 testimoniis
895 485 951 538 aut
963 487 1079 552 gratnm
1091 493 1126 553 po
1169 505 1174 512 ·

114 568 189 643 pulo
204 567 342 626 Romano
364 564 405 624 sit
424 572 477 623 aut
490 562 529 622 ab
543 579 581 623 eo
599 561 718 622 facilius
741 561 864 621 obeam
881 576 1014 621 eausam
1025 560 1128 637 dignita
1165 555 1174 597 ²

112 659 173 710 tem
192 664 282 724 quam
295 649 401 707 volunt
416 654 652 720 consequantur.
680 645 732 705 56.
747 644 938 717 Quibuscum
949 661 1011 717 me,
1026 643 1130 717 indicet
1166 639 1174 680 ¹

114 741 301 808 pugnantem
323 745 408 790 more
429 745 497 789 meo
514 729 641 803 pristino
658 745 719 788 non
733 728 890 788 videbitis.
913 745 978 788 non
999 745 1062 804 quo
1080 725 1131 788 nili
1167 720 1174 762 ⁵

116 815 218 876 fassit
235 813 402 890 quidquam
424 814 570 887 defugere
592 813 675 887 qnod
690 813 775 871 salus
787 810 902 871 Plancii
920 813 1072 886 posuntet:
1094 808 1146 881 sal¹
1168 805 1174 847 ²

117 899 189 974 quia
202 914 303 972 neque
313 912 442 956 necesse
457 902 506 956 est
519 910 568 954 me
578 896 609 954 id
621 895 765 969 persequi
777 910 865 968 voce,
880 895 970 970 quod
984 911 1047 956 vos
1056 901 1132 954 ncnc

113 982 260 1054 videatis,
276 988 306 1039 el
320 981 404 1054 quod
419 980 461 1039 ita
475 979 513 1037 de
527 994 576 1037 me
590 978 685 1038 meriti
703 985 774 1037 sunt
789 978 831 1036 illi
845 978 925 1052 ipsi,
945 994 1031 1054 quos
1042 985 1132 1053 egole
1170 996 1174 1026 ι

114 1073 178 1125 stes
200 1064 291 1123 video
311 1069 452 1138 paratos,
472 1069 505 1121 ut
531 1077 636 1121 eorum
658 1060 932 1135 reprehensionem
954 1077 1017 1122 vos
1036 1068 1134 1123 vectu
1172 1070 1174 1075 '

115 1147 295 1224 prudentiae
306 1146 478 1217 adsumere,
494 1159 582 1205 meae
591 1145 760 1215 modestiae
773 1145 929 1204 remittere
944 1144 1093 1206 debeatis
1107 1142 1133 1202 ll
1172 1168 1174 1178 ·

114 1233 166 1291 lud
180 1246 271 1290 unum
283 1245 342 1288 vos
354 1244 464 1301 magno
476 1244 570 1303 opere
582 1242 636 1286 oro
652 1235 745 1301 atque
756 1227 896 1298 obsecro,
913 1227 1051 1300 iudices,
1066 1240 1133 1303 qum

114 1313 214 1384 huius,
235 1327 326 1386 quem
341 1311 482 1384 defendo,
497 1319 558 1370 tum
570 1310 738 1371 communis
753 1308 881 1385 periculi
896 1326 1008 1383 cansa,
1025 1327 1065 1372 ne
1077 1308 1133 1371 teu
1172 1318 1174 1359 ἐ

114 1394 337 1464 auditionibus,
363 1408 401 1452 ne
416 1393 613 1454 disseminato
631 1394 836 1469 dispersoque
856 1392 999 1455 sermoni
1020 1397 1134 1456 fortuna

116 1479 321 1537 innocentium
339 1475 545 1536 subiiciendas
558 1477 679 1550 putetis.
717 1472 768 1538 57.
783 1475 870 1536 Multi
886 1478 982 1536 amici
997 1484 1134 1538 accusato

115 1563 176 1634 ris,
196 1577 257 1620 non
275 1560 348 1619 nulli
363 1558 453 1620 etiam
469 1561 565 1619 nostri
582 1560 692 1634 iniqui,
708 1560 794 1620 multi
807 1575 992 1620 communes
1008 1562 1135 1621 obaem-

114 1652 199 1706 tores
213 1651 306 1719 atque
322 1640 454 1704 omnium
470 1641 564 1701 invidi
582 1643 675 1703 multa
687 1643 850 1702 finxerunt.
882 1643 976 1702 'Nihil
993 1652 1044 1704 est
1056 1650 1136 1704 auten

114 1735 176 1788 tam
195 1729 319 1788 volucre
337 1742 429 1802 quam
449 1725 656 1786 maledictum=
678 1725 751 1785 nihil
771 1726 889 1785 facilius
905 1726 1063 1799 emittitur,
1080 1722 1137 1785 nihi

117 1811 205 1872 citius
221 1811 386 1885 excipitur,
401 1807 491 1869 latius
507 1808 682 1884 dissipatur.
709 1809 817 1884 Neque
828 1823 896 1883 ego,
914 1808 942 1869 si
956 1810 1076 1871 fontem
1090 1822 1137 1869 ιιι-

15 1960 18 1965 ,
116 1895 219 1955 ledicti
238 1894 412 1969 reperietis,
434 1900 467 1952 ιιι
488 1892 646 1967 negligatis
661 1900 714 1952 aut
727 1892 926 1952 dissimuletis
940 1888 1137 1970 umquampo

117 1979 247 2037 stulabo.
292 1976 353 2036 Sed
368 1976 395 2036 si
414 1977 487 2051 quid
509 1975 575 2034 sine
591 1977 690 2050 capite
705 1976 837 2036 manabit
856 1983 909 2036 aut
921 1976 1000 2052 quid
1021 1976 1077 2037 erit
1086 1974 1138 2035 elus

117 2059 201 2118 modi
216 2066 249 2119 ut
261 2076 321 2118 non
335 2066 434 2119 exstet
448 2066 555 2118 auctor
561 2058 637 2133 ‚qui
652 2059 781 2119 audierit
803 2067 855 2119 aut
869 2060 911 2119 ila
924 2061 1087 2136 negligens
1097 2072 1138 2117 vo

118 2142 165 2202 bis
181 2157 252 2202 esse
271 2140 436 2213 videbitur,
452 2148 486 2201 ut
499 2143 580 2201 unde
595 2142 724 2203 audierit
737 2143 847 2203 oblitus
863 2141 917 2215 sit,
934 2153 989 2205 aut
1003 2145 1045 2204 ita
1058 2145 1140 2204 leven

118 2224 241 2286 habebit
247 2233 418 2310 auctorem,
433 2225 755 2300 utmemoriadignum
774 2243 833 2286 non
852 2228 982 2302 putarit,
997 2227 1088 2288 buius
1102 2225 1140 2284 illa

119 2325 180 2369 vox
195 2291 345 2385 vulgaris,
360 2324 475 2379 ιιιιιιι,
498 2309 623 2382 nequid
640 2308 795 2370 innocenti
808 2325 861 2370 reo
869 2316 1000 2384 noceat,
1023 2323 1140 2371 oramus
1172 2356 1174 2371 .

172 2392 277 2452 XXIV.
289 2392 339 2454 58.
353 2392 414 2453 Sed
426 2407 516 2452 vemo
528 2409 586 2452 ram
599 2393 681 2452 adL.
696 2393 842 2466 Cassium,
854 2392 1037 2454 familiarem
1046 2406 1141 2463 meum.
1171 2402 1174 2483 ζ

119 2473 206 2534 cuius
223 2492 262 2535 ex
277 2476 413 2537 oratione
427 2491 466 2535 ne
480 2476 563 2536 illum
576 2476 699 2550 quidem
709 2477 877 2536 Iuventium
892 2482 999 2538 tecum
1010 2482 1141 2553 exposta
1172 2510 1174 2533 .

118 2556 192 2629 lavi,
214 2574 303 2632 quem
318 2559 368 2618 ille
383 2559 465 2619 omni
484 2567 515 2619 et
528 2559 712 2620 humanitate
727 2567 757 2619 et
770 2561 877 2620 virtute
898 2570 1032 2621 ornatus
1054 2560 1141 2621 adole
1171 2554 1174 2581 ²

118 2656 209 2700 scens
231 2641 360 2716 primum
380 2643 419 2702 de
440 2642 528 2715 plebe
549 2641 677 2702 aedilem
698 2644 831 2703 curulem
850 2644 963 2704 factum
982 2660 1058 2706 esse
1071 2638 1140 2704 ditif-

118 2725 245 2799 inquo,
260 2723 360 2796 Cassi,
382 2724 408 2784 si
423 2723 530 2784 tibirta
547 2727 768 2822 respondeam,
785 2724 930 2786 nescisse
951 2726 987 2786 ιιι
1009 2724 1142 2820 populum

118 2809 302 2881 Romanum,
317 2822 419 2883 neque
435 2807 531 2869 fuisse
554 2808 657 2884 quiid
678 2809 767 2870 nohis
796 2816 948 2878 narraret,
974 2806 1141 2885 praesertin

120 2901 238 2954 mortuo
256 2891 377 2967 Congo,
400 2909 477 2965 non,
505 2901 538 2952 ιιι
560 2893 684 2966 opinor,
709 2891 858 2951 admirere
866 2909 995 2967 ,quum
1012 2910 1074 2989 ego
1090 2893 1140 2967 ipse

119 2992 179 3036 non
203 2977 371 3037 abhorrens
389 2991 408 3034 a
423 2976 524 3037 studio
546 2975 731 3050 antiquitatis
752 2991 800 3035 me
813 2975 863 3034 bic
877 2975 908 3034 id
924 2990 965 3034 ex
981 2984 1013 3037 te
1029 2976 1138 3054 primur

119 3060 244 3121 audisse
265 3060 421 3120 confitear.
464 3060 515 3132 Et,
537 3059 680 3134 quoniam
700 3066 751 3118 tua
771 3058 827 3119 fuit
841 3059 1029 3133 perelegans
1044 3069 1075 3121 et
1087 3070 1138 3133 pet·

121 3142 239 3204 subtilis
255 3145 366 3216 oratio,
391 3144 483 3218 digna
506 3142 618 3218 equilis
633 3143 762 3202 Romani
777 3142 826 3201 vel
838 3141 941 3202 studio
955 3145 1011 3203 vel
1027 3142 1140 3219 pudore

120 3225 324 3313 quoniamque
338 3227 383 3288 sie
401 3228 438 3287 ab
453 3227 500 3286 his
517 3241 551 3287 es
563 3227 702 3299 auditus,
717 3232 888 3299 utmagnus
905 3223 1012 3287 honos
1029 3235 1059 3287 el
1071 3225 1139 3298 lnge

119 3300 169 3360 nio
184 3313 214 3364 et
228 3306 402 3370 humanitati
416 3318 486 3370 luae
500 3310 694 3384 tribueretur,
713 3308 910 3384 respondebo
934 3302 976 3369 ad
996 3325 1049 3382 ea,
1074 3315 1139 3395 quel

122 3382 239 3460 dixisti,
261 3406 340 3462 quae
360 3393 508 3466 pleraque
530 3393 597 3451 de
589 3407 658 3466 lpso
679 3408 729 3452 me
749 3394 882 3452 fuerunt:
904 3391 934 3450 in
962 3392 1075 3468 quibus
1089 3382 1137 3462 ipti
