2356 3854
85 158 149 225 104
284 163 334 221 DE
348 157 501 219 IMPERIO
519 157 741 217 capomatii
760 157 910 217 ORATIO.

85 323 186 375 autem
209 326 314 370 omnes
335 317 444 368 cuncta
459 307 535 367 Asia
555 315 646 381 atque
663 307 789 367 Graecia
813 317 947 367 vestrum
964 307 1095 369 33311133

86 400 265 466 exspectare
287 399 412 465 propter
431 389 557 463 periculi
579 389 814 463 magnitudinem
829 400 994 464 anguntur:
1014 391 1096 465 impe

84 484 213 534 nitorem
235 491 253 533 3
275 473 364 533 vobis
385 481 499 531 certum
522 474 707 546 deposcere,
734 489 826 545 quum
848 473 1029 546 praesertim
1049 490 1096 534 vas

84 557 176 616 alium
190 554 341 628 miseritis
356 571 457 628 neque
471 557 583 615 audent
597 572 698 628 neque
714 571 748 614 se
757 557 788 613 id
801 556 900 621 lacere
912 555 979 615 sine
988 573 1095 616 summa

84 638 220 714 periculo
236 654 331 712 passe
345 637 534 697 arbitrantur.
564 637 611 701 13.
635 639 746 697 Vident
763 646 793 697 et
807 639 940 699 sentiunt
955 640 1014 698 hnc
1029 639 1097 699 idem

85 722 170 795 quod
188 737 261 792 vos,
284 737 376 780 unum
394 722 489 780 virum
505 737 589 792 esse,
612 720 641 779 in
657 739 718 795 quo
734 737 852 780 summa
866 722 925 781 sint
946 721 1059 794 omnia,
1075 728 1099 781 ct

84 820 155 863 eum
170 811 294 878 propter
311 818 396 875 esse,
412 822 473 877 quo
491 805 580 863 etiam
597 812 700 865 carent
715 803 850 877 aegrius:
871 804 960 865 cuius
976 806 1098 863 adventu

85 886 156 961 ipso
177 896 267 961 atque
287 886 422 957 nomine,
443 886 561 945 tametsi
577 886 627 944 ille
643 888 681 944 ad
697 886 875 945 maritimum
891 888 1004 945 bellum
1021 903 1097 945 vene

84 970 138 1044 rit,
160 979 257 1030 tamen
278 967 408 1042 impetus
424 969 555 1029 hostium
568 985 730 1042 repressos
745 984 816 1027 esse
830 968 1000 1042 intelligunt
1014 985 1047 1028 ac
1060 985 1097 1028 re

87 1054 231 1113 tardatos
261 1051 299 1109 Hi
316 1069 387 1124 vos,
412 1052 552 1125 quoniam
568 1052 660 1111 libere
677 1051 761 1124 loqui
776 1068 837 1111 non
852 1052 935 1124 licet,
956 1052 1045 1111 tacite
1057 1069 1097 1111 ro·

85 1145 173 1209 gant„
196 1141 227 1193 ut
248 1150 282 1192 se
300 1151 437 1208 quoquc,
461 1134 540 1194 sicut
555 1144 740 1194 caeterarum
756 1134 979 1207 provinciarum
997 1134 1096 1204 sorim,

87 1217 195 1291 dignos
217 1215 408 1288 existimetiS,
430 1234 557 1290 quorum
579 1219 704 1277 salutern
724 1217 775 1277 tali
801 1217 864 1275 viro
881 1217 1097 1288 commendetis,

86 1308 176 1371 alque
197 1299 255 1356 hoc
278 1299 367 1358 etiam
391 1299 501 1373 magis,
524 1302 608 1374 quod
628 1307 765 1360 caeteros
788 1298 818 1357 in
836 1299 1026 1372 provinciam
1042 1300 1097 1358 eius

85 1383 166 1441 modi
187 1381 325 1440 homines
347 1399 414 1441 cum
438 1382 564 1455 imperio
585 1383 741 1453 mittimuS,
764 1389 796 1442 ut
818 1382 907 1441 etiam
929 1383 955 1442 si
969 1384 1008 1442 ab
1022 1383 1097 1442 hcstc

85 1464 261 1535 defendant,
284 1472 383 1523 tamen
405 1465 540 1538 ipsorum
562 1466 709 1525 adventus
727 1465 757 1522 in
772 1465 863 1523 urbes
879 1465 1033 1526 sociorum
1047 1480 1096 1523 333

85 1548 208 1607 multum
231 1547 268 1604 ab
289 1547 388 1607 hostili
412 1547 636 1621 expugnatione
656 1548 806 1608 differant.
835 1549 923 1607 Hunc
947 1549 1097 1608 audiebant

85 1636 182 1701 antea,
198 1645 278 1689 nunc
294 1639 484 1703 praesentem
495 1629 599 1689 vident
612 1639 694 1690 tanta
707 1632 914 1704 temperantia,
930 1640 1014 1691 tanta
1027 1645 1097 1689 man·

86 1712 258 1783 suetudine,
275 1720 357 1771 tanta
370 1713 623 1785 humanitatem
590 1721 623 1772 ut
639 1713 659 1770 ir
651 1713 840 1773 'beatissimi
855 1730 926 1773 esse
942 1713 1098 1786 videantur,

85 1794 168 1869 apud
184 1811 262 1867 quos
277 1795 326 1854 ille
341 1795 508 1855 diutissime
523 1805 732 1856 commoratur

168 1878 219 1934 VI.
253 1875 302 1937 14.
333 1878 396 1950 Qua
417 1896 451 1938 re
472 1879 497 1937 si
517 1888 609 1953 prcpt
610 1895 642 1937 er
657 1879 760 1939 socios
775 1879 878 1938 33113
869 1878 930 1953 ipsi
944 1878 1053 1939 iniuria
1066 1880 1099 1938 la·

85 1957 187 2019 cessiti
203 1960 332 2019 maiores
347 1970 417 2020 nost
417 1962 442 2018 ri
458 1978 526 2020 cum
538 1964 587 2020 An
589 1962 706 2034 ticch0‚
723 1978 791 2022 cum
805 1962 953 2036 Philippo,
971 1976 1040 2022 curn
1049 1967 1100 2023 Ae

32 2046 42 2063 ⁸
84 2040 170 2113 talis,
186 2058 254 2100 cum
269 2043 378 2102 Poenis
393 2045 472 2102 bella
486 2054 660 2118 gesserunt,
675 2054 788 2118 quanto
805 2061 861 2104 vos
877 2046 978 2111 studio
998 2061 1101 2105 conve

84 2123 128 2182 nii
147 2123 263 2183 iniuriis
287 2135 471 2198 provocatos
494 2126 647 2186 seriorum
670 2129 797 2187 salutem
820 2145 880 2187 rina
905 2145 975 2186 cum
993 2126 1102 2202 imperii

84 2206 178 2266 vestri
194 2205 335 2280 dignitate
351 2210 529 2282 defendere,
545 2211 723 2283 praesertim
739 2228 830 2287 quum
847 2212 885 2271 de
901 2212 1044 2271 maximis
1057 2227 1101 2271 vc·

84 2288 154 2367 stris
169 2289 366 2362 vectigalibus
384 2299 509 2366 agatur?
522 2293 596 2351 Nam
613 2304 798 2354 caeterarum
817 2294 1044 2369 provinciarum
1057 2309 1101 2351 ve

84 2371 217 2446 ctigalia,
242 2372 384 2445 Quirites,
407 2383 489 2435 tanta
509 2385 592 2447 sunt,
613 2385 644 2435 ut
664 2376 701 2435 iis
716 2379 756 2435 ad
771 2377 855 2451 lpsas
870 2376 1047 2451 provincias
1063 2385 1101 2436 tu-

82 2456 190 2514 tandas
206 2456 257 2513 vix
273 2456 405 2516 contenti
420 2474 491 2516 esse
507 2458 676 2532 possimus,
693 2459 768 2519 Asia
784 2478 856 2521 vero
872 2469 932 2520 tam
950 2460 1053 2534 opima
1064 2464 1102 2517 est

86 2553 122 2611 aa
146 2537 265 2609 13311113,
286 2548 319 2598 ut
340 2548 369 2599 et
389 2541 527 2600 ubertate
546 2558 686 2615 agrorum
705 2552 734 2603 et
749 2543 893 2603 varietate
912 2545 1102 2603 fructuumct

82 2618 286 2691 magnitudine
301 2621 450 2694 pastionis
466 2632 496 2683 et
484 2624 592 2684 tmulti
595 2625 698 2685 tudine
714 2642 815 2684 aarum
829 2642 945 2695 rerum,
963 2642 1043 2697 quae
1056 2639 1099 2682 ex-

82 2708 251 2775 portentur,
273 2703 360 2763 facile
382 2706 523 2767 amnibus
543 2708 629 2767 terris
645 2710 814 2767 antecellat
843 2707 948 2778 ltaque
963 2707 1040 2765 haec
1056 2722 1098 2762 vc·

81 2782 129 2844 bis
151 2785 321 2859 provincia,
343 2787 486 2864 Quirites,
511 2791 537 2849 si
559 2799 589 2849 et
606 2792 677 2849 belli
698 2790 852 2851 utilitatem
868 2796 896 2847 et
910 2789 998 2869 pacis
1014 2785 1098 2884 digni·

81 2873 172 2926 tatem
191 2868 320 2928 retinere
343 2872 413 2930 vult
393 2880 447 2943 trs,
471 2889 530 2930 333
552 2874 644 2932 modo
664 2889 683 2933 a
703 2873 884 2943 calamitate,
906 2873 963 2930 sed
987 2871 1100 2932 etiamr

80 2957 162 3007 metu
180 2953 355 3010 calamitatis
372 2962 418 3013 est
433 2955 634 3019 defendenda.
666 2952 714 3012 15
735 2954 834 3012 Nam
826 2972 855 3012 1n
873 2955 1002 3025 caeteris
1016 2955 1098 3015 rebus

81 3046 174 3103 quum
188 3034 272 3093 venit
288 3035 457 3110 calamitas,
481 3046 543 3097 tum
559 3037 608 3096 det
597 3033 768 3094 trimentum
783 3036 944 3108 accipitur=
966 3046 998 3094 at
1011 3039 1039 3094 in
1056 3049 1097 3090 ve·

82 3112 238 3185 ctigalibus
260 3133 322 3176 non
344 3119 442 3178 solum
465 3121 613 3180 adventus
636 3118 720 3192 mali,
745 3120 800 3177 sed
822 3118 910 3177 etiam
927 3126 1025 3179 metus
1039 3117 1097 3190 ipsc

81 3194 179 3255 adfert
198 3199 406 3261 calamitatem.
447 3202 522 3261 Nam
546 3219 638 3274 quum
658 3201 790 3260 hostium
813 3202 920 3274 copiae
940 3219 1002 3261 non
1017 3203 1097 3271 longe

80 3276 205 3351 absunt,
228 3280 317 3341 etiam
332 3284 358 3342 si
374 3282 501 3357 irrupt10
516 3285 597 3344 nulla
612 3285 692 3343 lacta
706 3293 768 3357 est,
792 3293 889 3343 tamen
907 3301 1006 3357 pecua
1019 3282 1097 3341 relin-

81 3368 226 3435 quuntur,
250 3363 447 3436 agricultura
465 3366 629 3438 deseritur,
651 3375 851 3426 mercatorum
868 3366 1019 3440 navigatio
1035 3379 1096 3424 cen-
