2356 3854
367 169 584 283 carra-514.
605 203 778 307 ιιι-ιι.
912 159 915 166 ’
1026 203 1088 270 177

70 359 180 413 ιιιιιιιι
200 359 231 411 ιι
246 359 421 411 evertuntur
438 364 532 424 saepe
550 347 680 409 dicendo
698 359 727 409 ιι
744 351 809 410 sine
824 353 1003 414 defensione
1021 373 1084 416 ora-

70 436 129 496 oris
153 435 241 493 firma
257 449 328 493 esse
345 450 405 494 non
429 439 575 507 possunt:
599 431 628 489 in
653 450 712 505 qua
733 433 759 493 si
780 435 853 494 satis
875 430 1086 514 profecissem,

70 519 179 578 »arcius
197 517 318 576 deeius
336 518 426 576 laude
441 515 588 574 dicerem:
610 532 691 574 nunc
711 516 784 574 nihil
801 517 840 576 de
855 535 904 578 me
923 520 1008 596 dico,
1030 524 1087 582 sed

70 605 92 661 le
108 601 162 667 iis,
184 600 236 675 qui
253 600 427 659 indicendo
448 600 547 672 magni
563 605 632 658 sunt
648 606 699 657 aut
713 600 843 660 luerunt.

137 683 218 742 XIV.
234 681 285 742 30.
307 684 392 742 Duae
404 689 474 741 sunt
485 691 575 754 ιιιιιι,
595 697 674 755 quae
689 691 819 755 possunt
832 684 935 744 locare·
948 686 1085 749 homines

70 785 86 826 n
103 765 295 840 amplissimo
310 766 407 839 gradu
425 765 592 839 dig-nitatis:
611 781 671 823 una
687 765 892 838 imperatoris,
909 769 1003 828 altera
1020 789 1085 831 ora

70 848 130 911 oris
146 849 229 908 boni.
257 849 306 907 Ab
325 848 384 908 hoc
400 850 479 907 enim
496 847 581 923 pacis
598 855 835 908 ornamentat
789 863 822 906 re
824 848 964 922 timentur,
980 853 1018 911 ab
1034 855 1084 914 illo

70 933 126 993 »elli
140 932 277 1006 pericula
291 916 486 1006 repelluntur.
520 932 662 990 caeterae
678 939 775 990 tamen
790 932 915 992 virtutes
931 933 1016 1007 ipsae
1032 952 1087 1010 per

70 1017 231 1076 ιιιιιιιιιιιιιι
247 1017 358 1086 valent,
374 1015 495 1086 iustitia
511 1015 599 1086 fides,
619 1015 725 1089 pudor,
743 1016 955 1090 temperantia:
975 1017 1085 1090 quibus

71 1116 101 1170 e,
123 1099 226 1171 Servi,
252 1099 404 1158 excellere
425 1115 531 1157 omnes
548 1098 731 1193 intelligunt:
754 1100 810 1158 sed
827 1115 907 1158 nunc
923 1100 961 1158 de
978 1101 1085 1162 studiis

70 1183 254 1243 ιιιιιοιιοιιιιι
267 1181 436 1256 dispositis,
448 1198 509 1240 non
522 1180 580 1240 de
573 1180 663 1240 insita
675 1180 823 1256 cuiusque
834 1180 1085 1257 virtutedisputo
1153 1226 1155 1239 .

70 1262 163 1343 Omnia
183 1265 258 1325 ista
260 1265 348 1325 nobis
367 1265 467 1324 studia
487 1265 525 1323 de
546 1265 684 1325 manibus
706 1265 912 1336 excutiuntur,
934 1264 1021 1327 simul
1042 1276 1086 1327 nt-

70 1364 121 1422 que
133 1349 227 1444 aliqui
244 1358 343 1409 motus
360 1365 459 1408 novus
474 1347 615 1407 bellicum
630 1364 739 1408 canere
757 1348 866 1422 coepit.
896 1349 1028 1422 Etenim,
1054 1359 1086 1410 ιιι

70 1430 101 1492 tit
113 1431 291 1506 ingeniosus
305 1435 396 1507 poeta
410 1440 440 1491 ιι
453 1441 559 1493 auctor
573 1432 662 1491 valde
676 1432 790 1502 bonus,
813 1431 938 1507 proeliis
955 1435 1085 1529 promul-

70 1513 135 1586 gatis
152 1519 304 1590 pelhtare
324 1517 418 1575 medio
439 1530 500 1574 non
523 1516 621 1575 solum
638 1516 696 1574 ista
716 1524 818 1574 vestra
841 1514 973 1574 verbosa
993 1516 1085 1576 simu-

70 1596 128 1658 latio
144 1598 331 1673 prudentiae,
351 1599 406 1657 sed
418 1599 507 1658 etiam
521 1598 590 1672 ipsa
602 1597 653 1655 illa
665 1598 786 1656 domina
799 1614 909 1670 rerum,
923 1594 1086 1672 supientia:
1173 1590 1175 1597 ’

70 1681 209 1754 domitur
219 1698 285 1742 res:
307 1685 457 1756 spernitur
466 1690 574 1753 motor,
587 1697 647 1739 non
661 1680 759 1739 solum
771 1681 899 1739 odiosus
911 1679 940 1738 in
954 1680 1085 1741 dicendo

70 1776 98 1821 ac
117 1765 372 1843 loquax,verum
388 1764 477 1823 etiam
497 1765 603 1823 donus:
623 1765 763 1821 horridas
779 1766 861 1821 mites
878 1770 1012 1821 amatur:
1034 1779 1084 1821 ve-

72 1853 152 1907 strum
167 1863 242 1908 vero
258 1848 391 1908 studium
412 1856 505 1906 totum
526 1846 613 1904 iacet.
642 1846 708 1904 Non
722 1863 760 1904 ee
776 1850 840 1904 iure
859 1862 949 1904 mano
963 1862 1086 1906 corner-

72 1933 311 2004 tannasara,
329 1929 441 2004 inquit,
455 1946 518 1989 rem
531 1935 674 2004 repetunt.
707 1928 793 2000 Quod
809 1928 835 1986 si
851 1929 892 1988 ita
907 1919 1084 2001 est,'oedal,
1134 1918 1139 1931 ‘

72 2012 183 2088 opinor,
199 2014 329 2089 Sulpici,
347 2014 444 2072 lorum
460 2012 583 2082 castris,
600 2011 698 2070 ocium
715 2010 851 2082 militiae,
870 2010 957 2072 stilus
974 2012 1085 2085 gladio,

71 2098 165 2157 umbra
187 2099 260 2157 soli:
289 2096 328 2157 sit
348 2096 480 2170 denique
501 2094 531 2155 in
553 2095 675 2154 civitate
698 2110 733 2153 ea
754 2094 931 2169 primores,
960 2104 1086 2170 propter

72 2191 148 2250 quam
170 2180 240 2254 ipsa
259 2188 307 2240 est
327 2179 433 2240 civitas
455 2179 588 2239 omnium
605 2178 758 2252 princeps
803 2176 854 2238 31.
875 2179 989 2238 Verum
1009 2176 1086 2237 haec
1131 2190 1135 2199 ·

70 2255 131 2324 Calo
157 2263 281 2323 nimium
296 2277 354 2324 nos
369 2263 482 2323 nostris
499 2262 600 2323 verbis
615 2277 724 2335 magna
739 2263 840 2320 lacere
855 2254 1086 2327 demonstrator
1159 2338 1163 2343 .

70 2342 169 2407 oblitos
191 2362 262 2408 esse
285 2348 397 2406 bellum
417 2346 492 2406 illud
516 2362 604 2406 omne
624 2344 856 2404 Mithridaticum
878 2360 946 2402 oum
967 2346 1085 2403 mulier-

70 2429 135 2491 ruris
150 2447 221 2491 esse
235 2437 363 2505 gestum.
393 2430 481 2503 Quod
498 2446 555 2503 ego
573 2430 664 2502 longe
679 2444 770 2487 secus
787 2427 935 2498 existimo,
952 2427 1085 2487 iudicesr

70 2505 158 2595 leque
179 2530 216 2574 ιο
237 2530 339 2588 pauca
359 2513 517 2573 disseram.
551 2513 657 2586 Neque
678 2511 757 2570 enim
774 2527 867 2570 eausa
887 2510 915 2569 in
934 2511 992 2570 hoc
1014 2527 1085 2571 con-

70 2590 176 2658 inetur.

140 2679 481 2752 Namsiomniabella,
503 2694 665 2753 quaecum
682 2677 806 2738 Graecis
824 2679 990 2752 gessimus,
1014 2693 1085 2735 con

70 2765 219 2824 emnenda
245 2772 329 2835 sunt,
358 2763 530 2822 derideatur
552 2764 590 2823 de
611 2778 683 2835 rege
703 2762 818 2840 Pyrrho
844 2761 1012 2834 triumphus
1035 2759 1085 2817 Μ.

70 2839 147 2961 Ξιιιίἰ,
163 2848 202 2907 de
215 2847 354 2921 Philippo
368 2847 400 2905 T
414 2845 580 2915 Flaminini,
597 2846 635 2904 de
649 2846 766 2905 Aetolis
781 2845 821 2903 Μ
836 2843 944 2912 Fulrli,
963 2843 1001 2899 de
1015 2855 1087 2913 rege

70 2923 198 2990 ·³.erseL
213 2930 323 3004 Paulli,
345 2930 384 2989 de
397 2928 708 3003 Pseudophilippol)
723 2926 849 2998 Metelli,
872 2926 909 2984 de
927 2920 1086 2982 Corinthiis

70 3006 257 3073 Mummii
283 3012 330 3072 sin
351 3013 428 3071 haec
448 3013 528 3071 bella
549 3011 729 3085 gravissima
753 3010 960 3081 ιὶιιοιίιιιιιιι
983 3021 1087 3064 eorum

70 3096 206 3157 sellarum
230 3095 428 3167 clarissimae,
440 3096 574 3167 luerunt,
596 3110 650 3153 eur
663 3093 819 3151 Asiaticae
836 3091 975 3149 nationes
996 3097 1087 3163 atque

70 3173 111 3238 lle
130 3197 148 3239 a
170 3189 199 3241 te
218 3178 317 3241 hostis
339 3178 559 3239 contemnitur?
586 3175 678 3248 Atqui
700 3192 739 3233 ex
755 3182 888 3233 veterum
908 3190 1087 3243 rerummo-

70 3265 208 3324 lumentis
226 3265 276 3322 vel
293 3262 456 3322 maximnm
473 3260 584 3318 bellum
598 3259 745 3332 populum
758 3258 928 3316 Romanum
943 3273 1010 3316 cum
1026 3260 1087 3315 Αιι-

70 3337 160 3406 tiocho
178 3347 316 3421 gessisse
336 3345 443 3405 video
465 3343 552 3403 cuius
570 3340 641 3419 belli
662 3340 808 3400 victorL.
825 3339 927 3415 Scipio
943 3339 1087 3414 aequipe-

70 3434 127 3486 rata
148 3446 216 3489 enm
234 3430 266 3488 P'.
283 3431 373 3490 lratre
385 3429 489 3504 gloria,
513 3442 603 3501 quam
618 3424 744 3485 laudem
753 3424 802 3484 ille
818 3423 922 3565 Aliana
937 3437 1088 3498 oppressa

132 3519 185 3564 cre.
206 3523 295 3566 onir.

1106 3590 1140 3636 Ι
