2356 3854
462 91 471 119 l

271 132 274 141 “
377 173 607 238 chem-ca.
629 141 804 242 §.ar-ac.
1043 176 1105 243 451

70 340 131 385 nos
150 322 271 396 quidem
287 325 514 396 contemnendi,
537 323 590 399 qui
600 334 755 387 auctorem
773 327 902 403 odimuS,
915 337 985 392 acta
999 330 1105 390 delen·

70 408 181 467 dImus.
225 407 375 466 XXXVIII
400 405 450 470 st.
473 407 550 483 Quid
575 423 632 482 ego
660 409 699 468 de
720 413 944 473 commentariis
968 413 1103 487 infinitis,

70 490 145 563 quid
160 490 198 548 de
214 489 485 552 innumerabilibus
500 491 711 566 chirographis
726 493 856 568 loquart
872 513 1001 570 quorum
1014 497 1104 558 etiam

70 573 228 633 Institores
253 582 338 644 sunt,
361 575 413 650 qui
431 591 468 635 ea
482 583 636 649 tamquam
649 576 850 649 gladiatorum
868 577 987 639 libellos
1002 583 1103 655 palam

70 656 236 727 venditent.
264 658 369 732 ltaque
384 660 457 718 tanti
472 657 574 717 acervi
591 675 751 718 numerum
765 659 848 734 apud
862 659 952 720 istum
968 671 1105 724 constru-

70 748 177 811 untur,
198 748 231 800 ut
251 740 311 799 ianr
331 743 559 815 expendantur,
578 759 641 801 non
661 752 855 802 numeremur
874 744 1032 818 pecuniae.
1064 747 1106 806 m

70 839 162 899 quam
177 839 269 882 caeca
284 824 410 883 avaritia
426 832 486 884 est!
506 825 610 898 Nuper
624 825 686 884 fixa
700 826 802 884 tabula
817 834 872 898 est,
891 844 951 900 qua
968 827 1105 889 civitates

70 906 331 982 locupletissimae
344 907 532 966 Cretensium
548 907 747 982 vectigalibus
762 907 936 982 liberantur,
953 911 1103 970 statuitur-

70 1008 148 1065 que,
171 1007 209 1050 ne
233 991 507 1065 postumatum
531 992 747 1064 proconsulem
767 992 806 1050 sit
827 993 914 1052 Creta
937 992 1104 1066 provincia.

70 1074 113 1134 l'u
130 1074 239 1133 mentis
256 1090 290 1134 es
307 1081 456 1149 compost
475 1081 508 1132 tu
525 1091 586 1134 non
605 1075 880 1148 constringendus?
901 1076 947 1134 An
965 1073 1105 1135 Caesaris

70 1159 195 1218 decreto
214 1156 301 1215 Creta
323 1163 394 1229 post
408 1155 448 1214 lt.
462 1157 547 1217 Bruti
563 1158 725 1216 decessum
742 1158 839 1232 potuit
855 1157 989 1232 liberari,
1012 1174 1104 1233 quum

70 1241 161 1302 Creta
181 1238 253 1297 nihil
275 1239 315 1297 ad
332 1239 457 1298 Brutum
480 1238 611 1299 Caesare
630 1239 702 1300 vivo
729 1243 915 1316 pertineret?
949 1243 989 1303 At
1014 1240 1105 1301 huius

70 1321 248 1383 venditione
269 1321 438 1381 decreti-
455 1339 493 1381 ne
514 1321 597 1387 nihil,
612 1332 711 1404 actum
734 1323 845 1399 putetis
860 1325 1105 1399 —provinciam

70 1409 188 1468 Cretam
209 1405 395 1478 perdidistis.
433 1405 560 1465 Omnino
582 1423 671 1466 neme
689 1408 779 1468 ullius
793 1407 837 1467 rei
853 1407 907 1469 luit
923 1418 1041 1484 emptor
1055 1405 1105 1469 cui

70 1487 201 1551 defuerit
221 1488 269 1546 hic
290 1487 440 1548 venditor.
467 1482 535 1550 498.
557 1489 595 1550 Et
616 1491 654 1551 de
681 1490 840 1551 exsulibus
866 1493 979 1566 legem,
1013 1507 1105 1566 quam
1148 1509 1153 1515 ·

70 1571 181 1643 fixisti,
204 1571 317 1632 Caesar
334 1571 420 1632 tulit?
450 1572 567 1633 Nullius
592 1572 727 1635 insector
747 1573 961 1634 calamitatem=
988 1583 1105 1636 tantum
1160 1582 1163 1587 '

70 1669 201 1730 queror,
225 1653 354 1727 primum
370 1670 473 1715 corum
489 1655 605 1715 reditus
622 1655 812 1730 inquinatos,
836 1673 965 1730 quorum
980 1673 1104 1718 causam

70 1739 183 1799 Caesar
204 1735 382 1796 dissimilem
403 1738 557 1798 iudicarit:
580 1738 691 1797 deinde
707 1740 812 1799 nescio
828 1754 883 1798 cur
900 1755 962 1797 non
977 1738 1104 1814 reliquis

70 1820 152 1881 idem
165 1818 291 1879 tribuas.
321 1819 428 1893 Neque
443 1820 522 1881 enim
538 1822 608 1894 plus
626 1837 717 1894 quam
732 1829 795 1881 tres
810 1833 861 1880 aut
876 1830 1019 1895 quattuor
1035 1822 1104 1881 reli-

70 1904 122 1982 qui
140 1909 219 1962 sunt.
250 1902 306 1978 Qui
322 1902 411 1962 simili
426 1903 454 1963 in
476 1905 644 1964 calamitate
659 1912 744 1977 sunt,
761 1921 814 1964 cur
828 1911 880 1964 tua
895 1904 1105 1966 misericordia

70 1986 161 2049 'simili
180 2001 242 2046 non
264 1988 426 2047 fruuntur?
448 2004 501 2047 cur
522 2004 577 2047 eos
599 1986 694 2052 habes
715 1988 744 2046 iu
760 1990 828 2047 loco
847 1987 967 2062 patruit
988 1990 1026 2049 de
1042 2002 1103 2063 quo

70 2074 164 2142 terre,
196 2087 290 2144 quum
319 2070 358 2129 de
381 2069 507 2144 reliquis
528 2072 639 2143 serres,
669 2070 807 2130 uoluisti=
841 2087 931 2144 quem
954 2070 1105 2132 etiamad
1140 2114 1147 2124 2

70 2170 232 2215 censuram
243 2154 406 2230 petendam
419 2153 572 2229 impulisti,
589 2170 718 2229 eantque
725 2153 899 2228 petitionem
909 2152 1102 2228 comparasti,

70 2254 153 2313 quae
168 2246 198 2297 et
212 2239 293 2298 risus
310 2237 465 2297 hominum
483 2246 513 2298 et
528 2239 668 2311 querelas
685 2244 831 2298 moveret.
864 2236 915 2298 99.
930 2236 990 2297 Cur
1003 2246 1104 2297 autem

70 2338 108 2383 ca
131 2320 253 2381 comitia
274 2338 334 2379 non
356 2320 510 2383 habuisti?
532 2337 571 2380 an
596 2320 667 2396 quia
681 2322 818 2381 tribunus
834 2320 931 2394 plebis
950 2319 1102 2380 sinistrum

70 2405 184 2466 tulmen
208 2405 392 2464 nunciabat-t
418 2405 515 2479 Quum
535 2413 587 2464 tua
609 2404 681 2479 quid
705 2405 844 2473 interest,
864 2405 947 2463 nulla
967 2402 1105 2478 auspicia

70 2495 157 2551 sunt:
180 2505 272 2561 quum
293 2497 427 2561 tuorum,
449 2497 511 2548 tum
531 2489 569 2558 lis
589 2487 763 2562 religiosus.
799 2486 898 2561 Quidr
917 2487 1056 2547 eumdem
1072 2484 1103 2546 iu

70 2569 289 2647 septemviratu
306 2587 408 2630 nonne
425 2570 608 2632 destituisti?
622 2570 783 2632 intervenit
797 2569 886 2643 enim,
904 2569 952 2630 cui
963 2568 1104 2635 metuisti.
1120 2567 1133 2643 ᾗ

70 2656 181 2724 credo,
202 2672 241 2714 ne
262 2656 348 2716 salvo
370 2653 471 2727 capite
492 2671 605 2728 negare
627 2652 701 2716 non¹
709 2671 832 2730 posses.
866 2652 1010 2714 Omnibus
1035 2669 1103 2713 eum

70 2737 263 2799 coutumeliIs
285 2737 545 2810 onerasti,=quem
569 2738 661 2810 patris
683 2740 767 2812 loco,
791 2737 817 2798 si
840 2738 902 2798 ulla
916 2739 946 2797 in
960 2745 990 2797 te
1006 2735 1102 2810 pietas
1137 2770 1142 2777 -

71 2819 178 2895 esset,
197 2823 297 2882 colere
312 2821 458 2880 debebas.
491 2818 596 2878 Filiam
610 2821 692 2892 eius,
709 2836 845 2880 sororem
862 2831 959 2890 tuam,
975 2815 1102 2888 eiecisti,

72 2905 130 2986 alia
146 2904 327 2966 condIcioue
343 2902 481 2978 quaesita
496 2911 526 2961 et
541 2911 611 2962 ante
625 2910 799 2977 prospecta.
821 2903 887 2961 Non
901 2911 948 2961 est
960 2899 1044 2959 satis.
1061 2931 1103 2942 -

71 2987 178 3050 Probri
204 2988 385 3049 insimulasti
406 2985 635 3063 pudIcissImam
658 2984 809 3044 feminam.
855 2982 933 3056 Quid
953 2990 1000 3041 est
1020 2982 1104 3055 quod

72 3072 144 3134 addi
160 3072 280 3146 possit‘t
301 3079 462 3132 contentus
478 3085 515 3129 co
532 3084 593 3127 non
609 3068 701 3128 luIsti.
722 3065 981 3141 Frequentissimc
997 3071 1104 3124 senatu

70 3150 219 3217 Kalendis
233 3154 380 3215 Ianuariis
396 3154 523 3213 sedente
540 3159 647 3227 patruo
668 3151 747 3210 hanc
761 3149 815 3210 tibi
838 3164 909 3209 csse
925 3164 993 3208 cum
1013 3148 1102 3206 Dola-

70 3235 152 3300 bella
177 3255 302 3298 causam
328 3235 390 3297 odii
415 3235 525 3317 dicere,
538 3251 633 3295 ausus
655 3251 704 3306 es,
732 3233 816 3308 quod
836 3231 874 3291 ab
895 3247 933 3292 ao
953 3229 1052 3291 sorori
1073 3237 1103 3292 et

70 3324 160 3384 uxori
182 3329 252 3383 tuae
273 3329 410 3396 stuprum
434 3319 567 3378 oblatum
588 3333 658 3377 esse
673 3314 889 3390 comperisses.
925 3313 998 3388 Quis
1013 3314 1103 3374 inter·

70 3403 185 3474 aretari
202 3411 329 3481 potest,
341 3401 599 3480 impudentiorne,
624 3399 675 3476 qui
689 3399 719 3462 in
735 3407 842 3463 senatu
849 3395 1105 3542 ἓὸη*ἰηιρτᾳὴίοτ,
