2356 3854
116 175 196 260 ιιι
369 226 371 233 ,
413 189 486 251 nno
501 191 532 249 a
549 189 683 257 suario
698 189 849 250 caurio.

116 347 165 404 vel
190 341 372 403 adsiduitate
397 340 463 400 eius
489 341 536 398 vel
560 338 764 399 sollicitudine
788 349 819 399 et
838 331 980 401 molestia
1000 339 1132 401 iudicare

117 425 146 489 7.
172 425 263 484 Duxit
283 439 410 484 uxorem
434 431 517 497 putre
537 423 607 482 vivo
634 421 740 496 optimi
759 431 790 481 et
810 421 1066 483 calamitosissimi
1085 422 1132 484 siri

116 509 224 579 filiam,
242 507 276 565 L.
297 506 459 580 Scipionis.
488 505 575 564 Clara
595 504 625 563 in
645 505 704 564 hoc
718 505 750 563 P.
766 503 859 564 Sestii
873 506 974 578 pietas
988 506 1132 568 cumula

116 591 258 653 omnibus
277 598 376 664 grata,
401 589 484 662 quod
505 597 535 648 et
548 587 715 647 Massiliam
736 588 836 647 statim
851 589 1010 662 proiectus
1029 599 1088 661 cst,
1106 599 1132 650 rt

116 690 258 735 socerum
280 671 384 732 videre
408 672 622 744 consolarique
646 679 754 744 posset
774 669 918 731 fluctibus
937 672 984 731 rei
1004 673 1131 747 publicat

115 755 315 831 expulsurus
307 773 337 814 1n
355 754 462 815 alienis
476 755 564 814 torris
578 753 741 826 iacentem,
757 771 848 826 quem
863 754 894 813 in
908 755 1057 815 maiorum
1071 773 1130 817 suo·

114 858 180 899 rum
197 838 333 914 vestigiis
348 846 429 898 stare
444 838 617 913 oportebat,
635 844 666 896 et
679 837 719 896 ad
733 853 803 896 eum
819 836 911 897 filiam
924 836 992 898 eius
1007 839 1128 925 adduxit
1170 842 1172 881 ἵ

114 931 148 983 ut
162 923 212 982 ille
225 923 381 997 insperato
396 930 523 996 aspectu
539 921 762 1014 complexuque
779 919 806 979 si
822 937 881 979 non
898 937 1030 992 omnem,
1045 931 1076 982 at
1075 912 1128 980 ali·
1170 908 1172 987 ζ

115 1023 205 1081 quam
220 1014 337 1081 partem
350 1004 497 1064 maeroris
516 1002 564 1063 sui
580 1003 763 1097 deponeret:
786 1012 817 1063 et
832 1003 973 1062 maximis
990 966 1095 1064 oliioiis
1106 1013 1129 1062 st

113 1089 195 1149 illius
216 1093 405 1158 aerumnam,
431 1088 533 1161 quoad
548 1085 636 1157 vixit,
660 1095 690 1146 et
710 1085 791 1144 filiae
809 1085 1004 1146 solitudinem
1024 1097 1127 1148 susten

114 1176 197 1232 tavit.
227 1172 357 1231 Possum
372 1171 465 1229 multa
480 1169 582 1229 dicere
596 1169 635 1228 de
648 1168 835 1242 liberalitate,
851 1170 890 1228 de
905 1169 1083 1231 domesticis
1091 1171 1125 1230 ol·

114 1254 207 1324 ficiis,
232 1255 270 1312 dc
284 1253 437 1313 tribunatu
457 1250 589 1324 militari,
612 1253 652 1310 de
672 1251 850 1326 provinciali
865 1253 896 1311 in
913 1269 951 1312 eo
966 1254 1127 1327 magistratu

114 1335 311 1396 abstinentia:
339 1337 395 1395 sed
416 1335 488 1394 mihi
512 1343 581 1395 ante
602 1336 710 1396 oculos
730 1335 909 1395 obversatur
931 1335 978 1395 rei
1002 1337 1129 1411 publicae

116 1419 256 1494 dignitas,
274 1435 353 1493 quae
367 1419 465 1477 meod
480 1433 550 1477 sese
564 1417 651 1492 rapit,
668 1418 743 1478 haec
758 1418 875 1478 minora
888 1420 1063 1493 relinquere
1072 1420 1130 1478 hor·

113 1512 201 1563 tatur.
232 1501 262 1564 8.
285 1501 435 1574 Quaestor
447 1500 496 1559 hic
512 1502 542 1560 C.
556 1499 689 1574 Antonii,
707 1501 842 1576 collegae
856 1501 924 1575 mei,
943 1501 1071 1574 iudices,
1085 1501 1131 1562 luit

115 1595 207 1658 sorte,
223 1585 279 1645 sed
294 1587 438 1645 societate
454 1583 650 1644 consiliorum
667 1600 762 1644 meus.
793 1584 947 1658 impedior
957 1601 1022 1645 nou
1033 1585 1131 1646 nullius

115 1668 225 1743 olllcii,
245 1676 279 1728 ut
299 1684 356 1744 ego
378 1668 574 1742 interpretor,
596 1666 758 1743 religione,
782 1668 966 1742 quominus
988 1684 1134 1744 exponam

116 1769 207 1827 quam
222 1753 315 1812 inulta
328 1753 360 1811 P.
376 1751 508 1824 Sestius,
530 1768 623 1825 quum
643 1759 727 1811 esset
748 1766 816 1811 curn
831 1752 950 1825 collega
963 1767 1051 1825 meo,
1073 1768 1132 1813 sen
1169 1774 1172 1787 ·

115 1835 197 1907 serit,
214 1837 314 1895 adme
329 1836 476 1908 detulerit,
493 1843 604 1909 quanto
621 1843 690 1894 ante
706 1833 880 1908 providerit.
910 1836 1015 1909 Atque
1030 1848 1088 1910 ego
1101 1835 1133 1893 da

113 1919 246 1980 Antonio
262 1918 334 1976 nihil
346 1919 414 1977 dico
430 1926 551 1992 praeter
564 1934 671 1977 unum:
688 1932 850 1992 numquam
862 1915 944 1977 illurn
955 1916 1010 1978 illo
1025 1931 1132 1978 summo

114 2001 222 2061 timore
233 2018 268 2059 ac
280 2001 415 2094 periculo
428 2000 557 2061 civitatis
569 2017 669 2075 neque
681 2016 868 2061 communem
880 2008 993 2060 metum
1012 2001 1133 2063 omnium

114 2099 171 2142 nec
194 2070 349 2163 propriam
369 2100 431 2143 non
452 2085 604 2145 nullorum
625 2084 691 2143 de'
683 2101 752 2158 1pso
774 2083 981 2158 suspicionem
1004 2084 1131 2144 antini

114 2167 217 2226 tiando
231 2167 337 2226 tollere
354 2174 406 2227 aut
419 2166 638 2228 dissimulando
656 2169 764 2227 sedare
775 2167 919 2226 voluisse.
952 2168 985 2226 In
1005 2183 1066 2242 quo
1081 2167 1131 2226 eol·
1170 2182 1172 2249 3

115 2252 183 2325 lega
194 2250 373 2311 sustinendo
386 2259 477 2324 atque
490 2250 716 2311 moderando
691 2268 717 2310 ει
732 2265 827 2310 meam
844 2249 873 2309 in
884 2249 968 2309 illum
982 2249 1130 2324 indulgen·
1170 2260 1172 2321 ζ

114 2334 185 2393 tiam
202 2334 394 2394 coniunctam
415 2350 484 2394 cum
506 2351 623 2394 summa
643 2332 782 2393 custodia
796 2332 842 2393 rei
857 2331 1001 2407 publicae
1019 2335 1130 2394 laudan

113 2432 187 2474 vere
208 2417 368 2489 solebatis,
393 2434 449 2491 par
462 2427 565 2493 'prope
586 2418 652 2476 laus
665 2417 697 2475 P.
714 2416 805 2476 Sestii
821 2432 892 2475 esse
905 2416 1016 2491 debet,
1039 2414 1131 2492 quiitr

114 2515 203 2558 suum
219 2500 375 2559 consulem
388 2500 572 2573 observavit,
588 2507 621 2560 ut
635 2508 665 2559 et
678 2499 720 2558 illi
733 2500 878 2574 quaestor
891 2499 997 2560 bonus
1011 2508 1043 2561 et
1054 2496 1128 2559 vobis

115 2581 255 2642 omnibus
274 2581 405 2655 optimus
421 2582 497 2642 civis
513 2582 673 2645 videretur.

195 2665 247 2723 lv.
262 2663 291 2724 9.
314 2665 412 2736 idem,
437 2683 528 2738 quum
544 2665 594 2726 illa
609 2663 776 2727 coniuratio
798 2680 837 2724 ex
851 2665 978 2725 latebris
994 2673 1127 2742 atquem

112 2746 245 2808 tenebris
257 2746 410 2821 erupisset
420 2749 582 2822 palamque
593 2757 706 2808 armata
716 2748 863 2820 volitaret,
878 2749 963 2807 venit
974 2765 1046 2810 cum
1056 2760 1125 2809 exer·
1170 2784 1172 2788 -

114 2830 174 2891 citu
190 2830 332 2904 Capuam,
351 2847 441 2904 quarn
456 2831 561 2889 urbem
577 2841 701 2905 propter
716 2830 861 2905 plurimus
877 2830 949 2890 belli
964 2827 1124 2907 opponunt
1171 2846 1172 2871 ³

113 2923 191 2975 tates
202 2915 240 2974 ab
256 2915 306 2973 illa
321 2913 412 2986 impia
424 2923 454 2973 ct
469 2914 616 2972 scelerata
632 2931 723 2973 manu
738 2912 877 2987 temptari
892 2914 1121 2987 suspicabamur:
1169 2916 1172 2953 ³

112 3001 172 3070 'set
183 2997 253 3058 inde
264 2998 304 3056 M.
317 2998 476 3068 Aulanum,
489 2995 639 3055 tribunum
650 2997 776 3057 militurn
787 2996 920 3068 Antonii,
938 2997 1046 3071 Capua
1055 3006 1121 3072 prat·
1168 3001 1172 3042 ‘t

113 3078 232 3152 cipitem
248 3081 350 3151 eiecit,
372 3079 525 3140 hominem
541 3079 689 3153 perditum
707 3087 736 3139 et
754 3097 815 3139 non
832 3080 963 3139 ob'scure
977 3078 1123 3139 piscario

113 3159 144 3218 in
164 3163 230 3222 aliis
247 3165 312 3238 agri
332 3161 439 3222 Gallici
460 3161 596 3237 partibus
617 3162 647 3222 in
667 3162 718 3222 illa
741 3160 951 3223 coniuratione
971 3171 1123 3222 versatum
1169 3168 1172 3199 ÷

113 3242 254 3318 idemque
266 3247 297 3306 C.
309 3247 494 3317 Marcellum,
512 3263 602 3318 quum
619 3245 646 3306 is
662 3263 723 3306 non
737 3247 836 3305 solum
848 3244 982 3319 Capuam
998 3244 1123 3308 venisset
1169 3254 1172 3317 i

113 3341 217 3385 verum
235 3329 324 3388 etiam
338 3344 373 3388 se
388 3329 477 3403 quasi
493 3344 646 3389 armorum
659 3327 761 3389 studio
776 3328 806 3387 in
823 3326 986 3388 maximam
1001 3325 1124 3388 tannim
1170 3358 1172 3367 ,

61 3414 69 3439 ¹·
112 3407 310 3480 coniecisset,
338 3410 600 3472 exterminandum
620 3411 730 3472 axilla
749 3410 825 3470 urbe
849 3410 976 3475 curavit.¹
1016 3411 1077 3485 Quo
1092 3404 1124 3466 do
1170 3410 1172 3449 ¹
