2356 3854
357 164 363 173 ’
401 171 598 237 caes-a.
619 115 790 273 §.na-ro.
943 123 947 128 ⁵
1051 121 1140 267 415¹w

80 332 130 386 set
150 323 181 385 in
203 340 236 384 re
257 321 385 399 publico·
400 320 559 397 cogitavit,
587 321 643 380 sed
663 321 739 396 quid
762 323 863 383 iacere
882 322 950 400 ipse
972 327 1112 391 deberem

78 408 193 469 deinde
206 423 225 466 a
240 405 338 479 vobis,
355 403 647 481 patreseonseripti,
663 412 743 478 peto,
756 414 798 481 ut,
811 406 902 467 etiam
917 409 943 468 si
960 411 1048 486 sequi
1059 412 1112 472 mi-

78 507 141 551 nus
163 490 313 549 audebitis
334 489 502 549 oradouem
525 496 617 562 atque
632 487 840 547 auctoritatam
854 494 1114 570 meamnenigne

78 590 130 634 me
144 583 252 647 tamen,
268 582 302 632 ut
315 572 415 632 adhue
430 570 555 643 fecistis,
571 569 719 641 audiatis.¹

145 655 194 717 16.
221 657 352 715 Primum
370 655 463 730 igitur
480 663 548 715 aeta
568 652 709 714 Caesaris
728 654 882 713 servanda
902 670 1031 732 censeo,
1051 678 1112 727 non

79 756 144 814 quo
162 740 287 814 probem
303 772 342 784 -—
358 738 428 814 quis
443 736 523 798 anim
537 738 568 795 id
583 735 707 811 quidem
721 743 843 812 potesta
855 768 893 783 -
908 739 965 798 sed
982 741 1053 815 quia
1065 760 1113 804 ra-

79 825 193 884 tionem
208 823 380 885 habendam
393 820 525 880 maxime
534 820 666 899 arbitror
683 819 768 894 panis
783 828 874 894 atque
896 819 964 881 ocii.
994 825 1113 886 Vellem

81 907 208 972 adesset
219 904 489 977 Antoniuqmodo
505 904 572 964 sine
587 901 755 987 advocatis.
776 901 849 974 Sed,
862 911 897 963 ut
911 902 1029 979 opinor,
1043 907 1115 969 lieet

80 991 112 1048 ei
123 987 224 1049 minus
238 990 351 1060 valere,
366 987 451 1061 quod
463 985 537 1046 mihi
553 984 617 1046 irari
631 999 686 1060 per
702 984 785 1045 ilium
795 1001 856 1045 non
873 985 964 1046 licuit.
984 988 1116 1051 Doceret

81 1088 131 1131 me
146 1073 196 1132 vei
211 1071 313 1146 potius
330 1086 404 1140 vos,
423 1078 524 1145 patres
537 1066 716 1145 conscripti,
738 1084 827 1142 quom
849 1071 887 1128 ad
909 1070 1032 1130 modum
1046 1071 1114 1147 ipse

79 1153 223 1216 caesaris
238 1159 305 1211 anta
320 1153 505 1213 defenderet.
541 1155 588 1211 An
603 1154 632 1210 in
650 1151 904 1211 commentariolis
919 1160 949 1214 et
963 1153 1110 1228 ehirogra-

81 1238 152 1312 phis
176 1243 206 1294 et
226 1234 335 1294 libeliis
356 1250 390 1294 se
403 1251 466 1295 nno
486 1243 609 1295 auctore
625 1234 823 1309 prolatis,=ne
840 1235 967 1311 prolatis
979 1237 1113 1312 quidem,

70 1321 140 1395 ¹sed
156 1327 270 1379 tantum
286 1319 377 1378 modo
393 1316 481 1378 dietis
499 1325 565 1377 aeta
580 1317 719 1386 &esuris
734 1317 821 1379 firma
840 1329 943 1380 erunt=
966 1336 1044 1395 quae
1064 1320 1114 1381 iiie

79 1401 112 1462 in
133 1416 189 1461 aes
211 1400 329 1474 incidit,
346 1401 378 1461 in
399 1414 459 1476 quo
480 1401 587 1476 popuii
601 1399 687 1461 iussa
699 1409 927 1477 perpetuasque
941 1404 1026 1477 teges
1043 1418 1114 1480 esse

79 1485 191 1557 voluit,
210 1500 265 1559 pro
280 1482 373 1544 nihilo
386 1484 595 1545 habebuntur?
611 1480 661 1545 rt.
675 1484 825 1559 Equidem
839 1485 886 1544 sio
901 1485 1052 1562 existimo,
1069 1487 1113 1547 ni-

81 1564 121 1629 hii
133 1577 199 1629 tam
216 1583 287 1634 esse
303 1567 333 1626 in
348 1569 424 1628 antis
441 1567 579 1628 Caesaris
597 1583 690 1640 quam
706 1569 790 1642 leges
808 1567 957 1641 Caesaris.
1000 1572 1064 1642 An,
1088 1571 1114 1632 si

80 1654 131 1714 cui
153 1650 225 1727 quid
247 1649 298 1709 iile
316 1649 467 1726 promisit,
487 1652 518 1710 id
533 1650 589 1711 erit
604 1650 715 1723 fixum,
736 1652 820 1726 qnod
840 1649 921 1711 idem
936 1655 1114 1714 nonfacere

78 1734 205 1810 potuita
224 1741 258 1793 ut
279 1733 379 1793 multis
401 1735 495 1793 muita
515 1733 667 1807 promissa
683 1749 744 1793 non
769 1732 849 1793 iecit.
898 1733 981 1808 Quae
1011 1743 1113 1796 tamen

74 1819 177 1879 multo
192 1818 280 1892 pinna
299 1815 350 1875 iiio
364 1825 485 1876 mortno
505 1824 627 1890 reperta
645 1823 716 1875 snnt
735 1830 827 1889 quam
848 1817 951 1876 avivo
963 1817 1114 1880 beneficia

70 1913 137 1977 per
160 1915 267 1961 omnes
285 1913 383 1959 annos
405 1895 516 1959 tributa
529 1899 658 1959 etdata.
707 1897 769 1958 Sed
791 1913 828 1959 ea
845 1915 909 1960 non
931 1909 1030 1975 muto,
1051 1920 1112 1963 oon

70 1998 208 2046 moveo:
236 1998 355 2042 summo
368 1982 461 2042 >etiam
481 1980 581 2042 studio
602 1981 862 2057 itliuspraeoiara
883 1977 951 2044 anta
972 1985 1114 2047 defendo.

70 2064 213 2129 Pecunia
232 2066 346 2126 utinam
367 2066 407 2125 ad
417 2064 495 2140 apis
512 2073 666 2126 maneret!
686 2075 811 2126 eruenta
834 2066 885 2126 iila
901 2068 1037 2142 quidem,
1059 2069 1114 2128 sed

70 2148 127 2215 his
146 2147 353 2224 temporibus,
376 2148 519 2224 quoniam
534 2148 586 2221 iis,
602 2164 733 2224 quorum
745 2158 809 2223 est,
823 2165 885 2210 non
898 2152 1047 2222 redditur,
1060 2167 1114 2210 ne·

70 2232 229 2296 cessaria.
284 2232 473 2308 Quamquam
494 2241 675 2308 ea‘quoque
694 2233 736 2294 sit
752 2234 866 2304 eiiusa,
891 2233 919 2293 si
938 2233 1023 2292 itain
1039 2234 1115 2293 antis

70 2317 147 2378 ruit.
192 2313 241 2376 18.
261 2316 382 2391 nunquid
400 2323 451 2377 est¹
469 2319 557 2391 quod
582 2324 645 2376 tam
667 2316 791 2392 proprie
812 2315 872 2375 dini
896 2314 995 2389 possit
1015 2323 1114 2376 aetum
1139 2370 1144 2379 .

70 2403 158 2472 eius,
177 2397 230 2473 qui
244 2407 364 2474 togatus
376 2399 406 2458 in
420 2399 586 2475 republica
601 2414 669 2481 aum
679 2406 832 2474 potestate
843 2396 1035 2472 imperioque
1048 2415 1114 2459 ver·
1128 2450 1131 2456 .

70 2492 169 2546 satus
185 2481 232 2554 sit,
249 2498 338 2556 quarn
350 2484 421 2541 texe
438 2482 555 2555 Quaere
572 2491 640 2542 anta
654 2481 797 2542 Grannum
813 2482 899 2554 {eges
913 2480 1114 2557 Semproniae

70 2564 282 2644 proferentur.
319 2563 437 2638 Quaere
452 2564 568 2625 Suitne:
585 2567 750 2626 comeliae.
795 2563 897 2638 Quid?
910 2562 963 2623 cn.
976 2565 1114 2641 rampart

70 2650 188 2714 tertius
200 2649 377 2708 consulatus
389 2646 420 2706 in
436 2649 546 2721 quinus
562 2648 637 2708 notis
652 2648 805 2709 constitae
818 2664 928 2722 nempe
943 2647 973 2708 in
984 2649 1114 2724 iegibus.

70 2735 126 2795 De
142 2731 274 2791 Caesare
289 2730 359 2805 ipso
375 2728 402 2790 si
418 2745 582 2803 quaereres
603 2731 747 2804 quidnam
768 2731 883 2806 egisset
902 2732 931 2790 in
944 2732 1021 2792 urbe
1042 2740 1072 2790 et
1083 2731 1114 2789 in

72 2827 163 2891 toga,
181 2816 265 2889 tegas
282 2814 394 2873 multas
408 2813 612 2887 responderat
629 2829 664 2873 sa
680 2819 710 2873 et
720 2816 896 2890 praeclaras
913 2814 1036 2886 tulisse,
1052 2812 1113 2872 ehi-

71 2897 236 2973 rographa
257 2912 330 2970 vero
353 2905 406 2957 ant
428 2903 556 2955 mutaret
576 2904 628 2957 aut
646 2911 706 2955 non
721 2897 811 2956 daret
835 2904 901 2967 aut,
922 2896 951 2955 si
968 2895 1114 2967 dedisset,

73 2999 144 3044 non
164 2979 240 3041 istas
262 2996 313 3040 res
334 2977 364 3039 in
387 2978 463 3040 aatis
482 2977 549 3038 suis
568 2978 702 3038 danem.
752 2976 815 3038 Sed
829 2994 867 3037 ea
875 2977 948 3052 ipsa
959 2977 1116 3044 conredo:

76 3063 269 3142 quibusdam
283 3061 372 3122 etiam
384 3061 415 3121 in
429 3061 523 3122 rebus
538 3060 703 3135 conniveo,
723 3058 755 3120 in
763 3058 907 3119 maximis
924 3073 996 3121 vero
1012 3060 1115 3134 rebus,

74 3149 111 3209 id
139 3155 187 3206 est
208 3145 344 3222 legibus,
366 3153 434 3206 aeta
457 3143 596 3204 Caesaris
618 3143 746 3204 dissolvi
764 3138 921 3203 serendum
945 3158 1007 3204 non
1031 3151 1114 3219 puto.

75 3231 163 3301 vill,
182 3228 232 3290 19.
257 3229 340 3302 Quae
361 3229 411 3289 lex
424 3225 545 3299 melior,
566 3226 683 3301 utilior,
703 3226 816 3303 optima
831 3226 928 3286 etiam
940 3222 1114 3304 republica
1139 3227 1145 3236 '

77 3311 210 3387 saepius
233 3311 368 3387 flagitata
386 3327 477 3386 quam
497 3324 536 3370 na
556 3309 728 3386 praetoriae
748 3307 923 3393 provinciae
940 3312 1008 3387 plus
1023 3327 1113 3386 quam

79 3412 197 3458 annum
220 3411 299 3456 neve
320 3397 389 3470 pins
410 3409 500 3470 quam
519 3391 674 3455 biennimn
693 3392 872 3457 consulares
887 3393 1116 3458 obtinerenturt
