2356 3854
116 161 179 226 ast
411 161 485 220 rao
500 161 532 219 a.
548 161 681 222 susara
699 160 851 221 cauato.
941 242 945 249 Ι

113 328 211 386 raquo
223 309 385 371 coniuncta
395 319 486 384 atque
497 280 682 385 communia,
697 313 757 372 boc
770 328 861 372 unum
872 312 969 372 habet
978 311 1134 388 proprian,

114 404 147 455 ut
160 411 200 453 ex
215 394 288 452 urbe
302 393 466 467 expulerit,
482 394 636 468 relegarit,
655 411 716 455 non
732 395 801 456 dico
817 393 953 468 equitem
964 396 1132 469 Romanum,

25 543 29 555 ¹
113 494 175 538 non
193 475 414 536 ornatissimum
431 485 522 551 atque
542 477 688 552 optimum
704 476 817 550 virum,
839 493 901 537 non
923 476 1131 540 amicissimum

111 560 156 619 rei
178 559 316 634 publicae
337 559 450 630 civem,
475 577 534 618 non
554 561 605 620 illo
626 561 696 634 ipso
712 569 850 635 tempore
865 576 929 619 una
944 576 1017 621 curn
1037 570 1131 625 semla

113 651 143 703 et
154 658 223 703 cum
234 642 324 702 bonis
336 642 475 702 omnibus
488 659 592 703 casum
604 643 692 702 amici
706 642 813 717 reique
824 643 968 718 publicae
979 645 1128 719 lugentem,

39 780 43 793 ,
113 726 169 785 sed
184 724 281 786 civem
292 728 461 785 Romanum
476 726 541 784 sine
554 728 617 786 ullo
627 725 741 786 iudicio
752 725 852 787 edicto
867 742 908 785 ex
923 726 1027 801 patria
1037 726 1128 789 coatd

113 807 244 868 eiecerit.
289 807 340 870 30.
360 808 438 868 Nilril
458 809 596 868 acerbius
617 808 693 869 socii
715 816 745 869 et
756 808 854 869 Latini
872 809 954 869 ferre
975 809 1059 871 soliti
1072 817 1129 870 sual

113 909 203 967 quam
220 908 281 964 se,
292 891 324 951 id
340 892 423 967 quod
441 909 566 966 perraro
587 891 711 965 accidit,
736 909 777 951 ex
796 893 872 952 urbe
891 890 981 952 exire
998 909 1018 952 a
1035 892 1127 953 consu

111 974 191 1035 libus
210 974 316 1035 iuberi.
358 976 458 1050 Atque
478 974 537 1035 illis
555 983 619 1035 crat
637 984 699 1036 tum
718 973 834 1035 reditus
852 976 883 1034 iu
898 991 977 1035 suas
994 974 1124 1047 civitates,

112 1059 152 1119 ad
167 1074 242 1119 suos
251 1059 346 1119 Lares
360 1056 523 1117 familiares
538 1065 568 1118 et
576 1057 608 1117 in
622 1057 674 1117 illo
688 1057 840 1118 communi
851 1058 1052 1119 incommodo
1062 1058 1126 1119 uult

110 1141 142 1202 in
163 1156 346 1216 quemquam
366 1137 490 1214 propria
510 1139 674 1215 ignominia
695 1140 870 1201 nominatim
892 1141 1037 1201 cadebat.
1073 1142 1123 1201 liat

112 1240 185 1284 vcro
209 1225 282 1297 quid
304 1229 371 1283 est?
397 1223 607 1284 exterminabit
630 1224 714 1283 cives
730 1225 888 1284 Romanos
908 1223 1016 1285 edicto
1037 1222 1123 1285 comat

112 1324 130 1366 a
147 1306 211 1366 suis
226 1305 274 1364 dis
290 1305 471 1380 penatibus?
485 1308 618 1380 expellet
628 1320 668 1366 ex
681 1308 798 1381 patria?
812 1307 926 1387 deliget
937 1324 1033 1382 quern
1043 1308 1126 1368 valctt

113 1388 266 1448 damnabit
280 1397 372 1463 atquc
387 1387 486 1448 eiiciet
496 1389 692 1449 nominatim?
718 1389 788 1460 Hic,
807 1390 834 1449 si
848 1407 997 1465 umquam
1008 1406 1064 1450 vos
1074 1404 1125 1459 cot,

113 1472 164 1547 qui
180 1487 261 1532 nuuc
276 1471 365 1542 estis,
387 1470 419 1531 in
433 1487 467 1530 re
482 1472 603 1545 publica
617 1472 682 1532 lore
696 1480 850 1547 putasset,
875 1472 901 1532 si
918 1472 1054 1548 denique
1067 1472 1126 1531 ime

112 1555 212 1630 ginem
227 1553 407 1616 iudiciorum
422 1562 473 1614 aut
487 1555 678 1615 simulacrum
693 1555 819 1629 aliquod
833 1557 966 1616 futuram
979 1555 1012 1616 in
1024 1555 1127 1635 cirtatp

110 1638 261 1714 reliquum
282 1637 476 1708 credidisset,
501 1655 643 1713 umquam
664 1654 758 1698 ausus
780 1647 864 1699 esset
886 1647 1030 1699 senatum
1050 1639 1087 1698 de
1101 1650 1128 1695 rc

111 1721 233 1797 publica
252 1722 372 1794 tollere,
398 1720 531 1796 equitum
545 1722 751 1782 Romanorum
774 1738 883 1795 preces
900 1720 1077 1796 aspernari,
1096 1718 1126 1779 ci·

112 1802 193 1867 vium
213 1804 347 1881 denique
363 1805 493 1865 omnium
509 1804 598 1864 novis
620 1813 650 1865 et
669 1804 814 1865 inauditis
829 1804 938 1865 edictis
953 1804 1007 1867 ius
1024 1804 1128 1865 libata·

111 1896 233 1964 temque
244 1895 440 1963 perverteret
466 1886 517 1949 al.
531 1886 598 1948 Etsi
608 1904 657 1947 me
667 1886 875 1949 attentissimis
888 1887 1011 1961 animis,
1027 1899 1128 1949 aarum

112 1988 179 2032 cum
198 1971 383 2046 benignitate
402 1971 528 2042 auditis,
551 1969 683 2041 iudices,
708 1978 808 2030 tamen
821 1986 934 2031 vereor
951 1987 993 2031 ne
1009 1970 1076 2046 quis
1087 1982 1126 2027 re

112 2063 206 2113 strum
221 2055 299 2114 torte
320 2055 442 2113 miretur
456 2053 531 2131 quid
545 2054 620 2112 baec
635 2069 702 2112 mea
717 2053 813 2114 oratio
830 2061 892 2112 tam
907 2055 1005 2130 longa
1018 2061 1070 2115 aul
1080 2060 1126 2112 aa

111 2137 170 2196 alte
189 2138 317 2211 repetita
338 2136 409 2196 velit
428 2145 479 2197 aut
495 2137 569 2211 quid
589 2137 629 2196 ad
642 2137 673 2195 P.
691 2135 783 2197 Sestii
798 2152 923 2196 causam
941 2153 1064 2210 eorum,
1087 2128 1127 2208 qui
1171 2186 1172 2193 ,

111 2229 180 2281 ante
200 2219 290 2281 huius
309 2219 491 2280 tribunatum
507 2236 571 2278 rem
590 2218 741 2292 publicam
755 2227 921 2290 vexarunt,
947 2219 1062 2280 delicta
1074 2232 1125 2292 par
1171 2268 1172 2277 ,

110 2303 232 2366 tineent
272 2301 346 2363 ltilu
364 2311 464 2364 autern
484 2302 543 2362 boc
565 2301 756 2376 propositum
770 2311 833 2375 est,
859 2304 1028 2365 ostendere
1042 2298 1126 2363 omnia
1169 2303 1172 2345 ἴ

112 2386 238 2447 consilia
256 2387 288 2445 P.
307 2385 399 2447 Sestii
415 2393 606 2459 mentemque
627 2384 719 2446 totius
742 2384 913 2445 tribunatus
934 2385 1017 2445 banc
1039 2385 1126 2453 laissa
1165 2404 1172 2441 l

112 2477 144 2527 ut
163 2467 303 2530 adflictae
323 2478 354 2528 et
376 2468 511 2545 perditae
531 2467 576 2528 rei
598 2469 736 2542 publicae
753 2476 899 2550 quantum
915 2479 1030 2542 posset
1042 2467 1125 2528 mede
1169 2486 1172 2525 r

110 2558 203 2615 retur.
228 2556 275 2612 Ac
289 2551 315 2611 si
330 2552 361 2610 in
376 2552 568 2626 exponendis
585 2550 761 2611 vulneribus
776 2550 836 2612 illis
851 2552 890 2611 de
904 2567 953 2611 me
968 2551 1043 2626 ipso
1057 2551 1127 2626 plata

112 2635 213 2695 dicere
227 2634 371 2705 videbor,
386 2635 582 2709 ignoscitote!
613 2634 688 2692 Nem
701 2642 731 2693 et
741 2633 822 2693 illam
837 2650 937 2693 meam
951 2635 1070 2695 cladem
1083 2636 1141 2691 rot'
1170 2644 1172 2649 ·

111 2725 140 2778 et
155 2734 260 2777 omnes
277 2715 350 2776 boni
364 2716 527 2778 maximum
541 2733 614 2777 csse
627 2716 672 2776 rei
686 2716 827 2790 publicae
852 2718 966 2777 vulnus
984 2711 1127 2778 indirecta
1168 2729 1172 2739 “

110 2809 141 2861 et
152 2801 184 2859 Ρ.
200 2800 319 2861 Sestius
336 2807 384 2859 est
399 2816 472 2859 reus
486 2817 546 2860 non
563 2817 635 2872 suo,
659 2800 715 2859 sed
732 2815 801 2860 meo
816 2799 956 2873 nomine,
981 2800 1037 2875 qui
1052 2810 1127 2874 quun
1169 2809 1172 2848 2

111 2901 230 2945 omnem
244 2883 304 2943 vim
326 2882 374 2942 sui
388 2882 556 2944 tribunatus
578 2882 609 2942 in
630 2898 698 2943 mea
712 2883 810 2942 salute
824 2883 1069 2960 consumpserit,
1087 2892 1141 2939 ne·

111 2983 200 3028 cesse
215 2976 263 3032 cst
276 2980 374 3026 meam
391 2983 515 3027 causam
528 2964 684 3042 praeteriti
698 2964 843 3039 temporis
863 2982 933 3026 curn
946 2965 1043 3027 buius
1056 2976 1124 3040 prta

112 3052 189 3112 senti
204 3051 384 3112 defensione
398 3066 469 3110 esse
486 3049 686 3110 coniunctam.
977 3044 981 3053 '

169 3183 174 3194 .
192 3134 270 3193 XlV.
285 3133 336 3194 32.
359 3133 430 3193 Erat
444 3132 534 3208 igitur
546 3132 577 3192 in
598 3133 681 3191 luctu
696 3138 835 3190 senatus:
858 3131 1023 3205 squalebat
1035 3129 1129 3193 civitat

110 3211 232 3283 publico
254 3215 384 3277 consilio
405 3224 491 3276 veste
515 3221 641 3276 mutata:
667 3214 782 3275 nullum
804 3221 868 3273 crat
889 3214 998 3275 ltaliae
1017 3209 1129 3276 manici

111 3291 209 3365 pium,
223 3299 305 3356 nulla
319 3298 454 3373 colonia,
469 3300 551 3359 nulla
568 3297 769 3372 praefectura,
784 3297 866 3356 nulla
876 3297 994 3359 Romae
1009 3296 1129 3359 scaea

105 3373 316 3450 ‚vectigalium
337 3381 451 3441 nullum
465 3380 625 3454 collegium
640 3387 693 3440 aut
707 3379 868 3439 concilium
882 3389 937 3441 aul
951 3380 1074 3443 omniuo
1087 3375 1129 3437 ali·
