2356 3854
362 188 591 252 onear-to.
614 197 790 256 §.oo-oo.
1032 196 1095 262 tat

62 341 190 410 ducem,
211 338 405 398 defensorem
420 339 525 398 salutis
541 356 626 399 meae
641 374 682 384 -
705 358 773 400 nam
784 341 868 402 baec
884 342 1022 417 privatim
1037 345 1098 405 lor·

63 430 150 487 tasse
172 420 342 482 officiorum
356 420 531 482 memoriam
546 431 576 482 et
589 423 714 495 gratiam
730 433 879 499 quaerunt
895 459 946 498 -,
967 426 1024 485 sed
1038 427 1098 488 boc

63 505 152 578 dico,
174 504 258 579 quod
278 505 467 566 adsalutem
489 506 689 579 reipublicae
710 507 851 580 pertinet:
874 524 931 583 ego
950 525 1018 568 eum
1036 527 1098 570 non

62 596 161 660 tuear,
175 602 267 663 quem
279 602 385 648 omnes
400 587 431 647 in
451 603 486 647 re
500 587 623 664 publica
640 588 806 662 principem
822 606 892 649 esse
907 594 1099 653 concedunt?

61 672 130 748 Ego
152 671 182 731 0.
206 670 344 731 Caesaris
365 670 505 731 laudibus
527 671 638 744 desim,
665 688 742 746 quas
764 673 893 746 primum
913 674 1019 748 populi
1038 678 1098 737 Ro

61 754 155 828 meni,
167 770 248 815 nunc
263 752 352 813 etiam
366 761 499 827 senatus,
519 754 567 815 cui
583 770 631 814 me
646 770 768 829 semper
778 754 891 828 addixi,
906 757 1043 829 plurimis
1055 766 1099 819 at-

66 854 131 915 que
146 835 343 912 amplissimis
358 835 479 897 iudiciis
493 838 613 898 videam
628 854 699 898 esse
716 838 907 897 celebratas?
943 840 1017 899 Tum
1032 841 1099 900 ber-

63 922 134 983 cule
150 927 199 979 mc¹
213 919 360 981 confitear
380 935 441 978 non
456 919 598 981 iudicium
621 921 745 995 aliquod
760 920 906 981 habuisse
922 922 960 979 de
974 924 1099 983 utilitate

62 1003 274 1080 reipublicae,
288 1003 345 1062 sed
359 1003 531 1063 hominibus
547 1003 675 1064 amicum
690 1011 742 1063 aut
755 1003 907 1063 inimicum
921 1004 1026 1064 luisse.
1047 1005 1098 1065 94.

62 1090 128 1160 An,
153 1102 245 1163 quum
268 1084 386 1145 videam
408 1102 516 1146 navem
533 1087 677 1147 secundis
700 1087 797 1146 ventis
814 1103 935 1146 cursum
950 1094 1101 1148 tenentem

63 1186 174 1243 saum,
194 1169 222 1230 ai
241 1185 303 1229 non
318 1185 386 1228 eum
401 1177 484 1243 petat
498 1178 634 1245 portum,
658 1186 748 1245 quem
770 1186 827 1244 ego
849 1170 1015 1245 aliquando
1030 1187 1099 1244 pro-

62 1253 149 1326 bavi,
164 1251 322 1313 sedatium
335 1269 396 1312 non
408 1253 506 1312 minus
517 1261 612 1314 tutum
624 1260 715 1327 atque
727 1253 927 1326 tranquillum,
946 1269 1016 1313 eum
1027 1261 1100 1313 tem·

67 1343 191 1412 pestate
203 1351 337 1411 pugnem
351 1333 523 1411 periculose
540 1336 641 1412 potius
654 1353 743 1411 quam
754 1336 796 1395 illi
813 1322 910 1397 salute
921 1339 1101 1411 praesertim

64 1419 227 1495 proposita
241 1420 447 1494 obtemperem
460 1427 489 1479 et
501 1427 645 1492 paream?
658 1420 723 1494 Ego
735 1436 808 1481 vero
823 1420 899 1480 haec
911 1420 1011 1491 didici,
1024 1420 1100 1479 haec

64 1502 138 1573 vidi,
148 1502 224 1562 baec
233 1498 347 1577 scripta
354 1501 510 1577 legi=haec
518 1504 556 1563 de
564 1501 798 1579 sapientissimis
805 1502 1020 1564 etclarissimis
1027 1502 1100 1562 viris

66 1586 133 1647 etin
141 1585 201 1645 bac
207 1601 240 1643 re
247 1584 371 1660 publica
386 1593 417 1644 et
428 1585 457 1644 in
466 1585 532 1646 aliis
540 1585 710 1646 civitatibus
718 1594 917 1659 monumenta
928 1587 1016 1645 nobis
1024 1587 1100 1645 litte·

66 1683 117 1729 rae
131 1666 343 1743 prodiderunt,
362 1685 423 1728 non
445 1684 567 1742 semper
581 1670 705 1730 easdem
727 1668 892 1728 sententias
914 1669 953 1728 ab
972 1666 1098 1738 eisdem,

10 1806 14 1815 .
67 1754 122 1813 ted
145 1766 358 1826 quascumque
384 1750 588 1824 reipublicae
609 1758 722 1819 status,
745 1751 898 1810 inclinatio
920 1757 1100 1823 temporum,

15 1902 19 1907 ,
65 1835 144 1897 ndo
159 1834 344 1895 concordiae
359 1836 534 1908 postularet,
551 1850 621 1893 esse
639 1833 792 1893 defensas.
835 1832 922 1905 Quod
938 1847 995 1904 ego
1014 1839 1044 1890 et
1058 1832 1101 1888 ia-

11 1986 14 1991 ,
67 1919 131 1992 do,
153 1917 346 1988 Laterensis,
369 1924 399 1975 et
414 1932 535 1990 semper
550 1917 672 1988 taciem,
687 1915 932 1988 libertatemque,
957 1929 1047 1988 quam
1069 1919 1102 1972 tu

10 2036 16 2067 :
64 1996 1101 2075 inmerequiris‚quamegonequedimisiumqnamnequedimittam,

62 2098 126 2163 tton
139 2084 173 2144 in
186 2083 365 2158 pertinacia,
377 2083 433 2142 sed
445 2083 474 2141 in
488 2084 618 2156 quadam
625 2082 832 2142 moderatione
840 2081 970 2156 positam
979 2080 1100 2154 putabo.

113 2168 181 2229 XL.
194 2163 245 2227 95.
257 2168 343 2226 Nunc
355 2165 443 2226 venio
456 2167 495 2225 ad
510 2166 583 2224 illud
599 2173 776 2238 extremum,
790 2165 820 2223 in
834 2181 895 2240 quo
907 2163 1018 2234 dixisti,
1027 2166 1102 2222 'dum

56 2252 190 2315 nanee
209 2254 241 2310 in
264 2267 310 2310 mc
324 2253 459 2310 meritum
474 2250 567 2309 verbis
580 2253 770 2322 extollerem,
790 2265 836 2309 me
852 2264 953 2309 arcem
964 2247 1103 2319 faceree

55 2340 174 2399 cloaca
192 2334 379 2408 lapidemque
403 2351 421 2393 e
444 2337 579 2408 sepulcro
596 2337 736 2393 venerari
743 2348 802 2408 pro
816 2335 891 2392 deo:
918 2346 1012 2404 neque
1025 2331 1103 2388 enim

54 2420 142 2481 ’affl
153 2418 334 2478 auidiorem
342 2421 511 2491 perieulum
527 2419 620 2476 ullum
634 2433 727 2490 aeque
745 2418 845 2475 morta
862 2415 966 2487 fuisse.
1011 2410 1102 2471 Cuius

56 2519 126 2579 ego
144 2499 291 2575 temporis
305 2499 452 2559 rationem
469 2499 629 2574 explicabo
644 2498 729 2558 brevi
744 2513 844 2573 neque
858 2498 980 2556 invitus.
1024 2495 1103 2553 Nihil

56 2584 150 2648 enim
167 2590 269 2643 estex
281 2581 358 2642 meis
373 2582 569 2656 temporibus,
585 2582 779 2657 quodminus
795 2588 991 2656 pervagatum
1006 2577 1103 2652 qnod-

57 2684 130 2747 que
145 2665 247 2726 minus
263 2672 315 2725 aut
333 2681 400 2724 mea
418 2667 702 2725 commemoratione
724 2666 906 2725 celebratum
926 2664 965 2722 sit
985 2670 1036 2721 aut
1048 2661 1103 2720 ho-

55 2750 203 2813 minibus
218 2747 352 2809 anditum
369 2756 461 2822 atque
475 2756 587 2807 notum.
614 2749 678 2822 Ego
694 2748 782 2821 enim,
799 2748 979 2818 Laterensis
994 2762 1034 2804 ex
1052 2743 1103 2801 illo

58 2833 215 2897 incendio
232 2834 349 2907 legum,
372 2830 461 2902 iuris,
484 2838 624 2902 senatus,
651 2832 801 2891 bonorum
823 2830 954 2890 omnium
979 2826 1103 2898 cedens,

62 2912 170 2995 quum
191 2931 260 2975 mea
281 2915 389 2975 domus
405 2914 515 2974 ardore
530 2930 586 2973 suo
602 2911 849 2986 deflagrationem
865 2911 931 2972 urbi
945 2917 1037 2983 atque
1047 2908 1105 2966 Ita·

60 2998 191 3064 iiaetoti
202 3000 374 3070 minaretur,
383 2997 442 3057 nisi
454 2995 649 3070 quievissem,
659 2995 790 3055 Siciliam
803 2995 895 3070 petivi
903 2992 1013 3062 animo,
1026 3004 1106 3062 quae

61 3095 97 3147 et
113 3085 188 3159 ipsa
202 3090 267 3142 emt
281 3081 352 3140 mihi
367 3080 446 3140 sicut
460 3081 569 3139 domus
584 3095 646 3137 una
659 3077 820 3139 coniuncta
840 3084 870 3135 et
885 3073 1074 3134 obtinebatur
1087 3088 1107 3131 a

61 3170 97 3231 (l.
110 3165 267 3240 Vergilio,
284 3179 414 3239 quocum
430 3178 478 3220 me
493 3177 554 3221 uno
574 3162 623 3220 vel
638 3161 767 3220 maxime
783 3176 877 3233 quum
890 3163 1027 3215 vetustas
1044 3164 1106 3216 tum

61 3248 218 3322 amicitia,
246 3264 339 3323 quum
367 3247 426 3305 mei
447 3245 546 3304 fratris
562 3244 690 3317 collegia
709 3251 771 3303 turn
792 3245 836 3302 rei
858 3239 997 3316 publicae
1012 3254 1107 3298 causa

64 3332 216 3396 soeiarat
236 3329 288 3391 96.
302 3332 383 3390 Vide
403 3345 483 3390 nunc
499 3327 656 3401 caliginem
670 3320 842 3400 temporum
852 3325 981 3384 illorum.
1008 3323 1106 3395 Quum

64 3418 141 3494 ipsa
156 3415 366 3490 paeneinsula
380 3412 452 3474 milri
467 3427 538 3473 sese
553 3410 672 3470 obviam
690 3409 769 3469 ferre
792 3411 890 3480 veltet,
910 3416 1032 3481 praetor
1044 3403 1105 3476 ille,
