2356 3854
82 214 128 280 Ἄ)
309 211 347 270 ΙΝ
362 210 393 301 0.
410 209 571 270 VERREM
584 211 667 269 Act.
683 211 718 269 11.
733 211 806 270 LlB.
821 211 872 269 lV.
947 296 950 301 .

82 360 311 439 diligentissime
328 360 461 435 perfetta
478 367 654 434 argumenta
671 367 755 420 erant
775 359 806 419 in
820 359 932 420 valvis=
952 375 989 419 ea
1006 360 1081 420 dara·

83 444 183 507 banda
201 442 318 504 curavit
339 442 449 504 omnia.
480 442 628 516 Gorgonis
649 458 685 503 os
709 442 956 518 pulcherrimum,
978 442 1083 503 cinctum

82 522 248 603 unguibus,
271 525 389 586 revellit
403 533 495 600 atque
510 524 646 586 abstulit:
668 517 699 585 et
717 534 813 585 tamen
828 525 974 585 indicavit
992 541 1024 585 se
1040 540 1084 585 non

82 610 180 672 solum
195 607 338 683 artifieio,
358 609 414 670 sed
428 609 517 668 etiam
532 607 635 684 preaio
653 617 843 683 quaestuque
857 608 937 668 aluei.
956 609 1027 668 Nam
1038 608 1085 668 bul·

83 694 127 753 las
141 707 251 769 aureas
267 707 372 752 omnes
391 707 430 751 ex
444 691 481 751 iis
495 691 608 763 valvis,
630 707 708 766 quae
723 700 807 751 erant
820 693 930 752 multae
945 699 1085 766 etgraves,

82 790 144 836 uon
167 773 314 836 dubitavit
332 775 466 834 auterre=
490 790 616 849 quarum
637 773 694 834 isle
710 790 770 834 non
786 790 879 848 opere
894 775 1087 843 delectabatur,
1122 786 1124 793 ·

83 858 141 920 sed
157 858 303 935 pondere.
332 859 437 931 ltaque
453 856 519 917 eius
532 855 614 917 modi
624 858 731 916 valvas
742 856 872 930 reliquit,
886 865 928 930 ut,
943 873 1021 930 quae
1034 857 1088 916 olin

82 940 124 1002 ad
145 943 312 1005 ornandum
333 942 476 1014 templum
498 948 582 999 erant
602 938 748 1012 maxime,
769 954 849 999 nune
864 947 978 1000 tuntum
992 940 1030 999 ad
1043 939 1088 998 elu-

83 1024 326 1086 delumbatae
340 1037 411 1082 esse
424 1022 593 1084 videantur.
626 1019 697 1082 125.
726 1022 861 1082 Etiamne
872 1022 1040 1096 gramineas
1051 1020 1088 1079 ba·

84 1118 150 1171 stas
172 1140 213 1153 —
232 1107 296 1166 vidi
317 1104 397 1169 enim
417 1121 474 1165 vos
488 1104 519 1163 in
534 1105 594 1165 boa
608 1104 743 1176 nomine,
769 1122 861 1179 quum
878 1105 965 1164 testis
985 1104 1088 1174 attera,

83 1189 278 1261 commoveri,
297 1188 379 1262 quod
401 1197 466 1247 erat
480 1187 546 1247 eius
563 1187 659 1260 modi,
680 1196 713 1247 ut
728 1189 821 1246 semel
839 1186 956 1246 vidisse
971 1187 1043 1247 satis
1055 1202 1089 1245 as·

84 1280 145 1332 seta
168 1269 324 1345 inquibus
343 1285 445 1344 neque
461 1286 553 1329 manu
570 1272 680 1330 laetum
698 1269 863 1343 quidquam
878 1284 979 1343 neque
1000 1267 1090 1345 pului-
1119 1264 1123 1286 ²

83 1354 158 1415 tudo
172 1356 236 1414 erat
249 1355 320 1425 ulla,
335 1353 391 1412 sed
402 1360 516 1411 tantum
531 1352 705 1426 magnitudo
722 1351 917 1424 incredibilis,
933 1353 972 1411 de
987 1349 1090 1426 quaml

83 1437 190 1498 audire
206 1434 282 1495 satis
298 1445 395 1508 esset,
417 1434 550 1511 nimium¹
562 1434 666 1494 videre
688 1434 859 1509 plusquam
875 1436 986 1495 semel=
1003 1434 1088 1494 etiam

84 1535 123 1580 ne
139 1518 172 1580 id
186 1517 379 1594 concupisti?
979 1566 985 1573 .

75 1646 81 1653 .
167 1601 257 1660 LVll.
288 1600 357 1662 126.
373 1600 463 1660 ‘Nam
489 1599 630 1675 Sappho,
657 1614 735 1674 quae
758 1600 876 1660 sublata
902 1600 942 1659 de
968 1595 1092 1676 prytanio

82 1691 146 1757 est,
168 1683 221 1744 dat
239 1682 291 1744 tibi
313 1684 423 1744 iustam
443 1683 688 1757 exeusationem,
707 1698 804 1758 prope
826 1691 859 1742 ut
879 1682 1094 1743 concedendam

82 1774 175 1843 atque
191 1766 412 1842 ignoscendum
426 1782 496 1826 esse
512 1766 658 1825 videatur.
696 1764 859 1825 Silanionis
874 1781 953 1839 opus
966 1773 1029 1825 tam
1041 1779 1095 1840 per·

84 1849 212 1929 lectum,
232 1859 292 1911 tam
314 1852 453 1926 elegans,
474 1858 535 1909 tam
555 1840 740 1909 elaboratum
763 1847 923 1924 quisquam
939 1847 1095 1908 nantoade
1118 1871 1122 1877 ·

83 1931 236 2008 privatus,
251 1933 307 1993 sed
321 1935 454 2008 popalus
470 1933 572 2006 potius
589 1932 715 1991 haberet
729 1948 819 2007 quam
839 1931 930 1992 homo
949 1928 1096 2006 elegantis·

83 2014 179 2076 simus
207 2025 299 2090 atque
325 2015 562 2088 eruditissimus,
586 2017 721 2074 verresr
749 2013 891 2074 Nimirum
918 2022 1026 2074 contra
1050 2007 1097 2073 diei

83 2097 156 2158 nibil
180 2107 292 2175 potest.
323 2098 464 2159 Nostrum
492 2097 571 2157 enim
598 2114 678 2157 unus
705 2098 835 2172 quisque
860 2097 911 2172 qui
936 2104 997 2157 tam
1021 2092 1098 2166 beati,

84 2197 176 2256 qaam
190 2180 247 2242 iste
262 2187 318 2254 est,
334 2196 395 2239 non
409 2196 529 2252 sumus,
551 2189 610 2240 tam
628 2180 748 2240 delicati
764 2196 834 2240 esse
851 2196 911 2240 non
929 2193 1097 2255 possumus:

84 2264 248 2339 siquando
264 2262 379 2339 aliquid
394 2262 482 2323 istius
497 2264 579 2324 modi
596 2262 699 2324 videre
713 2265 808 2336 volet,
824 2272 872 2323 eat
884 2263 922 2323 ad
939 2261 1100 2323 aedemle·

83 2346 218 2419 licitatis,
245 2347 284 2406 ad
309 2352 534 2407 monumentum
556 2344 666 2420 Catuli,
691 2348 719 2404 in
743 2345 892 2421 porticum
908 2345 1038 2406 Metelli=
1059 2344 1100 2404 det

84 2444 209 2503 operam
229 2438 262 2489 ut
275 2430 445 2490 admittatur
465 2428 494 2489 in
510 2429 637 2489 alieuius
658 2429 785 2489 istorum
800 2429 1021 2488 Tusculanum=
1041 2441 1099 2502 spe·

84 2519 144 2572 etet
158 2513 255 2572 forum
271 2520 418 2585 ornatum,
435 2512 547 2587 siquid
562 2512 620 2573 iste
635 2528 758 2573 suorum
773 2511 921 2571 aedilibus
935 2509 1100 2572 commoda·

51 2640 57 2661 ,
83 2592 136 2654 rit:
164 2596 278 2654 Verres
298 2595 375 2655 haee
392 2595 503 2656 habeat
523 2595 747 2669 doml,·Verres
765 2593 949 2654 ornamentis
971 2594 1099 2655 lanarum

82 2685 175 2751 atque
199 2677 383 2753 oppidorum
403 2677 514 2739 habeat
539 2680 659 2753 plenam
687 2680 826 2751 domum,
852 2677 941 2737 villas
960 2677 1099 2736 relertast

82 2758 219 2819 Etiamne
240 2760 329 2820 huius
352 2761 483 2834 operarii
505 2761 605 2821 studia
619 2777 654 2820 aa
672 2761 812 2834 delicias,
827 2760 960 2834 iudices,
976 2761 1098 2834 pertere-

82 2840 142 2902 ttsa
167 2843 218 2918 qui
239 2844 280 2904 ita
300 2850 404 2917 natus,
428 2844 470 2904 lta
493 2845 640 2904 educatus
659 2851 721 2917 est,
742 2843 783 2903 ita
800 2845 897 2902 laetus
919 2850 950 2902 et
965 2843 1063 2901 animo
1076 2844 1099 2897 et

48 2985 50 2988 ,
81 2938 227 3000 corpore,
248 2922 281 2987 u't
297 2927 389 2986 multo
404 2926 574 3001 appositior
588 2927 627 2987 ad
645 2927 770 2986 terenda
784 2942 873 3001 quam
890 2925 929 2984 ad
943 2921 1098 2985 auferenda

81 3004 169 3080 signa
183 3025 253 3070 esse
263 3008 409 3069 videatur.
442 3006 511 3071 127.
539 3012 641 3083 Atque
655 3009 730 3069 haee
743 3008 868 3084 Sappho
880 3007 1000 3068 sublata
1016 3020 1098 3083 quau·

82 3097 144 3148 tum
169 3091 353 3153 desiderium
377 3091 424 3153 sui
448 3092 603 3166 reliquerit
623 3091 684 3151 diei
704 3091 756 3151 vix
777 3099 887 3166 potest.
918 3091 994 3149 Nam
1017 3101 1098 3164 quum

81 3169 151 3246 ipsa
170 3173 224 3234 luit
244 3175 365 3250 egregie
388 3175 468 3236 laeta
487 3184 549 3250 tum
569 3175 753 3249 epigramma
776 3175 923 3238 Graecum
950 3169 1096 3248 pernobile

82 3253 210 3315 incisum
226 3266 272 3316 est
285 3259 314 3316 in
333 3257 415 3318 basi:
438 3259 520 3333 quod
541 3258 599 3318 iste
620 3258 755 3318 eruditas
775 3257 865 3318 bomo
887 3264 917 3316 et
931 3255 1096 3319 Graeculus,

83 3335 136 3411 qui
154 3337 235 3398 haea'
246 3341 392 3401 subtiliter
408 3341 536 3414 iudicat,
558 3340 610 3416 qui
626 3342 710 3402 solus
725 3340 875 3414 intelligit,
903 3337 929 3397 si
951 3355 1041 3398 unam
1059 3334 1097 3394 lit·

83 3427 177 3480 teram
202 3420 348 3481 Graecam
377 3422 508 3496 scisset,
536 3432 617 3482 certe
643 3439 704 3483 non
729 3423 857 3482 tulisset.
903 3422 990 3481 Nune
1017 3416 1096 3484 enim
