2356 3854
362 174 366 179 ·
404 158 509 221 unp.
528 170 551 221 ι.
573 165 714 225 §.r-a.
745 151 750 157 ’
1027 160 1103 223 aaa.

60 311 133 361 ensis
147 312 334 376 auspicaretur,
356 326 415 361 eum
427 320 513 360 contra
527 312 609 378 legem
625 311 738 362 cliecisse
759 319 787 362 ut
800 322 940 372 crearetur,
963 328 1020 364 cum
1034 313 1089 379 legs

60 381 152 430 ricinis
176 379 207 430 ds
223 380 355 431 sodaliciis
369 381 504 445 postulavit
522 390 546 431 et
564 381 736 445 subscriptore
753 382 783 432 L.
802 380 889 432 Cassio
905 383 973 447 apud
989 382 1016 435 G.
1035 383 1090 433 Pla·

60 464 112 498 'um
136 446 234 497 Aluum
259 456 414 513 praetorem,
443 465 518 513 quem
539 451 595 513 ipse
615 444 662 513 pro
687 450 820 512 facultate,
842 466 917 514 quam
935 451 978 501 lex
992 451 1090 501 Licinia

60 519 142 571 labat,
163 517 330 578 quaesitorem
348 518 439 568 iudicii
454 518 595 583 delegerat,
612 532 696 566 coram
712 518 837 567 indicibus
849 518 971 579 editiciis,
989 521 1016 570 in
1033 522 1089 582 qui·

60 601 99 636 rus
122 585 267 651 deligendis
282 586 337 650 ipse
352 600 454 649 qnoque
472 587 583 649 aliquam
599 593 697 650 partem
712 587 755 635 ille
772 586 829 651 lege
847 589 990 648 obtinebat,
1016 604 1089 638 accu-

61 657 126 708 avit.
167 655 323 717 Quamquam
345 653 392 704 Gn.
414 655 532 705 Plancius
553 669 602 704 non
626 656 692 705 omni
713 653 787 718 culpe
807 657 927 713 vacabat,
951 664 1034 707 tamen
1052 656 1087 708 Μ.

60 726 155 777 dicero.
173 724 242 786 quod
260 733 314 773 crat
330 725 357 773 in
374 725 490 774 discessu
504 739 550 773 suo
569 722 656 773 multis
672 723 802 773 beneflciis
814 738 831 772 s
842 723 886 776 (ln.
898 724 1000 776 Plancio
1011 741 1088 789 quaa·

60 804 120 843 tore
140 792 168 841 in
183 792 331 842 Macedouis
352 792 481 851 adlectus,
504 793 559 843 eius
583 807 686 843 causam
708 793 822 855 suscepit
843 800 869 841 et
886 802 956 843 tanta
974 802 1026 845 arte
1041 810 1088 859 pro

62 877 93 911 eo
111 860 183 911 solus
201 860 279 919 dixit,
302 871 331 909 ut
349 860 394 913 Cn.
411 862 527 911 Plancius
545 861 731 919 absolveretur,
756 860 884 910 Ciceronis
904 869 988 912 autern
1009 864 1088 912 oratio

60 930 169 979 ‚multis
187 936 361 994 expeteretur,
378 930 438 979 vide
456 929 581 980 Ciceronis
595 932 666 993 epist.
684 931 721 979 ad
734 928 763 991 Q.
776 928 887 991 tramam
902 928 947 982 lib.
963 932 985 983 1.
1004 946 1045 995 ep.
1060 933 1087 983 4.

60 1002 73 1053 i.
95 999 147 1060 11,
179 998 258 1058 Quam
276 1007 367 1063 postea
384 998 535 1065 conscripsit
552 1006 577 1049 et
594 998 683 1050 edidit.

113 1151 137 1208 1.
159 1148 187 1210 l.
212 1149 308 1223 Quum
332 1158 457 1225 propter
477 1148 629 1225 egregiam
653 1159 683 1211 et
697 1150 882 1225 singularem
897 1151 950 1211 Cn.
964 1147 1087 1226 Planci,

60 1233 184 1303 udices,
201 1233 232 1292 in
249 1250 317 1291 mea
329 1236 427 1293 salute
440 1234 641 1313 custodienda
651 1234 743 1294 fidem
754 1243 812 1294 am
824 1236 936 1296 munitos
947 1243 978 1296 et
986 1236 1088 1295 bonos

60 1316 138 1377 uiros
151 1318 218 1377 eius
233 1317 343 1377 honori
356 1318 490 1377 viderem
502 1333 573 1379 esse
585 1319 728 1388 lautiores,
744 1319 901 1393 capiebam
913 1319 1013 1379 animo
1025 1334 1087 1379 non

60 1400 236 1460 nediocrem
251 1403 452 1476 voluptatem,
475 1403 559 1477 quod
574 1403 660 1463 cuius
675 1403 808 1463 cilicium
824 1402 895 1462 mihi
910 1402 999 1464 saluti
1014 1404 1087 1463 iuis

60 1492 112 1558 ret,
142 1485 171 1542 ei
191 1500 328 1544 meorum
352 1492 522 1560 temporum
549 1488 725 1547 memoriam
750 1486 912 1561 suffragari
936 1487 1088 1547 videbam.

60 1567 149 1641 tuum
171 1574 272 1628 autem
288 1570 423 1629 audirem
439 1584 525 1630 meos
541 1569 649 1644 partim
665 1570 821 1641 inimicoS,
845 1572 951 1644 partim
965 1569 1087 1629 invidos

60 1653 121 1711 ruia
144 1652 333 1713 accusationi
348 1668 419 1712 esse
434 1654 569 1712 lautores
585 1654 786 1726 eamdemque
800 1668 865 1712 ram
880 1654 1086 1714 adversariam

60 1750 122 1795 asse
137 1734 167 1794 in
184 1735 297 1799 iudicio
310 1737 362 1795 Cn.
375 1736 508 1808 Plancio,
524 1753 603 1811 quae
618 1734 651 1795 in'
668 1736 812 1811 petitione
827 1735 936 1796 luisset
947 1737 1086 1810 adiutrix,

60 1818 207 1893 dolebam,
226 1819 360 1893 iudices,
377 1827 407 1878 ei
421 1819 531 1878 acerbe
550 1819 699 1892 ferebam,
717 1820 742 1878 si
760 1819 850 1878 huius
866 1821 951 1879 salus
968 1819 1008 1878 ob
1020 1834 1088 1878 eam

62 1919 149 1976 psam
171 1918 296 1964 causam
317 1909 401 1963 esset
421 1902 578 1977 in'iestior,
597 1902 680 1977 quod
699 1901 726 1961 is
742 1917 839 1961 meam
854 1903 983 1962 salutem
996 1909 1088 1977 atque

60 1988 143 2046 uitam
164 2004 221 2047 sua
239 1986 467 2061 benevolentia,
493 1985 647 2062 praesidio
670 1985 872 2060 custodiaque
885 1988 1023 2047 texisset.
1056 1984 1087 2048 2.

60 2071 138 2130 lunc
152 2078 253 2131 autem
270 2078 381 2143 vester,
397 2071 523 2142 iudices,
541 2078 727 2145 conspectus
744 2078 775 2130 et
789 2084 958 2131 consessus
969 2071 1028 2131 iste
1040 2086 1088 2129 re-

60 2154 111 2213 icit
133 2161 164 2214 et
184 2161 303 2214 recreat
325 2161 454 2216 mentem
477 2170 589 2226 meam,
613 2171 706 2230 quum
722 2152 842 2217 intueor
855 2162 886 2215 et
900 2156 1090 2229 contemplor

60 2254 144 2298 rcum
165 2254 320 2314 quemque
337 2242 482 2299 uestrum.
518 2238 618 2298 Video
633 2239 712 2298 enim
730 2238 789 2298 hoo
806 2239 978 2298 innumero
994 2237 1088 2297 nemi-

60 2337 119 2380 uem
142 2323 190 2383 cui
214 2338 283 2382 mea
304 2324 389 2384 salus
411 2339 471 2383 non
488 2338 560 2382 cara
573 2321 677 2396 luerit,
692 2321 789 2382 ¹ouius
805 2338 865 2380 non
880 2328 981 2383 exstet
994 2322 1025 2381 in
1040 2335 1089 2380 me

60 2422 201 2466 summum
216 2403 371 2480 meritum,
389 2407 437 2466 oui
452 2423 512 2468 nou
530 2407 586 2466 sim
604 2405 769 2466 obstrictus
786 2406 934 2467 memorio
948 2403 1089 2465 beneficii

60 2489 246 2564 sempiterna.
290 2491 396 2565 ltaque
418 2507 478 2550 non
503 2489 671 2551 extimesco
687 2507 726 2550 ne
742 2489 794 2548 Cn.
809 2488 931 2550 Plancio
948 2488 1090 2552 custodia

60 2588 136 2634 neae
151 2574 259 2634 salutis
274 2575 357 2649 apud
373 2589 428 2635 eos
445 2574 538 2646 obsit,
557 2574 609 2655 qui
626 2590 673 2634 me
690 2573 750 2648 ipsi
767 2573 897 2634 maxime
914 2574 1035 2634 salvum
1044 2573 1088 2632 vi-

60 2654 123 2717 lere
149 2658 324 2728 voluerunt,
348 2656 550 2733 saepiusque,
570 2656 703 2732 iudices,
726 2656 798 2716 milri
815 2655 898 2717 veuit
911 2656 942 2717 in
957 2664 1088 2717 mentem

60 2741 263 2800 admirandum
281 2757 353 2802 esse
369 2740 410 2801 Μ.
426 2742 636 2814 Laterensem,
659 2741 812 2803 hominem
831 2740 1089 2802 studiosissimum

60 2834 80 2884 at
95 2824 252 2899 dignitatis
267 2832 298 2885 ei
310 2824 419 2885 salutis
431 2839 527 2896 meae,
541 2839 625 2883 reum
639 2824 697 2885 sibi
709 2825 789 2883 hunc
803 2825 995 2898 potissimum
1007 2822 1089 2881 dele-

60 2908 134 2981 tisse
153 2924 243 2983 quam
260 2907 454 2970 metuendum
472 2923 510 2966 ne
521 2906 610 2968 vobis
623 2906 654 2966 id
665 2908 716 2967 ille
728 2906 965 2983 magnamtione
977 2904 1090 2965 iecisse

60 2992 200 3052 rideatur.
243 2992 273 3054 3.
297 2993 485 3066 Quamquam
508 2990 580 3050 mihi
602 3008 662 3051 non
683 3005 771 3051 sumo
786 2999 901 3050 tantum
917 3005 1018 3063 neque
1037 2986 1089 3047 ad·

60 3088 143 3151 oga,
165 3075 298 3147 iudices,
312 3084 349 3153 ¹ui
364 3076 414 3136 Cn.
431 3073 584 3134 Plancium
600 3075 665 3134 suis
681 3089 754 3148 erga
768 3088 816 3132 me
833 3071 947 3132 meritis
961 3070 1090 3149 impuni-

60 3167 141 3220 atem
158 3158 358 3221 consecutum
375 3167 490 3236 putem.
511 3156 574 3216 Nisi
590 3156 656 3217 eius
670 3154 895 3232 integerrimam
907 3154 1007 3228 vitam,
1026 3172 1089 3216 mo-

60 3242 246 3304 lestissimos
262 3258 381 3317 mores,
402 3258 549 3303 summam
566 3240 673 3314 fidem,
691 3238 921 3317 continentiam,
938 3242 1089 3317 pictatem,

61 3324 257 3388 nno'centiam
275 3328 455 3398 ostendero,
479 3324 552 3385 nihil
568 3324 606 3384 de
626 3339 725 3401 poena
739 3325 904 3386 recusabo:
925 3324 972 3386 sin
988 3322 1091 3388 omnia

60 3412 249 3487 ›caestitero,
264 3404 346 3488 cuae
361 3421 432 3473 sunt
450 3410 571 3470 abonis
586 3408 659 3470 viris
675 3410 900 3486 exspectanda,
915 3419 1030 3487 petam,
1045 3408 1090 3469 iu·
