2356 3854
81 194 145 260 4³8
227 195 266 255 IN
279 193 319 252 M.
334 189 532 253 ANTONIUM
547 186 686 247 ORATIO
701 185 918 245 PHILIPPICA
929 186 966 244 II.

83 340 252 414 exstinctis,
266 339 349 415 quod
365 337 397 399 in
410 337 530 397 hostem
545 345 677 411 togatum
691 332 882 394 decemiest
899 335 1024 395 solitum
1039 355 1048 394 ι

82 425 239 486 maiorum.
286 421 324 481 lit
346 428 379 480 tu
398 420 481 492 opud
498 428 600 494 patres
621 417 814 490 conscriptos
832 425 945 477 contra
959 435 1008 477 me
1024 421 1048 479 dl

83 524 181 568 ausus
195 520 240 578 es,
253 518 344 578 quum
360 502 400 560 ab
412 501 473 560 hoc
488 501 594 560 ordine
606 518 663 575 ego
681 507 884 559 conservator
896 516 1012 569 essem,
1029 511 1048 560 tr

84 588 141 650 stis
155 587 201 648 rei
214 584 356 662 publime
370 583 543 643 iudicatust
563 580 815 643 commemoratio
837 581 924 641 illius
941 584 985 642 tui
1000 600 1048 642 soe

82 669 256 731 intermisse
270 678 332 740 est,
350 682 412 726 oon
426 665 571 724 memoria
591 666 697 725 deleta.
741 665 820 723 Dum
838 680 944 738 genus
960 666 1048 733 honri

84 754 155 813 dum
173 749 279 828 populi
292 747 421 813 Romani
437 763 546 808 nomen
557 747 696 818 exstabit,
710 778 752 790 --
767 748 853 820 quod
870 749 1001 821 quidem
1016 767 1047 807 er

83 851 141 910 per
154 843 184 895 te
200 831 318 906 licebit,
340 829 554 904 sempiternum
574 864 625 903 -,
643 838 694 888 tua
706 827 758 887 illa
773 828 926 902 pestilera
945 829 1048 890 interm

83 908 295 983 nominabitur,
344 911 395 973 52.
412 911 487 984 Quid
504 911 615 985 cupide
635 919 784 981 asenam,
799 911 876 984 quid
893 921 1014 973 temere
1028 915 1047 973 fi

10 1034 13 1043 ·
85 1004 221 1074 quumtu
234 1012 316 1058 unus
330 994 512 1054 adolescens
529 995 705 1053 universum
729 992 870 1052 ordinem
893 997 1048 1056 decernor

84 1082 182 1142 salute
196 1079 242 1138 rei
256 1076 396 1154 publicae
406 1076 602 1151 prohibuisti,
619 1092 720 1150 neque
731 1075 762 1134 id
775 1077 888 1146 semel,
915 1081 979 1138 sed
994 1096 1048 1151 sae

84 1178 185 1238 neque
203 1169 238 1221 tu
253 1169 352 1221 tecum
368 1159 407 1217 de
422 1166 544 1219 senatus
560 1159 737 1219 auctoritate
749 1157 799 1232 agi
809 1175 934 1232 pessus
948 1169 1008 1220 est
1034 1170 1038 1178 '

85 1253 186 1305 autem
203 1243 350 1316 agebatur
368 1239 427 1299 nisi
447 1257 485 1299 oe
500 1242 593 1300 deleri
618 1250 648 1301 et
660 1239 754 1300 everti
768 1256 833 1298 rem
851 1242 1016 1314 publicam
1031 1246 1048 1302 ir

84 1334 133 1386 tus
151 1326 255 1397 velles,
275 1340 368 1398 quum
381 1329 411 1382 te
426 1339 525 1396 neque
541 1322 696 1398 principes
714 1321 845 1381 civitatis
860 1327 1010 1398 rogando
1029 1345 1045 1385 n

84 1405 217 1466 maiores
238 1413 311 1465 natu
328 1405 482 1463 monendo
503 1421 603 1479 neque
624 1408 767 1478 irequens
790 1415 925 1466 senatus
949 1410 1046 1482 agend

84 1487 208 1548 vendito
229 1495 320 1561 etque
339 1485 461 1545 addicta
483 1489 631 1547 sententia
659 1501 782 1546 movere
805 1488 937 1562 potuit?
957 1493 1032 1551 Tum

84 1569 185 1630 multis
198 1569 291 1629 rebus
303 1576 372 1629 ante
386 1569 539 1644 temptatis
560 1568 735 1630 necessario
753 1569 805 1628 tibi
820 1572 943 1632 vulnus
970 1574 1048 1633 inilia

86 1652 169 1729 quod
184 1650 293 1726 paucis
307 1658 376 1710 onte
391 1658 430 1723 te,
447 1668 575 1724 quorum
589 1653 748 1713 incolumis
763 1652 819 1711 luit
834 1667 943 1714 nemo.
987 1656 1037 1718 53.

85 1743 191 1796 contra
205 1742 236 1795 te
249 1732 425 1793 deditarma
434 1733 484 1793 lric
497 1737 571 1795 ordo
589 1734 765 1794 consulibus
778 1735 980 1812 reliquisque
992 1740 1048 1812 imp

85 1826 115 1878 et
128 1816 345 1893 potestatibus=
363 1831 442 1890 quae
457 1833 518 1877 non
536 1815 793 1892 effugisses,.·nisi
808 1821 897 1879 tend
914 1837 1003 1881 arma
1018 1823 1048 1880 Ca

84 1899 128 1960 ris
149 1898 342 1959 contulisses.
385 1897 475 1957 XXII.
493 1900 552 1970 Tu,
567 1908 614 1973 tu,
629 1902 760 1974 inquam,
774 1900 813 1957 Μ.
831 1903 964 1974 Antoni,
982 1904 1046 1978 prin

86 1981 117 2040 G.
134 1980 257 2040 Caesari
269 1982 369 2040 onmia
384 1981 561 2054 perturbare
576 1982 708 2056 cupienti
722 1999 846 2042 causam
857 1985 937 2045 belli
953 1997 1048 2047 contre

84 2061 170 2123 triam
186 2061 334 2121 inserendi
349 2061 469 2124 dedisti.
514 2064 588 2136 Quid
605 2065 683 2123 enim
698 2065 779 2126 aliud
794 2065 846 2124 ille
863 2067 1013 2129 dicebat?
1033 2089 1048 2142 q

84 2159 207 2204 causam
223 2143 271 2203 sui
283 2144 503 2204 dementissimi
514 2145 632 2205 consilii
647 2155 677 2207 et
694 2146 762 2207 lacti
778 2148 950 2220 adferebat,
969 2152 1048 2211 nisis

83 2225 263 2287 intercessio
275 2230 421 2302 neglecta,
433 2227 480 2286 ius
492 2228 682 2288 tribunicium
694 2231 854 2300 sublatum,
868 2233 1048 2294 circumseri

84 2318 227 2370 asenatu
241 2316 327 2370 esset
340 2309 513 2370 Antonius?
533 2310 642 2372 Omitto
663 2328 752 2386 quam
769 2313 845 2372 haec
863 2314 958 2388 ialsa,
976 2335 1048 2393 quan

44 2420 48 2425 ,
83 2391 142 2463 via,
156 2392 335 2464 praesertIm
351 2388 445 2467 quum
455 2393 577 2452 omnino
591 2395 672 2453 nulla
685 2391 780 2453 ‘causa
794 2394 877 2455 iusta
894 2404 1038 2473 cuiquam

83 2471 182 2544 possit
196 2479 301 2533 contra
313 2475 439 2548 patriam
456 2490 539 2534 orma
553 2476 701 2550 capiendi.
747 2475 812 2535 Sed
825 2477 903 2538 nihil
918 2481 960 2539 de
976 2484 1048 2542 Caes

83 2551 137 2611 tibi
159 2562 241 2613 certe
261 2556 466 2616 confitendum
484 2566 532 2618 est
554 2573 678 2618 causam
706 2558 967 2632 perniciosissImi
997 2566 1048 2623 bell

82 2649 217 2709 persona
231 2642 282 2694 tua
297 2637 483 2697 constitisse.
518 2637 559 2700 54
585 2639 767 2700 Omiseram
782 2648 826 2711 te,
846 2641 875 2702 si
891 2643 1038 2721 intelligis

83 2716 245 2788 seriorem,
268 2719 293 2776 si
309 2728 369 2778 non
386 2718 527 2794 iutelligis
548 2722 608 2781 hoc
625 2722 731 2784 litteris
748 2725 906 2798 mandari,
926 2728 990 2789 hoc
1009 2744 1048 2786 me

81 2800 146 2860 riae
162 2799 260 2875 prodi,
275 2799 365 2861 huius
378 2800 423 2860 rei
436 2818 475 2860 ue
489 2803 697 2876 posteritatem
715 2806 837 2879 quidem
854 2810 996 2871 omnium
1013 2828 1048 2870 sa

83 2883 181 2943 lorum
190 2900 332 2958 umquam
345 2883 547 2944 immemorem
564 2888 637 2957 lore,
651 2889 794 2948 consules
806 2905 845 2946 ex
855 2889 946 2951 ltalia
959 2895 1048 2967 expui

83 2980 216 3040 cumque
230 2965 277 3025 his
294 2966 346 3026 Cn.
361 2966 551 3040 Pompeium,
565 2970 647 3041 quod
659 2968 776 3043 imperii
794 2974 904 3044 populi
918 2976 1048 3035 Romani

82 3061 137 3107 cus
161 3065 197 3108 ac
219 3051 319 3109 lumen
339 3049 409 3120 luit,
433 3065 539 3109 omnes
552 3053 745 3117 consulares.
770 3053 823 3126 qui
839 3071 898 3127 per
912 3058 1045 3118 valetudi

81 3131 213 3206 exsequi
228 3133 344 3192 cladem
365 3130 445 3192 illam
461 3133 624 3206 fugamque
639 3135 824 3208 potuissent,
842 3148 1045 3214 praetereat)

81 3209 184 3282 torios,
201 3213 336 3275 tribunos
351 3213 459 3289 plebis,
475 3231 614 3288 magnam
627 3225 741 3290 partem
754 3228 899 3292 senatus,
910 3238 1048 3283 omnemt

81 3286 159 3377 olem
176 3293 354 3370 iuventutIS,
374 3296 497 3371 'uimque
519 3298 612 3357 verbo
634 3301 866 3373 rempublicam
885 3308 1046 3378 expulsam

81 3382 142 3441 que
158 3377 386 3439 exterminatam
399 3378 465 3441 suls
480 3378 623 3439 sedibus!
666 3379 717 3443 55.
738 3382 778 3443 Ut
790 3383 882 3457 igitur
896 3385 929 3445 io
947 3386 1048 3447 semini
