2356 3854
108 163 186 229 aaa
205 114 756 232 raoaroromcraaooaurro.
781 159 862 218 car.
878 169 924 221 15.
936 165 963 225 s.
975 166 1090 221 u-a.
1174 166 1178 206 r

125 313 199 390 quid
217 310 256 369 ad
275 324 378 382 regem
404 315 508 367 contra
536 306 709 381 dignitatem
726 316 806 368 tuam
826 307 998 382 scripserit
1046 310 1136 370 Hieras

126 396 247 471 quidem
265 407 388 451 causam
405 406 524 450 omnem
539 390 666 465 suscipit
685 399 715 450 et
733 389 911 451 criminibus
931 390 994 479 illis
1011 408 1136 466 proroga
1176 376 1178 449 i

124 494 160 539 se
176 474 321 555 supponit
334 489 427 533 reum.
458 473 634 533 Memoriam
651 482 736 554 tuam!
750 474 901 548 implorat,
918 491 981 547 qua
993 476 1077 535 vates
1088 477 1136 550 piu·

100 597 102 604 ·
124 560 246 618 rimumc
265 564 357 630 negot
375 572 518 628 umquam
533 572 567 614 se
587 573 606 616 a
625 565 655 616 te
669 556 699 614 in
714 557 848 618 Deiotari
861 557 1032 617 tetrarchia
1046 559 1138 633 pedem

20 688 23 698 .
125 637 325 702 discessisse=
340 636 370 697 in
388 637 493 713 primis
507 638 618 698 finibus
635 624 686 699 tra
700 655 734 699 se
750 648 872 716 praesto
889 640 991 701 tuisse
1005 640 1084 710 dicit
1101 658 1138 700 us·

126 739 186 798 que
203 723 242 803 ad
253 721 374 782 ultimos
394 729 603 795 prosecutum=
629 740 721 796 quum
736 740 753 783 e
767 724 876 783 halimo
893 723 1037 798 exisseS‚
1057 731 1139 782 tecum

126 806 289 878 sciuisse,
313 821 403 878 quum
421 803 471 862 itta
485 819 610 863 munera
625 805 815 881 inspexisses
833 814 1004 879 coenatus,
1022 824 1106 883 quum
1117 808 1140 864 iu

126 888 265 952 cubiculo
280 885 491 957 recubuisseS‚
507 886 704 963 eandemque
719 889 933 960 adsiduitatem
948 889 1007 949 tibi
1022 907 1056 949 se
1070 906 1139 963 prae

125 970 229 1032 buisse
244 968 400 1045 postridie.
442 966 491 1033 ta.
508 969 602 1042 Quam
613 972 652 1057 ob
668 988 731 1030 rem
742 974 769 1031 si
785 972 858 1047 quid
873 989 999 1045 eorum,
1013 989 1088 1048 quae
1100 973 1139 1032 cir

124 1054 204 1115 iecta
218 1061 302 1126 sunt,
323 1051 483 1125 cogitatum
500 1051 552 1123 sit,
573 1070 633 1112 nou
653 1063 774 1116 recusat
796 1055 867 1129 quin
883 1055 918 1115 id
932 1073 1027 1116 suum
1042 1056 1139 1116 facinus

127 1135 254 1197 iudices.
303 1134 459 1207 Quocirca,
477 1133 507 1195 c.
524 1135 644 1209 Caesar,
661 1139 750 1199 velim
766 1138 925 1199 existimes
940 1139 1089 1199 hodierno
1100 1139 1136 1196 die

102 1247 105 1254 ·
124 1216 402 1280 ‘sententiamtuam
416 1225 468 1277 aut
485 1233 554 1277 cum
570 1236 686 1280 summo
704 1221 856 1295 dedecore
876 1222 1080 1282 miserrimam
1098 1236 1136 1295 pe·

45 1335 48 1346 ·
127 1311 204 1361 stem
222 1301 447 1372 importaturam
472 1316 543 1360 esse
557 1302 680 1377 regibus
693 1312 746 1364 aut
760 1303 942 1364 incolumem
960 1306 1072 1365 samam
1086 1319 1136 1363 cum

127 1385 238 1443 salute:
261 1398 388 1456 quorum
406 1384 533 1443 atterum
546 1395 651 1467 optare
661 1385 779 1447 iliorum
799 1386 992 1469 crudelitatis
1007 1397 1067 1462 est,
1082 1389 1135 1447 alte

126 1482 195 1526 rum
209 1479 391 1524 conservare
407 1465 584 1527 clementiae
598 1471 676 1530 tuae.
