2356 3854
41 222 44 231 ’
81 218 134 262 xVI
331 200 555 252 annosublata
571 203 672 252 VITAE
690 201 854 252 CICERONIS

83 386 141 464 rt
178 386 226 464 st
300 387 303 393 ’

287 500 406 552 Consules
427 515 460 550 ex
476 502 619 566 interregno
637 504 812 567 magistratum
833 503 929 552 ineunt.
964 501 1024 551 Pro-

209 628 212 641 .
253 570 348 619 vinciae
372 570 404 618 iis
426 570 452 618 in
475 570 672 632 quinquennium
696 571 875 629 decernuntur,
902 570 1023 635 Pompeio

251 637 387 702 Hispaniae
403 652 459 686 cum
476 636 577 698 Africa,
598 636 688 688 Crasso
706 636 791 703 Syria,
810 637 905 687 Galliae
923 636 1025 687 Caesari

252 707 277 754 in
290 706 395 756 alterum
408 707 605 768 quinquennium
615 716 791 771 prorogantur.
817 706 952 770 Pompeius
963 721 1024 770 pro-

144 816 149 822 .
253 774 346 824 vincias
363 787 424 823 suas
441 789 490 839 per,
503 773 600 839 legatos
612 774 743 824 Afranium
761 783 786 822 ct
799 774 923 823 Petreium
942 775 1024 824 admi-

149 871 151 874 >
252 843 352 891 nistrari
369 843 453 901 iubet,
478 843 533 906 ipsa
554 842 669 893 initalia
686 849 779 892 manet.
814 843 848 892 M.
867 841 973 892 Crassus
990 844 1024 892 ad

195 944 198 948 -
252 910 343 961 bellum
354 909 624 961 Parthisaeinierendum
635 920 767 972 antequam
778 911 913 975 paludatus
924 913 950 960 iu
961 926 1023 976 pro·

253 978 360 1027 vinciam
376 978 470 1037 exiret,
489 980 559 1042 apud
571 976 714 1028 Ciceronem
726 980 752 1028 in
765 977 921 1044 Crassipedis
934 981 1024 1044 generi

250 1047 330 1095 hortis
349 1054 454 1098 coenat(
760 1096 779 1113 ,Ι

284 1114 337 1163 Hoc
360 1128 425 1163 anno
450 1112 536 1163 Cicero
561 1115 698 1165 arabonam
726 1114 814 1164 hebuit
843 1115 873 1175 in
897 1114 1022 1173 Puerum,

251 1182 399 1246 scripsitque
414 1181 490 1232 libros
504 1191 555 1231 tres
570 1183 601 1232 ds
614 1181 750 1240 Orators,·¹
771 1191 797 1230 ut
814 1197 938 1232 nonnemo
957 1182 1023 1231 falso

253 1250 311 1308 volt,
331 1251 406 1298 etiam
424 1249 501 1300 libros
518 1258 570 1300 tres
588 1251 620 1300 de
636 1251 783 1313 tenporibus
800 1253 861 1300 aaa.

90 1303 142 1358 ⁷⁰0
184 1307 218 1358 ⁵4
252 1317 321 1367 coss.
338 1318 1021 1382 e.nomtsaauenooarca,Apaaaaasraaer.
1060 1309 1078 1358 o

286 1385 370 1436 (licere
384 1386 473 1437 Crassi
489 1402 592 1437 causam
607 1389 632 1436 in
647 1395 737 1437 senatu
751 1387 876 1446 delendit3
896 1389 1024 1438 orationes

252 1453 338 1503 hebuit
358 1468 404 1521 pro
430 1456 546 1514 Vatiae,
570 1469 616 1519 pro
635 1456 731 1507 Messio
750 1464 774 1505 et
791 1456 890 1516 Druso,
916 1470 961 1521 pro
980 1455 1021 1505 M.

252 1523 354 1571 senario
369 1521 466 1573 Scauro
484 1539 500 1572 a
518 1519 545 1573 O.
560 1522 653 1581 Triario
672 1524 866 1588 repetundarum
882 1524 1022 1589 postulato,

249 1605 295 1655 pro
314 1590 359 1640 Oa.
370 1592 484 1650 Plancio,
502 1606 548 1655 pro
567 1592 600 1640 Α.
617 1593 722 1642 Gabinio
739 1593 933 1657 repetundarum
947 1607 1023 1641 accu-

250 1657 1024 1793 sicuttibiitffl⁹ttlttlt⁵2.tttl.t³ttt

247 1796 348 1857 publica
372 1796 546 1848 scribendis.¹
586 1797 616 1856 Q.
641 1795 726 1846 Cicero
748 1796 847 1862 legatus
862 1795 973 1860 'Caesari
997 1799 1023 1846 in

251 1862 357 1914 Gelliam
374 1865 563 1930 proficiscitur.⁸
923 1892 927 1909 ι

283 1932 345 1984 Iulia
360 1932 475 1984 Caesaris
489 1933 541 1984 fllia
555 1933 598 1983 Gn.
610 1934 723 1998 Pompeii
738 1933 824 2000 Magni
833 1948 899 1983 uxor
907 1935 1021 1987 moritur.
1060 1989 1069 2000 ,

88 1993 153 2047 701‘
181 1993 216 2046 53
250 2001 394 2063 Cosaba.
413 2004 533 2061 Donatius
552 2002 676 2062 Calvinus,
696 2002 736 2051 M.
759 2004 878 2052 Valerius
895 2001 1021 2052 Messala.
1057 1999 1078 2042 ³4

283 2070 315 2118 lli
339 2070 454 2119 consules
476 2084 527 2118 non
549 2070 603 2120 Kal.
622 2070 743 2120 ianuariis
766 2071 941 2136 magistratum
959 2072 1023 2119 inie-

249 2145 315 2196 runt,
334 2136 380 2186 sed
397 2145 456 2202 post
473 2130 546 2202 plur‘a
562 2140 704 2204 interregna
720 2153 806 2188 mense
820 2138 900 2203 Aprili
920 2139 1023 2202 demum

250 2205 327 2254 creati
344 2213 410 2254 suut.
929 2262 930 2271 ἵ

285 2272 385 2333 Cicero,
409 2279 544 2338 postquam
566 2273 602 2325 M.
622 2273 736 2325 Crassus
749 2277 861 2331 exercitu
884 2289 899 2325 a
923 2275 1022 2325 Parthis

159 2341 164 2356 ¹
250 2341 331 2392 deleto
349 2342 469 2406 perierat,'
486 2344 510 2392 in
529 2344 584 2393 eius
601 2342 684 2393 locum
700 2359 781 2408 arcam
796 2343 878 2394 lactus
897 2345 961 2393 est.⁴

88 2407 139 2462 702
181 2406 216 2460 52
250 2409 320 2460 Coss.
356 2409 400 2460 Gn.
420 2410 552 2473 Pcrapct'as
569 2409 618 2462 Ma
696 2411 751 2464 ΙΙΙ.
767 2413 820 2463 sine
837 2414 940 2477 collega·

283 2479 336 2528 ilcc
358 2492 424 2528 anno
448 2477 523 2540 Milo,
545 2479 574 2529 P.
592 2478 612 2527 P
636 2480 703 2531 utius
725 2482 856 2546 Hypsaeus
872 2484 899 2541 'et
917 2481 946 2541 Q.
968 2479 1021 2529 ble-

249 2545 323 2595 tellus
341 2543 424 2612 Soipio
442 2548 612 2607 consulatum,
631 2547 733 2600 clodius
749 2557 892 2614 praeturam
908 2549 1018 2613 petebat.

250 2615 364 2664 Ambitus
380 2626 438 2664 'uon
461 2630 530 2666 more
554 2617 691 2676 maiorum,
715 2619 762 2668 sed
783 2617 915 2682 largitione
933 2624 1021 2681 aperta

249 2683 1021 2804 subttibitibilutttlttttttttt

306 2785 314 2800 .
374 2789 382 2803 .
459 2787 476 2812 .,
1049 2809 1052 2817 Ι

248 2820 405 2882 prodendum
436 2821 649 2884 proficisceretur,
683 2822 784 2873 obviam
810 2823 835 2872 ei
859 2820 888 2871 lit
915 2819 1020 2871 clodius
1062 2865 1065 2873 .

249 2887 334 2938 Aricia
348 2889 447 2939 rediens
464 2898 488 2938 et
501 2903 588 2955 pugna
603 2896 688 2938 coorta
702 2890 855 2940 interficitur.
882 2888 1020 2954 Pompeius

248 2955 280 3004 ab
297 2956 422 3022 interrege
439 2955 494 3008 Ser.
515 2956 626 3022 Sulpicio
643 2957 675 3007 V.
691 2957 746 3008 Kal.
760 2958 863 3008 Martias
881 2973 933 3008 cos.
949 2973 1019 3008 crea-

249 3026 290 3072 tus
307 3024 438 3088 paullatim
460 3027 543 3091 coepit
559 3039 588 3074 se
605 3040 620 3074 a
637 3023 743 3076 (laesam
761 3035 880 3077 avertere.
910 3025 1019 3076 Uxorem

249 3092 317 3142 ducit
331 3091 478 3154 Corneliam,
497 3096 527 3154 Q.
543 3092 636 3142 Metelli
651 3091 692 3144 Sci
709 3096 774 3144 ionis
788 3095 874 3153 fllium,
892 3109 1019 3144 socerum-
1042 3090 1045 3097 '

248 3175 296 3222 que
314 3161 363 3212 sibl
380 3163 406 3210 in
424 3164 533 3225 quinque
549 3169 674 3212 extremos
688 3109 764 3213 lluius
779 3164 837 3213 anui
853 3177 953 3212 menses
968 3163 1019 3214 col-

249 3228 331 3295 legam
350 3231 375 3279 in
394 3230 524 3280 consulatu
545 3231 699 3295 subrogavit.
1020 3238 1023 3243 ’

278 3388 296 3438 1)
311 3387 339 3427 se
354 3388 412 3430 sam.
427 3389 444 3432 ι.
459 3389 481 3433 s.
509 3389 531 3441 a)
546 3389 574 3429 aa
589 3391 655 3443 segg.
670 3390 698 3435 u.
715 3374 750 3432 ro}
776 3390 797 3440 s)
812 3390 858 3436 cfr.
873 3391 902 3432 aa
915 3393 964 3436 att.
979 3358 1017 3437 lV.

252 3440 284 3483 ts.
312 3441 449 3495 lprllipp.
463 3440 525 3486 itt.
539 3441 601 3487 stur.
626 3473 634 3488 .
1058 3440 1067 3471 '¹
