2356 3854
266 171 348 231 cAP.
363 178 494 233 13-15.
514 177 541 237 s.
558 179 690 234 ao-en
930 171 995 237 255

70 336 228 381 commune
241 321 409 383 consilium
430 321 514 398 quod
530 329 593 382 tum
609 340 670 384 non
686 322 994 386 honorificentissime

70 421 89 464 a
110 404 209 465 salute
231 405 433 478 decrevisset,
460 421 554 480 quum
576 406 675 467 subito
698 408 822 468 edicunt
841 409 904 468 duo
921 425 993 469 con-

78 495 113 548 ut
122 487 163 551 ad
176 504 265 548 suurn
277 490 416 550 vestitum
428 496 588 548 senatores
597 490 738 561 redirent
766 490 840 564 Quis
852 508 994 566 umquam

83 578 224 632 senatum
238 571 337 646 ipsius
352 572 483 632 decretis
498 587 606 646 parere
620 572 793 646 prohibuitt
810 576 879 649 quis
890 584 993 653 tyran-

70 671 164 715 seros
181 656 286 729 lugere
305 656 421 715 vetuit?
450 655 598 714 Parumne
614 664 676 727 est,
698 656 785 729 Piso,
805 666 841 719 ut
860 660 993 720 omittam

70 755 136 812 um,
154 739 240 813 quod
253 747 367 799 tantum
383 737 521 797 homines
536 736 685 811 fefellisti,
706 747 739 798 ut
755 740 925 814 negligeres
940 759 992 803 au-

70 830 130 881 tem
151 830 291 895 senatus,
317 821 422 896 optimi
445 821 595 896 cuiusque
619 821 748 881 'consilia
771 831 991 898 contemneres,

70 904 188 965 rblicam
200 904 359 979 proderes,
373 907 535 964 consulare
544 918 654 964 nomen
665 902 853 981 colligeres?
863 906 992 967 etiamne

70 988 228 1061 saudeas,
242 1003 281 1047 ne
296 996 465 1048 maererent
478 988 617 1048 homines
631 1003 742 1060 meam,
760 1003 862 1062 suam,
877 988 922 1048 rei
936 1007 992 1064 pu·

79 1071 291 1142 calamitatem,
315 1088 354 1131 ne
375 1071 456 1131 hunc
477 1087 566 1132 suum
585 1071 721 1131 dolorem
738 1079 823 1131 veste
838 1070 991 1146 significa-

82 1154 155 1215 Sive
176 1155 227 1213 illa
248 1155 343 1214 vestis
365 1153 489 1214 mutatio
510 1156 550 1214 ad
573 1155 685 1214 lurtum
706 1155 843 1230 ipsorum
865 1155 931 1216 sive
951 1158 992 1215 ad

70 1239 188 1298 :andum
208 1239 344 1312 valebat,
373 1237 442 1312 quis
461 1235 606 1314 umquem
628 1247 688 1298 tam
710 1238 842 1298 crudelis
865 1239 919 1299 luit
938 1239 991 1314 qui

71 1331 134 1388 eret
155 1337 339 1396 quemquam
354 1329 410 1381 aut
426 1321 484 1381 sibi
504 1334 639 1382 maerere
656 1330 709 1382 aut
728 1321 856 1382 caeteris
874 1324 990 1398 suppli·

80 1403 132 1466 3³.
153 1404 254 1478 Quioa
272 1420 328 1464 sua
342 1412 452 1479 sponte
466 1404 604 1466 homines
619 1405 648 1464 in
664 1405 829 1467 amicorum
844 1406 990 1481 periculis

70 1503 99 1548 m
114 1496 232 1549 mutare
246 1504 307 1548 non
324 1491 443 1550 solenti
459 1505 516 1564 pro
531 1490 659 1564 teipso,
676 1490 762 1563 Piso,
780 1504 910 1550 nemone
924 1506 989 1550 mu·

74 1588 113 1630 ne
126 1570 177 1632 isti
192 1570 330 1647 quidem,
354 1588 432 1648 quos
448 1573 564 1647 legatos
580 1587 643 1632 non
659 1574 751 1632 modo
766 1574 849 1634 nullo
864 1581 989 1633 sonabis

70 1664 111 1726 to,
146 1655 202 1714 sed
227 1656 317 1715 etiam
341 1663 530 1730 repugnante
556 1663 664 1715 senatu
689 1655 751 1731 tibi,
772 1664 834 1715 tute
858 1655 989 1728 legantis

74 1737 183 1799 ominis
199 1739 352 1812 desperati
374 1746 403 1797 et
421 1738 588 1812 proditoris
606 1738 651 1797 rei
668 1736 808 1811 publicae
824 1753 929 1797 casum
944 1740 988 1798 lu·

88 1823 221 1883 sortasse
243 1823 295 1897 qui
313 1824 429 1881 volent:
454 1820 530 1880 civis
548 1818 756 1880 florentissimi
777 1821 989 1880 benevolentia

70 1922 105 1965 nn
123 1914 154 1965 et
171 1905 284 1980 optime
299 1907 338 1964 de
355 1906 452 1964 salute
475 1904 590 1979 patriae
604 1901 702 1963 meriti
727 1903 894 1977 periculum
916 1919 988 1963 con-

70 1993 181 2050 noum
203 1989 339 2064 periculo
361 1987 490 2047 civitatis
509 1989 614 2062 lugere
638 1985 757 2047 senatui
782 2002 844 2047 non
867 1985 990 2048 licebitl

70 2074 225 2147 eonsules,
247 2071 273 2132 si
287 2070 461 2146 appellandi
476 2079 547 2131 sunt
562 2073 722 2145 consules,
743 2087 822 2150 quos
836 2086 926 2132 nemo
940 2079 989 2145 est

70 2173 105 2216 nn
123 2156 215 2216 modo
233 2173 273 2216 ex
290 2154 449 2226 memoria,
472 2155 528 2214 sad
548 2154 636 2215 etiem
653 2171 692 2214 ex
707 2155 793 2214 lastis
809 2155 987 2215 evellendos

83 2248 174 2318 pacto
194 2240 254 2298 iarn
274 2238 662 2314 loedereprovinciarum,
691 2239 830 2312 producti
852 2237 883 2297 in
905 2237 993 2301 circe

70 2322 99 2383 io
115 2323 145 2381 in
161 2323 333 2383 contionem
347 2322 386 2382 ab
400 2321 452 2381 illa
463 2320 541 2382 iuria
555 2338 592 2382 ac
607 2329 694 2397 peste
709 2321 839 2396 patriae,
854 2321 986 2382 maximo

70 2405 154 2466 tmitu
174 2414 278 2466 vestro
295 2407 346 2465 ille
366 2405 482 2478 omnia,
505 2421 585 2481 quae
606 2413 668 2479 turn
682 2413 789 2464 contra
805 2420 854 2464 me
869 2412 986 2465 contra·

70 2506 95 2548 m
119 2489 271 2564 publicam
294 2532 424 2548 .......
441 2506 520 2549 voce
542 2502 582 2565 ac¹
599 2489 749 2550 sententia
769 2505 826 2549 sna
847 2503 986 2563 compro-

71 2583 113 2634 nt.
155 2574 220 2633 XV.
241 2572 353 2633 lisdem
376 2575 554 2633 consulibus
575 2571 751 2633 sedentibus
772 2581 864 2648 atque
884 2573 987 2648 inspe-

70 2674 108 2717 us
122 2659 182 2719 lata
196 2658 246 2717 lex
267 2666 328 2728 est,
349 2670 387 2714 nn
400 2672 540 2716 ausnrcra
555 2658 724 2730 vnisnnnr,
744 2671 781 2715 nn
796 2673 863 2725 otus
879 2672 986 2716 onnon-

70 2787 77 2813 ,
96 2754 136 2799 nn
151 2756 217 2808 oms
232 2755 298 2799 neor
314 2754 545 2815 inmacnnnnem
569 2756 606 2799 nr
621 2756 749 2801 omnious
763 2757 867 2800 snsrrs
882 2755 987 2799 omnus

71 2834 160 2883 ranan
180 2839 317 2882 niceam:
344 2839 380 2882 ur
393 2839 450 2882 unx
464 2826 579 2896 mia,
604 2839 661 2882 unx
675 2825 770 2884 Furta
785 2839 822 2883 rus
837 2837 986 2881 vannanrz

72 2907 264 2982 erogatione
280 2907 349 2981 quis
367 2915 415 2967 est
431 2908 557 2981 quinon
574 2906 720 2982 intelligat
734 2908 908 2966 universam
923 2919 988 2962 rem

70 3008 108 3052 nn
129 3006 200 3052 esse
221 2992 373 3051 deletam?
412 2989 463 3050 34.
486 2989 599 3049 lisdem
620 2989 799 3050 consulibus
814 2988 988 3062 inspectan-

70 3090 222 3136 rervorum
246 3075 382 3134 delectus
405 3072 596 3133 habebantur
618 3088 674 3148 pro
703 3070 843 3131 tribunali
861 3068 987 3129 Aurelio

70 3159 303 3234 >collegiorum
321 3173 414 3231 quum
425 3154 546 3216 vicatim
557 3154 697 3215 homines
712 3153 986 3225 conscriberentur,

70 3250 199 3313 nentur,
221 3243 260 3302 ad
276 3241 353 3311 vim,
371 3241 411 3300 ed
426 3254 550 3309 manus,
574 3238 615 3297 ad
627 3237 769 3309 caedem,
789 3238 827 3297 ed
843 3235 986 3313 direptio·

70 3325 250 3386 citarentur.
291 3323 405 3384 lisdem
426 3321 603 3383 consulibus
624 3335 708 3380 arma
728 3319 758 3380 in
773 3322 919 3397 templum
933 3320 987 3380 ca-

70 3411 173 3486 palam
184 3408 467 3484 comportabantur,
488 3405 602 3481 gratim
623 3403 761 3467 eiusdem
779 3404 881 3481 templi
900 3406 985 3466 tolle·
