2356 3854
296 651 339 730 ll.
368 650 502 732 lllllll
528 649 738 732 CICERONIS

117 787 240 881 Ptto
284 789 328 882 P.
371 789 611 885 sistit)
659 792 962 895 oblito..

442 1001 593 1012 -ι-ισ--ι

142 1082 414 1197 anconmuuu
428 1137 592 1199 varanis
609 1114 889 1199 aniantionis

78 1269 102 1318 P.
114 1269 211 1320 Sestius
223 1269 392 1318 amicissimus
405 1270 666 1336 familiarissimasque
680 1272 807 1322 Ciceronis
820 1271 868 1321 fuit
881 1275 907 1321 in
920 1271 1029 1339 collegio

64 1351 160 1387 unorum
172 1336 217 1401 pl,
232 1339 274 1398 qui
287 1338 388 1386 fuerunt
398 1340 426 1390 P.
437 1338 543 1388 Lentulo
553 1338 686 1405 Spinthere
698 1340 728 1399 Q.
738 1339 840 1390 Metello
851 1340 949 1406 Nepote
961 1358 1029 1396 coss.

64 1418 84 1454 to
93 1420 119 1470 p.
132 1422 158 1455 n.
171 1421 194 1457 c.
208 1403 289 1470 CCCJ.
317 1405 445 1456 Obstinate
456 1407 534 1472 igitur
548 1417 573 1458 et
588 1409 610 1457 is
623 1424 680 1459 sese
695 1409 822 1458 dediderat
837 1409 864 1458 in
879 1415 1030 1460 consensum

65 1474 86 1522 is.
99 1475 165 1533 eins,
189 1474 233 1535 qni
251 1474 398 1539 dignitatem
413 1490 485 1525 suam
499 1476 533 1524 td.
550 1476 630 1526 Tullio
647 1477 778 1526 restituere
793 1479 942 1541 gestiebant.
978 1479 1040 1528 Sed·

64 1542 113 1590 rP.
130 1539 217 1592 Clodio
232 1551 388 1608 repugnante
405 1552 429 1594 et
447 1545 614 1609 conspiratam
631 1545 749 1594 seditiose
766 1545 952 1596 multitudinem
969 1552 1042 1607 oon-'

64 1617 132 1669 rante,
150 1612 250 1673 nequis
264 1612 306 1661 isti
319 1611 352 1660 ad
366 1612 533 1660 revocandum
545 1611 693 1661 Ciceronem>
704 1613 805 1662 daretur
819 1613 930 1671 effectus,
946 1615 979 1662 ad
992 1615 1029 1663 di·

64 1679 163 1736 ttionem
178 1693 258 1740 usqne
272 1694 417 1743 processum
431 1687 482 1742 est,
500 1687 528 1727 ut
542 1681 570 1728 P.
585 1677 681 1728 Sestius
696 1681 846 1744 gravissime
862 1688 886 1731 et
899 1695 980 1744 paene
992 1680 1028 1730 le·

64 1761 86 1794 er
96 1747 243 1796 vulneratus
256 1744 325 1810 [vide
337 1746 412 1794 buius
425 1748 507 1810 ipsius
521 1747 642 1796 orationis
653 1761 710 1811 onp.
723 1747 756 1813 37
768 1762 807 1810 sq.
821 1743 845 1796 el
857 1746 985 1799 Clceronis
994 1750 1030 1798 ad

64 1814 157 1867 intrem
174 1817 331 1876 satanianos
348 1814 390 1869 lib.
407 1816 438 1868 11.
455 1830 495 1880 ep.
509 1813 535 1869 3.
553 1816 578 1877 S.
591 1814 632 1881 6.]
650 1816 791 1866 necessario
809 1824 941 1880 cogeretur
955 1818 1028 1866 etiam

72 1891 220 1935 armatorum
233 1878 335 1933 manum
349 1883 537 1948 gladiatoriam,
555 1885 623 1946 quod
636 1883 695 1934 Milo
709 1886 759 1934 iam
775 1883 880 1945 fecerat,
900 1885 1028 1949 adbibere,
1120 1920 1122 1931 .

65 1953 126 2002 sidii
142 1950 238 2001 scilicet
254 1954 348 2018 gratia:
368 1952 405 2000 sic
421 1953 487 2000 enim
503 1952 585 2017 potnit
600 1952 678 2011 ellici,
695 1960 723 2003 ut
739 1953 874 2012 actionem,
892 1969 966 2017 quam
981 1969 1028 2018 pro

68 2021 254 2080 oinstitnerat,
271 2023 402 2072 obtineret.
439 2015 572 2083 Postquam
587 2028 670 2070 tamen
687 2020 770 2072 Cicero
788 2023 819 2072 ab
838 2023 928 2074 exsilio
944 2023 1027 2082 rediit,

64 2103 121 2138 sare
139 2089 170 2137 de
187 2089 213 2137 vi
228 2087 255 2140 P.
271 2088 373 2140 Clodius
387 2086 496 2138 Sestium
512 2091 595 2153 coepit
614 2089 727 2140 immisso
744 2090 812 2141 velut
826 2092 942 2156 principe
960 2090 1027 2142 dela-

64 2173 76 2206 s
91 2156 124 2206 bl.
145 2156 301 2207 Albinovano
320 2166 344 2208 et
358 2159 528 2207 testimonium
547 2159 646 2208 dicente
663 2161 692 2213 Ρ,
707 2159 823 2209 Vatinio:
847 2168 875 2209 ut
888 2161 937 2208 boc
955 2173 1027 2223 prae·
1048 2174 1052 2184 ·

64 2242 76 2274 e
100 2225 198 2274 crimini
220 2223 304 2289 daret,
330 2227 398 2288 quod
418 2241 598 2292 supergressus
623 2227 722 2278 civilem
744 2228 847 2277 modum
870 2229 1027 2292 rogationem

64 2308 72 2341 ι
88 2307 139 2342 non
158 2294 282 2355 aequitate
298 2295 464 2358 persuaserit,
488 2296 539 2347 sed,
551 2297 627 2346 armis
646 2296 787 2349 obtinuerit.
825 2294 871 2344 Cui
889 2301 1028 2360 opponetur

64 2377 74 2410 s
92 2361 162 2411 modi
179 2376 194 2409 a
209 2358 327 2412 Cicerone
346 2362 460 2413 defensio
477 2377 523 2429 per
540 2362 684 2426 qualitatem
700 2365 796 2428 speciei
817 2362 923 2429 duplicis

73 2463 337 2479 ................
376 2429 438 2480 Nam
459 2431 591 2482 relativum
605 2433 654 2482 hoc
669 2433 727 2491 erit,
751 2433 816 2482 iuste
835 2439 859 2482 et
879 2434 967 2483 merito
981 2432 1027 2482 ha·

64 2513 84 2546 te
102 2503 253 2548 armatorum
274 2500 399 2563 praesidia
416 2501 445 2552 Ρ.
464 2498 586 2565 Sestium,
609 2507 637 2551 ut
652 2501 784 2560 Clodianos
801 2503 910 2566 impetus
931 2503 963 2552 ab
983 2500 1025 2550 ilie

64 2566 174 2626 natione,
192 2580 268 2629 quam
286 2568 369 2618 facere
385 2577 517 2632 coeperat,
541 2570 708 2622 submoveret.
742 2568 808 2619 Illud
825 2585 884 2622 vsro
901 2569 937 2620 ad
957 2583 1026 2620 com·

64 2636 172 2684 ationem
188 2633 307 2694 refertur,
324 2650 370 2700 pro
385 2637 452 2686 bona
464 2652 541 2686 carrea
556 2647 581 2687 et
596 2639 632 2688 rei
648 2639 763 2704 publicas
778 2640 932 2700 necessaria,
950 2637 1025 2688 aiam

64 2711 148 2752 *matos
163 2703 291 2768 babuerit,
316 2704 467 2768 impunitum
488 2719 544 2755 esse
562 2707 666 2773 debere,
691 2721 768 2771 quum
782 2707 845 2755 bene
860 2707 977 2755 meritum
993 2703 1027 2753 de

66 2788 79 2822 e
103 2773 199 2836 patriae
222 2771 303 2820 civem
322 2773 420 2822 restitui
439 2772 513 2822 vellet
534 2775 644 2824 omnium
669 2775 770 2826 favente
790 2788 923 2824 consensu.
957 2770 1026 2819 Hanc

64 2855 76 2887 r
92 2840 207 2889 eamdem
223 2854 325 2889 causam
337 2841 441 2905 plurimi
457 2839 673 2908 defenderunt.in
689 2845 746 2906 quis
762 2841 809 2890 fult
825 2842 855 2900 Q.
867 2832 1023 2896 Hortensius,

64 2908 172 2965 bassus,
192 2906 219 2958 C.
230 2909 348 2963 *Licinius
363 2906 468 2966 Calatis,
491 2909 605 2971 partibus
622 2911 687 2959 iuter
703 2924 731 2958 se
747 2909 902 2970 distributis,
920 2918 982 2967 qnae
997 2904 1024 2952 in

65 2977 98 3035 do
114 2983 250 3026 tuerentur.
285 2975 477 3039 iuqaetutttus
493 2991 522 3026 ea
534 2979 672 3041 peroravit,
691 2991 754 3038 quae
769 2975 818 3025 sibi
829 2974 928 3024 fuerant
944 2971 1024 3036 expll-

64 3060 88 3105 e,
106 3059 160 3101 nco,
176 3050 204 3093 ut
215 3044 328 3108 plerique
339 3043 451 3093 arbitrati
465 3051 532 3107 sunt,
548 3050 621 3095 extra
635 3059 736 3095 sensnm
752 3049 855 3107 vagatus
868 3048 919 3090 est:
937 3055 1023 3104 quam·

64 3115 124 3161 mim
143 3113 255 3161 sciamus
275 3145 589 3163 ...................
616 3111 694 3162 multa
711 3111 852 3161 Ciceronem
873 3108 1030 3159 velitatum·

64 3181 181 3230 tolentem
197 3179 229 3231 de
243 3177 404 3244 passionibus
422 3179 476 3228 suis
493 3177 558 3228 ultra
574 3192 654 3243 paene
669 3194 744 3242 qnam
762 3193 802 3227 res
817 3185 931 3242 posceret
946 3193 1022 3245 exag-

64 3247 217 3307 assolitam,
236 3255 335 3310 umen,
355 3249 422 3311 quod
438 3247 481 3296 hic
500 3247 599 3312 prolixa
615 3248 722 3310 quadam
737 3245 941 3296 turbulentissimi
958 3255 1022 3296 tem·

64 3333 69 3364 t
87 3317 257 3380 descriptione
273 3318 379 3368 multum
394 3315 529 3368 voluminis
546 3323 667 3380 occupet,
685 3330 735 3366 non
750 3314 909 3364 mediocriter
923 3314 1023 3365 videtur

767 3375 829 3440 ra*

1019 3472 1094 3552 Δ
