2356 3854
397 197 480 258 CAP.
496 205 591 262 r-a
612 206 638 266 t·
655 207 782 262 ra-ra.
1040 197 1102 262 10⁷

76 350 123 411 tx.
134 347 187 411 22.
203 348 385 424 Requiretur
397 350 528 431 sortasse
538 364 618 409 nunc
630 367 719 424 quern
730 351 770 410 ad
781 351 911 422 modurn,
922 368 1014 425 quum
1025 351 1101 411 haec

74 431 687 507 itasint,reliquunrpossitmugnumesse
697 434 816 492 bellum.
833 434 1022 508 cognoscite,
1032 433 1101 506 Qui·

73 516 157 576 nites.
172 515 241 574 Non
251 514 330 575 enim
339 514 397 574 hoc
409 514 474 575 sine
487 531 581 575 causa
594 514 698 588 quaeri
709 516 836 575 videtui.
852 517 981 576 Primum
993 533 1032 576 cx
1044 533 1100 576 suo

74 614 169 673 regno
183 597 229 658 sic
238 596 427 658 Mithridates
442 597 588 673 profugit,
607 606 639 658 ut
654 614 693 657 ex
708 600 815 658 eodem
826 600 921 658 Ponto
933 599 1040 658 Medea
1052 600 1101 658 ille

75 681 231 757 quondam
250 680 425 755 profugisse
443 681 564 752 dicitur,
585 697 674 754 quarn
686 682 861 754 praedicant
872 681 901 740 in
915 684 985 756 fuga
1001 682 1100 742 fratris

75 764 122 824 sui
132 763 270 824 membra
280 762 309 822 in
320 763 357 823 ils
367 763 452 834 loeis,
468 781 571 838 quase
582 780 693 839 parens
706 772 954 838 persequeretur,
970 764 1100 838 dissipa-

75 847 168 921 visse,
179 854 330 906 uteorum
342 847 479 906 collectio
492 848 631 921 dispersa
641 863 822 920 moerorque
835 849 948 920 patrius
965 847 1100 906 eelerita-

75 939 132 989 tem
141 928 351 1004 persequendi
363 930 537 990 retardaret.
555 929 605 988 Sic
613 929 801 989 Mithridates
812 928 931 1003 lugiens
941 928 1102 991 maximam

75 1013 131 1072 vim
152 1012 220 1072 auri
237 1020 328 1087 atque
350 1012 464 1086 argenti
487 1012 814 1087 pulcherrimarumque
835 1028 936 1072 rerum
960 1010 1102 1086 omnium,
1140 1018 1142 1027 ’

77 1113 152 1170 quas
168 1102 199 1155 et
212 1112 232 1154 a
246 1094 410 1155 maioribus
427 1104 588 1170 acceperat
602 1105 632 1155 et
647 1095 715 1170 ipse
729 1096 809 1156 bello
820 1093 979 1170 superiore
989 1111 1028 1153 ex
1039 1101 1103 1155 tota

77 1180 150 1238 Asia
164 1177 301 1252 direptas
312 1178 343 1237 in
358 1195 446 1237 suurn
460 1194 586 1252 regnum
604 1189 809 1252 congesserat,
824 1179 853 1237 in
870 1175 964 1239 Ponto
981 1192 1101 1237 omnem

77 1260 204 1336 reliquit.
234 1262 318 1320 Haee
340 1261 412 1320 dum
434 1261 530 1320 nostri
552 1261 696 1335 eolligunt
717 1261 817 1321 omnia
837 1260 1025 1336 diligentius,
1045 1277 1101 1320 rex

79 1342 175 1418 ipseo
189 1343 330 1404 manibus
346 1343 460 1419 effugit.
490 1345 534 1404 lta
552 1343 635 1404 illum
655 1363 673 1404 a
689 1345 893 1419 persequendi
905 1344 1005 1405 studio
1019 1359 1100 1403 inoe-

78 1442 140 1499 ror‚
161 1424 221 1487 hds
235 1425 348 1487 laetitia
369 1428 507 1487 tardavit.
538 1426 587 1488 23.
615 1429 702 1487 Hunc
723 1428 752 1486 in
776 1428 827 1487 illo
848 1428 955 1488 timore
978 1435 1007 1486 et
1028 1428 1099 1501 luga

78 1509 233 1584 TigraneS,
256 1526 313 1569 rex
326 1510 503 1582 Armenius,
526 1512 648 1585 excepit
662 1510 910 1585 diffidentemque
927 1511 1019 1569 rebus
1035 1509 1099 1569 suis

79 1591 263 1652 confirmavit
277 1600 307 1652 et
321 1591 476 1654 adflictum
488 1593 584 1653 erexit
594 1593 806 1668 perditumque
818 1593 975 1652 recreavit.
1008 1591 1099 1651 Cuius

80 1674 104 1733 in
116 1690 244 1750 regnum
259 1684 369 1750 postea
387 1693 476 1751 quam
490 1677 522 1735 L.
534 1677 677 1736 Lucullus
694 1691 761 1735 cum
779 1675 914 1734 exercitu
928 1674 1018 1746 venit,
1034 1676 1100 1747 plu-

79 1773 123 1818 res
146 1759 239 1818 etiam
261 1766 368 1833 gentes
398 1766 502 1820 contra
532 1760 743 1832 imperatorem
768 1763 903 1817 nostrum
930 1755 1098 1814 concitatae

80 1850 151 1902 sunt.
166 1841 240 1901 Erat
250 1839 330 1900 enim
342 1851 439 1902 metus
452 1840 580 1900 iniectus
593 1839 630 1898 iis
643 1839 824 1915 nationibus,
841 1853 918 1913 quas
934 1853 1099 1911 numquam

79 1926 205 2000 populus
219 1925 376 1985 Romanus
399 1940 499 1999 neque
519 1923 716 1983 lacessendas
737 1923 817 1982 bello
835 1935 936 1996 neque
952 1928 1099 1994 temptan-

80 2006 127 2068 das
147 2006 281 2082 putavit:
303 2015 367 2067 erat
390 2009 478 2067 etiarn
499 2006 559 2066 alia
579 2005 681 2080 gravis
696 2013 786 2079 atque
804 2005 969 2064 vehemens
986 2002 1097 2077 opinio,

79 2105 148 2162 quae
167 2088 289 2150 animos
310 2090 443 2165 gentium
459 2090 653 2150 barbararum
672 2096 863 2163 pervaserat,
887 2086 948 2147 iani
964 2088 1099 2161 locuple-

77 2171 178 2234 tissimi
195 2182 225 2233 et
238 2171 461 2247 religiosissimi
476 2172 636 2246 diripiendi
653 2188 748 2231 causa
762 2170 792 2230 in
809 2187 863 2232 eas
879 2187 948 2232 oras
961 2179 1098 2230 nostrum

76 2269 140 2316 esse
157 2255 510 2316 exercitumadductum.
540 2257 584 2315 lta
596 2254 733 2314 nationes
745 2256 855 2314 multae
866 2263 959 2327 atque
970 2267 1098 2325 magnae

74 2352 150 2400 novo
173 2339 310 2415 quodam
330 2347 445 2398 terrore
459 2354 495 2397 ac
512 2345 593 2397 metu
609 2337 846 2397 concitabantur.
874 2337 984 2395 Noster
998 2342 1097 2394 autern

73 2421 239 2494 exercitus,
261 2420 380 2481 tametsi
403 2423 507 2481 urbem
525 2437 564 2480 ex
578 2419 697 2493 Tigrani
713 2435 808 2494 regno
823 2425 946 2493 ceperat
960 2426 991 2477 et
1007 2432 1096 2491 proe-

70 2503 114 2565 tiis
134 2520 215 2565 usus
230 2510 295 2563 eret
310 2503 470 2576 secundis,
494 2512 594 2564 tamen
615 2502 706 2562 nimia
726 2501 946 2576 longinquitate
962 2502 1099 2562 locorum

69 2602 102 2646 uc
116 2585 276 2648 desiderio
294 2603 418 2646 suorum
436 2586 691 2647 commovebatur.
719 2583 769 2646 24.
787 2584 843 2644 Hic
858 2584 914 2644 iam
933 2586 1020 2659 plura
1038 2599 1098 2642 nou

69 2670 179 2731 dicam.
208 2669 277 2729 Fuit
291 2670 370 2728 enim
384 2670 458 2729 illud
473 2677 654 2741 extremum,
674 2677 708 2729 ut
721 2685 761 2728 ex
776 2668 814 2728 iis
828 2667 905 2728 locis
922 2683 941 2726 a
955 2667 1098 2727 militibus

69 2754 181 2814 nostris
197 2751 314 2812 reditus
329 2752 426 2826 magis
441 2760 574 2812 maturus
591 2768 682 2827 quam
696 2754 855 2826 processio
871 2751 990 2825 longior
1007 2765 1098 2823 quae·

69 2844 194 2896 teretur.
226 2834 414 2895 Mithridates
428 2844 572 2895 autemst
588 2852 673 2896 suam
689 2850 810 2894 manum
828 2833 888 2893 iam
906 2832 1100 2892 confirmarat

69 2925 236 2992 eteorum,
252 2917 304 2992 qui
320 2934 355 2977 se
370 2934 409 2977 ex
426 2916 523 2993 ipsius
537 2935 632 2992 regno
648 2919 846 2992 collegerant,
870 2923 899 2975 et
911 2912 1029 2986 magnis
1044 2911 1097 2970 ad·

69 2998 212 3060 venticiis
223 2999 345 3059 auxiliis
358 3002 518 3061 multorum
529 3017 635 3075 regum
646 3009 676 3060 et
686 3001 840 3060 nationum
853 2997 1020 3057 iurabatur.
1035 2994 1098 3052 lam

69 3081 127 3144 hoc
147 3080 214 3142 lere
236 3081 280 3142 sie
301 3082 367 3142 lieri
384 3083 485 3143 solere
502 3084 694 3156 accepimus,
709 3091 743 3143 ut
759 3097 863 3155 regum
880 3076 1021 3138 adflictae
1038 3078 1098 3137 lor·

69 3173 161 3226 tunae
177 3164 266 3225 facile
281 3168 443 3226 multorum
460 3181 536 3240 opes
552 3164 695 3224 adliciant
708 3166 747 3223 ad
763 3161 1013 3231 misericordiam,
1036 3176 1098 3219 rna-

69 3248 213 3323 limoque
227 3263 347 3321 eorum,
371 3247 423 3324 qui
439 3256 491 3307 aut
504 3263 594 3321 reges
610 3255 681 3306 sunt
696 3255 749 3306 aut
765 3244 871 3306 vivunt
886 3243 917 3303 in
933 3260 1044 3319 regno,
1065 3251 1100 3303 ut

69 3329 115 3392 his
129 3326 240 3393 nomen
257 3333 360 3406 regale
373 3346 514 3404 magnum
525 3339 555 3390 et
567 3337 703 3391 sanetum
719 3345 789 3389 esse
802 3328 947 3388 videatur.
974 3326 1025 3388 25.
1041 3327 1097 3397 lta-

69 3430 128 3488 que
149 3421 266 3478 tautum
286 3413 386 3476 victus
407 3414 529 3475 elicere
544 3412 655 3490 potuit,
680 3422 824 3488 quantum
839 3410 998 3473 incolumis
1013 3424 1098 3468 nurn-

335 3632 345 3665 Χ
1050 3616 1052 3621 .
1082 3584 1143 3625 ,Ι
