2356 3854
374 106 455 165 cap.
470 115 600 168 to—aa.
622 113 648 173 t.
662 115 793 168 ιιι-ιο.
1046 116 1088 180 tl

14 256 28 337 't'
44 260 109 319 bus
129 257 176 317 ad
196 272 250 316 res
266 254 387 315 ιιιιιιιιιιε
402 255 446 316 uti
462 265 664 329 consuerunt,
687 272 765 332 quae
780 272 800 317 a
816 256 881 318 suis
896 267 1088 333 acceperunt

51 356 137 417 quae
152 340 186 399 in
203 338 316 398 tamilla
332 354 454 412 semper
470 341 600 399 luerunt.

15 482 18 487 ,
140 420 236 481 XXII.
256 419 309 483 48.
330 421 386 480 Hic
402 420 494 481 nolite
506 429 703 494 exspectare,
724 423 796 482 dum
808 439 865 497 ego
877 424 953 483 haec
966 422 1088 483 crImina

58 521 149 582 agam
161 503 306 575 ostiatim,
319 504 359 562 ab
373 504 529 581 Aeschylo
543 503 745 581 Tyndaritano
761 506 851 564 istum
869 514 1002 580 pateram
1019 508 1087 567 abs-

13 608 24 645 ;.
61 588 185 658 tulisse,
208 602 227 645 a
247 587 404 646 Thrasone
423 586 494 646 item
514 586 718 663 Tyndaritano
735 589 889 660 patellam,
905 590 1087 666 aNympho-

13 688 27 737 ις
66 673 139 731 doro
159 668 360 749 Agrigentino
381 668 552 729 turibulum.
595 669 691 742 Quum
711 676 805 728 testes
828 686 866 728 ex
882 671 983 730 Sicilia
998 673 1088 744 dabo,

13 766 31 831 ιι
67 768 154 829 quem
168 753 254 812 volet
266 753 317 811 rlle
331 751 436 826 eligat,
458 767 547 825 quem
562 769 619 826 ego
636 753 817 824 interrogem
832 753 871 811 de
886 754 1019 825 patellis,
1036 772 1088 828 pa-

12 834 35 897 ιὲ
68 836 153 908 teris,
174 834 330 896 turibulis:
358 852 419 894 non
437 836 528 894 modo
544 833 690 908 oppidum
705 835 833 906 nullum,
857 836 912 894 sed
928 852 965 894 ne
980 837 1088 896 domus

12 924 39 1025 tt
71 919 188 994 quidem
202 918 263 977 ulla
276 918 380 992 paullo
398 917 578 990 locupletior
593 933 704 990 expers
720 916 810 976 huius
821 917 946 977 iniuriae
957 919 1088 992 reperie-

70 1008 123 1063 tur.
157 1002 211 1078 Qui
226 1017 320 1074 quum
341 999 372 1058 in
395 999 566 1059 convivium
582 999 732 1071 venisset,
755 1000 781 1058 si
799 1000 964 1078 quidquam
983 1001 1100 1060 caelati·

13 1102 17 1125 2
38 1156 41 1161 ¹
71 1092 240 1158 aspexerat,
256 1099 364 1143 manus
375 1082 542 1152 abstinere,
559 1082 690 1154 iudices,
706 1098 766 1142 non
778 1092 905 1157 poterat.
944 1084 1088 1143 Calam-

12 1176 20 1213 ι
74 1167 155 1241 peius
168 1174 216 1226 cst
228 1165 328 1238 Philo,
351 1164 404 1239 qui
421 1165 476 1224 luit
489 1165 720 1240 Tyndaritanos.
755 1166 785 1225 Is
799 1182 925 1226 coenam
938 1167 987 1227 isti
999 1168 1090 1227 dabat

14 1258 25 1295 ἰ
73 1250 151 1323 apud
160 1248 304 1308 villamin
314 1247 528 1325 Tyndaritano.
555 1247 639 1307 Fecit
650 1249 733 1321 quod
744 1247 837 1309 Slculi
849 1267 909 1309 non
922 1250 1088 1310 audebant:

14 1336 25 1376 ι’
45 1332 49 1337 “
75 1328 134 1405 ille,
150 1330 224 1391 civis
241 1330 397 1391 Romanus
414 1331 498 1404 quod
513 1339 590 1403 erat,
610 1330 763 1405 impunius
778 1331 809 1391 id
827 1348 861 1391 se
874 1335 1020 1393 iacturum
1033 1351 1087 1407 pu-

11 1420 26 1457 ·:
73 1414 148 1475 lavit
178 1413 335 1489 Apposuit
351 1415 507 1488 patellam,
529 1413 558 1472 in
575 1430 635 1488 qua
650 1413 748 1508 sigilla
762 1424 848 1475 erant
865 1416 995 1491 egregia
1028 1418 1089 1476 lste

11 1504 23 1541 ι
75 1496 219 1557 eontirmo
229 1506 262 1557 ut
283 1495 370 1567 vidit,
392 1513 452 1555 non
475 1496 739 1555 dubitavitillud
732 1496 850 1570 insigne
868 1500 1088 1571 penatiumho-
1147 1566 1152 1581 ,

77 1580 281 1655 spilhliumque
295 1579 420 1638 deorum
436 1595 474 1637 ex
489 1579 632 1652 hospitali
648 1580 886 1651 mensatollere,
909 1582 1088 1655 sedamen,

11 1654 41 1717 1²?
78 1664 148 1735 quod
167 1672 238 1723 ante
258 1664 296 1722 de
319 1661 407 1722 istius
423 1660 604 1720 abstinentia
619 1661 769 1732 dixeram,
792 1663 896 1734 sigillis
912 1664 1027 1722 avulsis
1042 1679 1088 1722 re-

10 1724 38 1801 i
77 1743 178 1820 liquum
195 1752 351 1841 argentulo
368 1761 435 1803 stne
449 1744 511 1801 ulla
528 1751 625 1802 avari
626 1759 654 1800 ra
614 1741 805 1802 reddrdrt
840 1740 890 1802 49.
913 1744 1011 1816 Quidl
1031 1745 1088 1805 llu-

17 1862 21 1867 ·
78 1829 186 1899 polemo
201 1827 312 1889 Calact
292 1836 369 1897 trno,
393 1824 508 1885 homini
522 1824 631 1896 nobili,
645 1825 840 1884 Lucullorum
849 1825 963 1901 hospiti
975 1843 1010 1886 ac
1021 1844 1088 1900 per-

16 1912 28 1966 .'-
78 1909 217 1983 familiari,
241 1909 293 1985 qui
307 1924 386 1970 nunc
402 1909 483 1983 apud
498 1905 663 1967 exercitum
681 1923 749 1967 cum
765 1908 797 1967 L.
808 1908 932 1970 Lucullo
949 1917 1010 1982 est,
1027 1927 1088 1970 non

10 1996 22 2069 3:
77 1989 145 2052 idem
159 1995 251 2054 lecitt
270 1992 423 2052 Coenabat
438 1993 520 2064 apud
535 2008 617 2051 eum:
640 2000 796 2064 argentum
808 1992 858 2050 ille
871 2001 1022 2053 caeterum
1034 2011 1089 2067 pu-

76 2088 132 2136 ram
148 2084 352 2152 apposuerat,
378 2090 417 2134 ne
437 2091 532 2149 purus
553 2074 621 2148 ipse
640 2073 874 2148 relinqueretur·
897 2077 958 2136 duo
978 2079 1089 2149 pocula

79 2173 128 2219 non
151 2174 277 2234 magna,
304 2167 529 2218 verumtamen
552 2174 620 2216 cum
639 2158 825 2217 emblemate.
860 2158 915 2217 Hic
938 2168 1089 2232 tamquam

9 2186 36 2307 ιιι,
80 2240 206 2303 lestivum
220 2256 378 2313 acroama,
400 2257 439 2300 ne
451 2240 518 2300 sine
530 2238 689 2301 corollario
701 2240 740 2299 de
753 2240 894 2300 οοιιιιιιιο
907 2240 1088 2314 discederet,

9 2312 40 2381 ἰι’·
79 2320 177 2385 ibidem
191 2323 331 2385 convivis
347 2324 556 2397 spectantibus
567 2324 748 2383 emblemata
759 2324 918 2382 evellenda
931 2323 1055 2384 curavit

11 2409 20 2446 ·‘
146 2409 253 2482 Neque
272 2422 328 2481 ego
353 2423 433 2467 nunc
454 2404 542 2466 istius
564 2408 643 2465 lacta
666 2405 766 2465 omnia
794 2423 971 2467 enumerare
995 2422 1089 2467 conor

9 2492 15 2563 ξ
79 2502 165 2566 teque
185 2507 265 2565 opus
286 2498 410 2550 estnec
430 2489 578 2551 fieriullo
600 2488 691 2548 modo
716 2497 835 2563 potest.
863 2497 976 2550 tantum
999 2492 1088 2550 unius

8 2592 13 2608 ¹
78 2573 272 2649 colusqueda
293 2571 377 2632 varia
396 2570 588 2646 improbitate
607 2571 727 2646 generis
749 2571 861 2632 indicia
881 2575 964 2647 apud
981 2589 1039 2632 vos
1060 2580 1089 2631 et

8 2652 17 2688 ·'
77 2658 206 2731 exempla
230 2656 364 2730 prolero.
412 2656 518 2729 Neque
539 2654 617 2713 enim
643 2655 683 2714 ita
708 2671 742 2714 se
762 2654 859 2729 gessit
874 2653 903 2713 in
925 2656 973 2715 lris
987 2656 1089 2725 rebus,

8 2762 11 2819 ζ
36 2734 42 2741 “
74 2744 217 2815 amquam
236 2737 385 2799 rationem
400 2738 565 2815 aliquando
583 2745 666 2796 esset
685 2738 870 2806 redditurus
889 2741 944 2798 sed
961 2754 1088 2812 prorsus

8 2844 10 2849 ’
74 2820 115 2893 ila,
123 2820 212 2897 quasi
225 2829 277 2881 aut
290 2836 361 2880 reus
377 2837 540 2895 numquam
551 2828 634 2880 esset
646 2820 760 2880 lutums
776 2829 827 2879 aut
842 2836 902 2893 quo
919 2822 1005 2893 plura
1020 2819 1089 2876 abs-

22 2930 44 2975 ,·
71 2905 199 2978 tulisset,
227 2919 265 2964 eo
295 2902 412 2963 minore
437 2902 574 2977 periculo
602 2903 632 2960 ιιι
659 2901 804 2962 iudicium
826 2910 971 2961 venturus
991 2907 1089 2959 esset=

17 3036 21 3041 .
69 2988 117 3064 qui
136 2986 229 3058 haec,
253 3002 332 3061 quae
352 2987 439 3058 dico,
461 2983 519 3043 iam
541 3001 601 3043 non
616 2986 748 3051 occulte
770 3001 829 3042 ιιοιι
847 2999 902 3055 per
916 2981 1031 3041 amicos
1046 2991 1090 3042 at·

7 3036 18 3151 ,ι
68 3086 124 3149 que
144 3071 341 3143 interpretes,
364 3069 418 3128 sed
441 3068 539 3141 palam
560 3067 599 3124 de
620 3069 689 3126 loco
713 3065 871 3140 superiore
889 3074 1008 3139 agaret,
1034 3082 1088 3139 pro

7 3174 9 3183 ·
65 3156 193 3231 imperto
205 3158 235 3211 et
245 3160 404 3226 potestate
433 3149 536 3208 XXlll
556 3146 607 3207 50.
626 3147 759 3206 Catinam
772 3164 862 3221 quum
875 3147 1018 3220 venisset,
1035 3166 1088 3222 op-

17 3236 169 3315 pidum
180 3235 335 3309 locuples
355 3233 531 3303 honestum,
548 3229 721 3302 copiosum,
738 3228 991 3305 Dronysrarchum
1003 3233 1042 3290 ad
1055 3247 1088 3290 se

64 3334 264 3397 proagorum,
286 3315 345 3376 hoc
365 3324 425 3387 est,
453 3330 602 3375 summum
622 3311 843 3388 magistratum,
871 3314 973 3373 vocari
996 3314 1088 3373 iubet
