2356 3854
124 136 189 213 866
348 138 423 199 PRO
439 136 470 196 Τ.
484 136 602 199 ANNIO
615 136 761 198 MILONE
774 136 927 198 onemo.

126 307 198 354 esse
221 285 399 350 amen-inis
422 284 559 345 meritum
579 288 744 359 praemium
766 287 967 360 persolutum.
1016 285 1066 348 59.
1088 289 1141 352 Sci

127 370 319 448 quaestiones
334 377 442 442 urgent
454 366 607 442 Milonem,
619 386 698 442 quae
712 375 783 429 sunt
795 369 917 429 habitae
933 386 1019 430 nunc
1033 371 1063 430 in
1077 374 1142 434 atr'n

93 510 96 517 .
124 453 292 516 LibertatIs.
318 449 504 523 Quibusnam
520 451 559 510 de
576 451 697 510 servist
709 458 823 524 rogas?
836 452 875 510 de
890 450 923 510 P.
938 452 1048 513 Clodii.
1082 454 1141 528 Qus

77 552 81 565 ·
125 553 179 598 cos
194 533 380 610 postulavitr
403 530 534 607 Appius.
558 532 630 605 Quis
645 533 809 608 produxitt
823 533 959 608 Appius.
993 536 1141 597 Undeta'a

123 618 235 695 Appio.
248 616 284 676 ni
297 617 385 675 bonit
398 614 471 689 quid
482 622 584 689 potest
595 614 643 689 agi
656 615 816 675 severius?
830 616 875 674 lie
886 617 1142 694 servisnuilaiega

126 698 265 776 quaestio
280 699 348 758 cst
340 713 370 757 ιιι
385 696 539 757 dominum
556 695 616 756 nisi
631 698 670 756 de
685 697 816 769 incestu,
838 706 873 757 ιιι
888 699 969 758 tuit
960 716 993 759 ιιι
1008 701 1139 762 clodium

124 783 264 843 Proxime
280 782 356 841 deos
372 778 503 840 accessit
518 779 651 852 clodius,
669 780 795 864 propius
810 788 995 855 quamtum,
1013 784 1140 881 quemad

124 867 210 941 ipsos
233 871 419 940 penetrarat,
441 861 527 921 cuius
550 862 588 920 de
609 845 705 921 morte
723 870 875 936 tamquam
897 864 939 923 de
960 866 1139 927 caerimoniis
1172 909 1177 947 Ξ

125 948 244 1009 violatis
265 947 426 1041 quaeritur.
469 944 531 1004 Sed
555 951 654 1004 tannen
677 943 809 1005 maiores
829 945 953 1005 nostri
945 964 978 1006 ιιι
1001 948 1138 1010 dominun
1171 1018 1177 1030 Ι

123 1033 162 1092 ιιι
183 1046 272 1105 servo
298 1027 403 1104 quaeri
423 1024 599 1099 noluerunt,
623 1042 684 1087 non
702 1026 846 1102 quianon
863 1039 977 1102 posset
992 1047 1094 1092 verum
1107 1033 1136 1091 ιι
1169 1072 1177 1111 5,

123 1113 234 1187 veniri,
256 1113 312 1172 sed
330 1113 401 1186 quia
421 1110 579 1170 videbatur
600 1106 755 1184 indignum
778 1119 808 1170 et
827 1110 946 1171 domini
967 1122 1067 1175 morte
1084 1115 1136 1190 ipsa
1168 1155 1177 1196 .·:·

124 1196 246 1258 tristius.
289 1194 323 1253 in
337 1209 421 1253 reum
437 1193 581 1273 deservo
596 1191 782 1253 accusatoris
798 1210 890 1268 quum
907 1192 1082 1273 quaeritur,
1099 1212 1133 1257 ve
1168 1222 1177 1279 q

122 1275 325 1338 ruminveniri
336 1282 456 1349 potestt
468 1274 519 1336 60;
537 1266 603 1349 A'ge
618 1292 701 1347 vero,
714 1292 791 1350 quae
806 1283 870 1335 croi
884 1285 939 1337 aut
950 1278 1053 1352 qualis
1064 1294 1133 1354 quae
1169 1320 1177 1345 ι

123 1360 298 1420 stiotHeus
313 1365 353 1430 tu,
368 1357 467 1429 Rufio,
482 1357 568 1416 verbi
578 1374 681 1429 causa
697 1373 772 1417 cava
783 1359 826 1418 sis
838 1359 1007 1420 mentiaris
1032 1362 1132 1422 ctotiu
1167 1385 1177 1441 q

125 1441 253 1502 insidias
268 1439 339 1499 iecit
352 1439 478 1499 Miloni?
490 1440 582 1500 Fecit
606 1440 692 1502 Certa
706 1456 789 1500 crux
809 1442 914 1502 Nullas
925 1443 1011 1503 iecit.
1027 1444 1132 1519 speau

123 1525 266 1595 libertas„
299 1521 376 1595 Quid
396 1522 453 1583 hac
477 1521 656 1597 quaestione
685 1523 817 1583 certius?
837 1523 947 1584 Subito
978 1525 1131 1602 abreptiin
1168 1556 1177 1611 ἑ

124 1606 333 1682 quaestionem
354 1613 453 1666 tamen
478 1615 695 1680 separantura
718 1606 845 1666 caeteris
860 1615 891 1666 ιι
903 1607 935 1666 in
950 1625 1044 1671 arcas
1060 1608 1131 1671 conii·
1169 1652 1177 1679 ,

124 1690 256 1762 ciuntur,
275 1704 313 1748 ne
337 1687 406 1763 quis
430 1704 498 1748 cum
518 1688 555 1748 iis
579 1688 712 1764 colloqui
733 1690 842 1763 possit
883 1690 923 1748 Hi
947 1691 1130 1752 centumdict

124 1789 217 1848 penes
238 1781 446 1832 accusatorem
475 1787 567 1847 quum
595 1771 737 1842 tuissent,
757 1773 797 1831 ab
817 1788 855 1833 ιο
878 1774 951 1847 ipso
971 1783 1131 1836 accumbo
1168 1822 1177 1860 ,

122 1853 262 1930 producti
283 1862 362 1917 sunt.
412 1853 487 1927 Quid
508 1854 566 1914 hac
589 1853 768 1929 quaestione
788 1853 848 1914 dici
867 1863 975 1930 potest
997 1857 1131 1933 integr-int.

123 1936 195 2012 quid
213 1937 437 2010 incorruptiusa
1168 1984 1177 2021 :=

181 2019 286 2077 XXIII.
300 2018 351 2078 61.
368 2019 454 2091 Quod
470 2018 496 2078 si
510 2019 645 2078 nondum
660 2017 734 2079 satis
749 2016 887 2092 cernitis,
908 2037 1009 2095 quum
1022 2038 1072 2083 rea
1083 2022 1131 2096 ipsa
1174 2020 1177 2027 ’

122 2108 235 2161 tottam
249 2101 339 2159 cieris
351 2101 535 2175 argumentis
551 2101 709 2175 signisque
728 2103 835 2173 luceat,
851 2118 930 2177 pura
945 2114 1049 2167 mente
1062 2113 1131 2177 atqu
1170 2178 1173 2187 1

123 2185 240 2258 integra
253 2182 405 2252 Milonem,
422 2185 504 2244 nulio
520 2185 636 2245 sceiere
648 2183 801 2256 imbutum,
813 2186 895 2245 nulio
908 2196 995 2248 metu
1012 2183 1130 2263 perterri·
1173 2184 1177 2241 Ῑ

122 2276 192 2337 tum,
211 2267 293 2327 nulia
304 2266 490 2327 conscientia
504 2267 705 2327 exanimatum
716 2269 843 2328 Romam
856 2271 1040 2344 revertisse,
1052 2282 1130 2330 recor

122 2349 248 2422 damini,
275 2366 330 2424 per
349 2350 425 2410 deos
445 2350 643 2409 immortates!
666 2366 745 2424 quae
765 2350 853 2411 tuerit
872 2353 1017 2413 celeritas
1039 2352 1131 2415 rudius
1170 2348 1177 2428 {j

122 2431 202 2500 eius,
224 2432 275 2505 qui
289 2433 446 2505 ingressus
461 2432 491 2492 in
507 2433 606 2492 forum
620 2433 744 2492 ardente
759 2433 857 2507 curia,
880 2451 962 2507 quae
977 2433 1132 2511 magnitudo
1171 2428 1177 2493 1

120 2511 220 2582 animi,
238 2513 289 2586 qui
300 2517 410 2585 vuitus,
427 2532 506 2590 quae
522 2515 628 2577 oratio.
650 2515 757 2590 Neque
770 2532 843 2575 vero
861 2531 896 2576 se
910 2519 1033 2593 populo
1048 2519 1132 2583 ειιιι,
1172 2512 1177 2585 ζ

122 2593 279 2654 sedetiam
295 2598 414 2656 senatui
431 2596 595 2670 commisit,
613 2615 715 2672 neque
730 2597 847 2658 senatui
865 2602 977 2673 modo,
994 2603 1053 2661 sed
1066 2599 1134 2661 aar
1173 2596 1177 2657 ζ

122 2675 250 2752 publicis
267 2677 426 2750 praesidiis
441 2687 471 2738 ct
484 2679 590 2750 armis,
613 2697 713 2755 neque
724 2681 771 2740 his
785 2689 913 2752 tuntum,
939 2673 1049 2745 v'erurn
1067 2680 1134 2743 ιιιιι
1175 2736 1177 2745 .

120 2761 187 2820 cius
201 2759 357 2835 potestati,
373 2760 421 2820 cui
436 2771 561 2823 senatus
575 2770 667 2823 totam
681 2780 745 2823 rem
759 2763 929 2838 publicam,
958 2783 1082 2827 omnem
1092 2764 1134 2823 ιι·
1175 2797 1177 2805 ,

120 2843 180 2903 liae
193 2843 321 2918 pubem,
345 2852 455 2906 cuncta
477 2844 584 2920 popuii
606 2847 735 2907 Romani
758 2862 841 2906 arma
861 2848 1078 2909 commiserati
1101 2840 1136 2905 ιιί

119 2942 284 3002 numquam
300 2941 335 2985 se
349 2927 399 2986 bic
417 2930 553 3002 protecto
564 2929 755 3000 tradidisset,
781 2928 840 2988 nisi
856 2944 976 2990 causae
991 2946 1070 2992 suae
1083 2942 1135 2989 con·

28 3058 33 3065 .
119 3008 240 3082 fideret,
264 3011 441 3083 praesertim
463 3010 563 3071 omnia
577 3012 724 3081 audienti,
747 3026 857 3085 magno
871 3013 1041 3087 metuenti,
1065 3011 1135 3071 ndu

121 3094 302 3184 suspicanti,
317 3110 377 3154 non
396 3095 478 3154 nulia
495 3093 640 3155 credenti.
682 3094 792 3167 Magna
808 3092 854 3153 vis
871 3101 919 3154 est
934 3093 1134 3180 conscientia

120 3170 245 3248 iudices,
262 3185 291 3235 et
307 3175 461 3250 magnoin
477 3185 637 3251 utramque
652 3185 777 3252 partem,
792 3183 826 3237 ut
838 3191 944 3251 neque
959 3178 1087 3239 timeant
1098 3167 1136 3248 qui

120 3250 190 3312 nihii
204 3257 408 3319 commiserint
418 3266 448 3319 ιι
462 3274 591 3332 poenam
599 3276 720 3333 semper
727 3267 797 3321 ante
804 3259 912 3319 oculos
922 3276 1044 3320 versari
1036 3257 1136 3335 putari

121 3333 174 3408 qui
187 3339 348 3409 peccarint.
379 3339 443 3405 62.
457 3341 563 3415 Neque
579 3359 651 3403 vero
666 3340 733 3402 sine
750 3340 868 3402 ratione
883 3350 972 3404 certa
987 3358 1083 3404 causa
1095 3333 1134 3397 ιι·
