2356 3854
121 164 186 226 too
249 164 288 223 ιιι
303 162 343 223 ιι.
359 156 710 220 ιιιοιιιιιιιοιιιιιο
725 130 1032 222 enumerentur

124 322 259 411 quartam
273 313 370 381 illam,
392 324 471 384 quae
491 308 596 368 relicto
610 308 742 368 Antonin
764 324 799 367 se
814 309 888 368 olim
903 323 976 368 cum
989 304 1092 370 Martia
1103 311 1141 370 le-

122 399 212 473 gione
230 394 397 465 coniunxit,
420 400 451 451 et
471 391 643 485 septimam,
667 407 747 486 quae
761 390 929 452 constituta
949 408 992 452 ex
1006 396 1143 455 veteranis

122 479 225 540 docuit
240 475 301 536 hoc
315 438 432 550 proelio
448 474 619 535 militibus
611 472 665 546 ris,
685 474 737 548 qui
753 470 895 533 Caesaris
917 475 1070 535 beneficia
1089 493 1143 537 ser·

121 566 263 636 vassent,
281 567 405 618 senatus
422 557 588 633 populique
601 557 730 616 Romani
747 572 852 615 carum
867 574 985 644 qomen
999 574 1079 620 esse.
1097 559 1145 620 His
1171 592 1174 601 ·

121 642 225 717 viginti
242 641 427 713 cohortibus,
442 642 524 701 nullo
539 637 685 714 equitatu,
699 638 835 699 Hirtius
827 656 899 713 lpse
914 641 1053 716 aquilam
1068 660 1145 740 quar

120 735 169 785 tae
185 723 315 798 legionis
337 740 436 819 quum·
451 722 589 794 interret,
614 739 675 796 qua
689 723 800 782 nullius
815 723 1008 796 pulcriorem
1024 728 1145 822 speciem

45 819 48 825 ’
120 807 311 882 imperatoris
332 806 522 881 accepimus,
540 821 608 864 cum
628 805 724 874 tribus
738 803 865 864 Antonii
878 805 1059 881 legionibus
1072 809 1145 883 equi·

119 898 245 965 lataque
260 888 409 960 conflixit,
435 888 604 962 hostesque
618 887 768 959 nefarios,
784 887 854 947 huie
870 889 959 950 lovis
976 890 1083 966 optimi
1094 909 1144 952 ma·

119 972 193 1033 ximi
214 971 403 1045 caeterisque
424 971 552 1031 deornm
566 970 776 1030 immortalium
789 971 933 1046 templis,
954 974 1046 1034 urbis
1064 977 1144 1046 tectis,

119 1054 249 1115 libertati
264 1053 369 1129 populi
379 1053 521 1126 Romani,
544 1062 666 1114 nostrae
680 1052 759 1113 vitae
774 1052 988 1130 sanguinique
1004 1056 1143 1117 imminen-

118 1147 166 1198 tes
184 1137 361 1212 proslravit,
378 1137 469 1206 ludit,
485 1135 609 1208 occidit,
624 1144 658 1195 ut
671 1151 739 1195 cum
752 1136 921 1196 admodum
934 1140 1058 1213 paucis,
1070 1148 1140 1201 nocte

119 1218 230 1292 te'ctuS,
253 1228 334 1281 metu
347 1218 538 1293 perterritus,
560 1220 702 1294 princeps
723 1219 871 1279 latronum
887 1221 1025 1298 duxque
1042 1221 1141 1298 ingerit.

119 1301 293 1363 Osolem
284 1318 386 1377 ipsum
405 1301 628 1373 beatissimum,
656 1300 723 1375 qui,
751 1309 820 1361 ante
847 1319 944 1398 quam
968 1323 1007 1367 se
1026 1308 1141 1376 abderet,

118 1385 219 1444 stratis
234 1384 434 1444 cadaveribus
452 1383 671 1459 parricidarum
687 1400 756 1443 cum
770 1383 879 1479 paucis
896 1387 1072 1462 lugientem
1085 1387 1142 1448 vidit
1174 1467 1176 1471 y

109 1464 299 1529 Antonium!
344 1465 393 1526 28.
410 1469 457 1524 Αιι
473 1484 546 1526 vero
563 1467 725 1563 quisquam
742 1454 891 1527 dubitabit
907 1473 1073 1545 appellare
1085 1471 1139 1530 cae

58 1586 65 1606 ι
118 1564 218 1609 sarem
234 1547 469 1624 imperatorem?
510 1553 605 1609 Aetas
623 1550 689 1610 eius
707 1557 788 1609 certe
802 1549 840 1609 ab
858 1550 920 1611 hac
937 1555 1137 1615 sententiare

116 1631 228 1692 minem
241 1631 421 1706 deterrebit,
438 1633 560 1726 quando
577 1633 699 1708 quidem
713 1631 822 1692 virtute
838 1637 1005 1707 superavit
1020 1646 1139 1698 aetatem

116 1718 163 1775 Ac
180 1713 253 1775 mihi
268 1731 390 1790 semper
415 1731 452 1774 eo
473 1716 588 1775 maiora
608 1715 756 1776 beneficia
777 1714 808 1773 C.
824 1715 968 1778 Caesaris
993 1721 1062 1780 visa
1077 1726 1141 1790 sunt,

17 1792 20 1797 ’
117 1816 178 1872 quo
190 1799 288 1858 minus
300 1805 385 1858 erant
395 1799 433 1857 ab
440 1806 537 1858 aetate
549 1797 600 1856 illa
609 1797 807 1892 postulanda
822 1799 872 1859 cui
885 1817 986 1874 quum
998 1802 1141 1879 imperium

117 1881 281 1952 dabamus,
302 1881 441 1941 eodemt
430 1890 566 1956 tempore
588 1880 676 1940 etiam
692 1897 780 1955 spem
797 1881 865 1941 eius
881 1882 1021 1946 nominis
1041 1887 1141 1946 delere

116 1964 241 2023 bamus=
264 1964 346 2037 quod
367 1980 460 2037 quum
475 1973 523 2024 est
539 1972 740 2036 consecutus,
760 1963 975 2027 auctoritatem
992 1968 1089 2031 nostri
1100 1968 1141 2027 de

116 2044 191 2105 creti
210 2046 302 2106 rebus
323 2044 418 2118 'gestis
442 2047 507 2105 suis
532 2045 749 2122 comprobavit.
793 2046 850 2107 Hic
870 2063 947 2124 ergo
970 2052 1140 2112 adolescens

116 2126 240 2188 maximi
255 2129 360 2202 animi,
382 2139 414 2189 ut
429 2129 587 2189 verissime
605 2128 709 2189 scribit
722 2127 852 2202 Hirtius,
870 2140 977 2192 castra
997 2138 1138 2196 multarum

115 2211 270 2285 legionum
288 2209 395 2286 paucis
411 2212 586 2272 cohortibus
606 2220 719 2280 tutatus
742 2221 790 2272 est
806 2215 1048 2292 secundumque
1067 2232 1137 2293 proe

115 2294 188 2353 lium
209 2295 289 2354 fecit.
333 2295 377 2354 lta
399 2295 486 2355 trium
508 2297 724 2370 imperatorum
744 2294 852 2371 populi
874 2297 1013 2360 Romani
1038 2301 1140 2372 virtuts,

117 2376 262 2450 consilio,
283 2375 424 2438 felicitate
450 2395 511 2440 uno
536 2378 585 2438 die
612 2377 688 2438 locis
714 2377 852 2452 pluribus
878 2397 932 2441 res
956 2385 1084 2457 publica
1103 2390 1142 2444 est

117 2468 306 2520 conservata
356 2461 406 2520 XI.
429 2461 479 2522 29.
510 2463 648 2522 Decerno
670 2459 760 2536 igitur
785 2477 891 2522 corum
913 2462 1008 2526 trium
1034 2465 1141 2527 nomine

116 2539 337 2615 quinquaginta
365 2544 481 2605 dierum
512 2543 771 2619 supplicationes·
801 2560 929 2620 causas,
968 2559 1005 2610 ut
1032 2548 1141 2610 honori·

115 2622 321 2685 ficentissimis
343 2627 444 2686 verbis
465 2627 614 2702 consequi
633 2636 758 2702 potero,
784 2629 1004 2704 cornplectar
994 2650 1064 2709 rpsa
1084 2649 1142 2695 sen·

116 2705 218 2767 tentia

177 2789 232 2850 Est
251 2797 351 2850 aulem
371 2789 444 2851 fidei
469 2789 562 2866 pietat
563 2791 654 2868 isque
686 2802 808 2854 nostrae
832 2794 996 2858 declarare
1026 2797 1141 2860 tortissi-

115 2873 173 2933 mis
195 2872 338 2934 militibus
361 2892 451 2949 quam
467 2892 618 2936 memores
635 2875 731 2938 simus
749 2893 904 2953 quamque
921 2881 1014 2953 grati.
1057 2882 1142 2955 Quam

115 2957 156 3016 ob
180 2973 244 3016 rem
271 2958 422 3032 promissa
444 2967 548 3019 nostra
568 2967 658 3034 atque
681 2977 732 3032 ea,
761 2976 839 3034 quae
868 2960 1047 3037 legionibus
1071 2965 1139 3024 bello

115 3041 256 3100 coniecto
274 3042 435 3102 tributuros
448 3059 504 3102 nos
520 3041 750 3121 spopondimus,
766 3041 917 3104 hodierno
936 3057 1065 3110 senatus
1080 3063 1137 3108 con·

117 3123 196 3182 sulto
211 3126 388 3184 renovanda
406 3141 533 3186 censeo·
559 3141 693 3222 aequum
713 3134 761 3188 est
776 3142 855 3185 emm
879 3127 1027 3205 militum,
1048 3130 1134 3192 talium

115 3200 307 3281 praesertim,
334 3207 480 3268 honorem
502 3206 655 3283 coniungi.
698 3207 749 3269 30.
769 3210 871 3284 Atque
892 3211 1028 3290 utinam,
1047 3220 1133 3290 patres

116 3289 296 3364 conscripti,
319 3290 435 3352 civibus
456 3290 596 3352 omnibus
618 3293 738 3352 solvere
759 3292 847 3353 nobis
869 3297 1011 3368 praemia
1030 3296 1132 3357 liceret!

116 3382 298 3443 quamquam
328 3388 384 3433 nos
407 3390 457 3450 ea,
485 3391 563 3450 quae
590 3373 798 3449 promisimus,
831 3377 974 3439 studiose
1000 3378 1133 3442 cumulata
