2356 3854
81 173 145 238 m
197 173 272 232 atto
282 174 314 230 P.
325 173 452 230 sunta
462 171 615 230 otterto.
642 169 725 228 CAP-
735 177 780 228 ³2
789 177 834 229 ἢ
849 176 878 233 ς.
888 177 919 229 91
924 176 1008 230 -98,

83 321 445 384 ovotucremtorummt
459 317 835 399 oeaecamctrpiditatean!
850 333 872 376 o
882 325 1055 392 praeposter

82 402 327 479 gratniau‘onem!
342 417 435 475 quant
452 403 512 460 cito
534 400 586 458 itta
600 399 702 460 omnia
719 417 760 458 ex
776 397 890 459 laetitia
905 408 938 459 et
958 402 1055 473 volupt

83 488 122 546 ad
138 487 250 545 ludum
264 493 296 542 et
309 483 449 543 hcnimas
462 483 649 553 reciderunt,
664 492 713 551 ut,
729 483 781 556 qui
796 483 900 555 pauno
915 491 987 541 ante
1004 499 1055 540 con

63 624 69 634 ,
83 567 261 641 ἀωίειηωε
279 565 401 635 inisset,
417 574 544 638 repente
555 567 669 624 utilium
683 565 843 638 vestigium
856 565 1002 624 retineret
1013 565 1055 637 pri

84 665 142 709 nae
157 648 327 722 dignitatis!
342 649 420 720 Quid
433 648 514 707 enim
528 648 672 705 staturati
686 647 772 721 quod
781 646 862 717 huic,
876 647 1055 720 spoliatura

84 732 216 801 honore,
231 729 376 801 fortunis,
389 731 502 790 deesse
516 728 689 788 videatur
704 738 757 788 aut
769 730 819 787 cui
833 746 936 788 novae
951 729 1055 788 calami

84 815 171 874 iocus
183 815 263 872 nllus
277 813 400 872 rciictus
414 819 519 872 esset?
530 811 625 884 Urget
637 813 744 871 eadem
762 813 884 870 fortuna
897 828 980 886 quae
996 828 1055 886 coet

84 895 218 971 repperit
230 910 344 955 novum
356 911 537 954 maerorem
553 893 889 971 noupatiturhomiuern
901 894 1055 954 catamitos

84 996 145 1039 nno
159 981 238 1038 maio
252 977 408 1036 adflictum
422 994 484 1036 nno
498 979 529 1035 iu
544 977 627 1035 luctu
643 977 752 1050 perire.

166 1061 297 1121 xxxttl.
310 1059 360 1118 92.
379 1059 442 1118 Sed
455 1059 514 1118 iam
532 1058 683 1132 impedior
698 1067 834 1132 egomet,
852 1058 989 1129 iudices,
1008 1061 1055 1118 dol

84 1142 190 1215 animi,
210 1159 249 1201 ne
270 1141 309 1200 de
328 1141 419 1200 huius
433 1141 557 1200 miseria
571 1142 658 1215 ptura
676 1140 785 1200 dicam.
816 1142 950 1201 Vestrae
969 1144 1055 1201 sunt}

86 1232 204 1301 partes,
224 1223 356 1283 iudices:
378 1225 408 1280 in
427 1233 531 1289 vestra
558 1223 788 1283 mansuetudine
814 1231 908 1297 atque
928 1224 1052 1283 humaui

85 1313 313 1369 causamtotam
323 1320 450 1379 repono.
474 1308 540 1365 Vos
549 1305 715 1366 reiectione
727 1305 915 1379 interposita,
926 1307 1002 1365 nihii
1014 1325 1055 1367 su

84 1389 222 1450 cantibus
236 1387 341 1458 nobis,
354 1386 504 1462 repentini
519 1387 550 1446 in
562 1388 744 1448 nosiudices
755 1387 956 1462 consedistis,
971 1391 1055 1448 abac

85 1469 237 1532 satoribus
257 1470 367 1529 deiecti
390 1471 430 1529 ad
450 1486 537 1545 spem
556 1471 745 1540 acerbitatis,
769 1487 788 1529 a
813 1471 936 1530 fortuna
961 1471 1051 1532 nobis

85 1552 270 1629 praesidium
284 1551 475 1611 innocentiae
489 1553 652 1613 constituti.
682 1554 722 1614 Ut
737 1569 795 1626 ego
811 1552 886 1626 quid
900 1554 942 1613 de
954 1571 1005 1614 me
1018 1572 1055 1628 po

85 1638 134 1697 ius
147 1637 304 1696 Romanus
319 1634 520 1707 existimaret,
536 1637 608 1709 quia
623 1653 751 1696 severus
766 1635 795 1693 in
810 1635 972 1709 improbos
988 1639 1054 1703 fuer

84 1719 220 1780 laboravi
239 1727 270 1778 et
290 1734 370 1792 quae
389 1717 487 1792 prima
504 1718 674 1778 innocentis
696 1718 769 1776 mihi
785 1717 925 1778 defensio
943 1728 994 1780 est
1015 1721 1053 1780 ob

9 1866 18 1880 l
86 1801 224 1877 suscepi,
252 1802 298 1861 sic
326 1817 384 1861 vos
409 1800 601 1861 severitatem
626 1801 821 1869 iudiciorum,
861 1816 943 1874 quae
972 1819 1030 1876 per

84 1900 207 1945 menses
220 1885 251 1943 in
268 1883 405 1944 homines
419 1883 641 1943 audacissimos
662 1885 741 1942 iacta
760 1890 844 1951 sunt,
865 1883 995 1944 lenitate
1010 1903 1046 1945 ac

85 1965 251 2027 sericordia
263 1965 405 2039 mitigate.
433 1965 483 2026 93.
497 1968 563 2026 Hoc
578 1983 670 2040 quum
690 1983 709 2024 a
725 1967 813 2025 vobis
833 1964 1001 2039 impetrare
1022 1985 1055 2027 ca

84 2048 406 2122 ipsadcbet‚tt1mest
421 2048 516 2108 vestri
529 2049 620 2108 animi
634 2059 725 2122 atque
738 2047 856 2108 nautis
878 2049 1038 2110 declarare
1052 2069 1055 2109 t

20 2140 23 2144 ’
84 2145 157 2190 csse
178 2145 233 2189 cos
258 2145 332 2201 vos,
354 2131 394 2188 ad
420 2147 499 2204 quos
524 2132 714 2204 potissimum
738 2130 919 2204 interposita
946 2133 1055 2194 reiecti

85 2211 228 2273 devenire
238 2210 421 2272 convenerit.
453 2214 486 2271 lu
497 2230 558 2286 quo
570 2231 628 2289 ego
639 2213 854 2286 vos,iudices‚
867 2223 1055 2287 quantumin

84 2293 114 2353 in
139 2311 194 2355 vos
217 2311 302 2354 amor
325 2295 472 2369 postulat,
499 2302 612 2356 tantum
632 2296 750 2367 hortor,
772 2304 806 2356 ut
827 2298 982 2357 communi
1003 2309 1055 2359 stu

85 2377 228 2449 quoniam
255 2377 285 2436 in
306 2377 479 2451 republica
502 2377 654 2439 coniuncti
678 2382 797 2449 sumus,
824 2381 1055 2440 mansuetudine

85 2442 292 2599 milslericordii
312 2467 417 2520 nostra
436 2461 543 2520 falsam
561 2459 690 2533 anobis
711 2460 897 2521 crudelitatis
925 2463 1038 2523 tamam

83 2554 124 2613 pe
146 2553 242 2599 amus.
