2356 3854
82 182 145 246 roe
281 185 331 243 on
344 166 499 245 nucum
515 185 570 245 cn.
585 184 737 244 romanu
752 184 904 245 cunno.

83 350 172 409 quam
188 341 235 393 est
251 349 345 393 ausus
361 341 475 407 optare.
510 335 584 393 Nam
606 352 696 408 quum
713 350 746 392 se
763 334 793 395 in
807 349 934 409 regnum
950 351 1039 395 suum
1049 351 1088 394 re
1119 336 1130 413 ‚¹

82 416 229 490 cepisset,
251 415 386 475 nonfuit
407 432 443 476 eo
464 425 638 489 contentus,
658 416 741 491 quod
762 418 790 476 ei
806 424 927 490 praeter
942 434 1030 495 spem
1048 434 1089 478 ac·
1127 418 1130 497 ξ

83 499 209 568 uiderat,
226 506 259 558 ut
272 499 366 571 illam,
383 506 490 573 postea
506 516 594 572 quom
609 502 715 572 pulsus
735 508 813 572 erat,
830 507 941 559 terram
955 517 1090 575 umquam
1128 510 1130 581 ;

82 580 252 655 attingeret,
269 581 368 640 sedin
387 581 550 640 exercitum
565 591 701 642 nostrum
719 583 830 640 clarum
845 591 937 656 atque
951 582 1090 644 victorem
1128 592 1130 663 ζ

81 665 223 739 impetum
240 664 317 723 fecit
346 663 439 725 Sinite
453 665 511 724 hoc
525 667 603 738 loco,
620 664 757 737 Quirites,
773 664 852 724 sicut
864 668 976 738 poetae
992 666 1090 736 solent,
1127 668 1130 739 ζ

83 748 135 822 qui
149 765 199 807 res
213 749 365 808 Romanas
383 749 530 822 scribunt,
551 747 714 822 praeterire
733 763 781 806 me
798 756 933 806 nostram
949 747 1091 807 calamita·
1128 760 1130 793 ³

82 840 156 906 tem,
178 849 257 908 quae
276 841 359 892 tanta
379 832 447 903 luit,
471 841 504 892 ut
524 848 590 890 eam
612 833 651 890 ad
671 846 759 889 aures
774 829 890 889 Luculli
907 827 1090 904 imperatoris
1128 798 1130 875 i

82 933 142 976 noo
167 934 206 975 ex
226 915 341 990 proelio
364 915 506 985 nuncius,
533 915 587 973 sed
609 929 649 972 ex
670 928 810 971 sermone
835 929 939 972 rumor
957 913 1098 985 adferret

80 1000 132 1061 26.
151 1000 207 1077 Hic
228 999 258 1057 in
279 999 329 1056 illo
347 999 415 1071 ipso
436 999 515 1056 malo
536 995 776 1070 gravissimaque
793 995 864 1054 belli
880 993 1051 1055 offensione
1063 993 1090 1051 L.

81 1083 239 1161 LuculluS,
262 1080 313 1153 qui
330 1090 426 1140 tamen
448 1079 548 1152 aliquo
566 1095 603 1137 ex
619 1086 704 1152 parte
718 1077 755 1136 iis
770 1076 971 1139 incommodis
987 1073 1090 1137 mederi

82 1166 211 1225 fortasse
224 1163 380 1236 potuisset,
395 1169 496 1220 vestro
508 1162 592 1220 iussu
608 1169 741 1230 coactus
756 1157 972 1235 quodimperii
989 1159 1089 1219 diutu—
1107 1232 1111 1239 Ι

82 1247 166 1305 nitati
182 1245 304 1303 modum
320 1245 509 1304 statuendum
524 1253 624 1302 vetere
640 1243 779 1317 exemplo
795 1242 968 1316 putavistis,
986 1249 1088 1318 partem
1109 1306 1112 1311 ,

82 1327 220 1398 militum,
245 1325 298 1399 qui
313 1325 371 1385 iam
387 1325 545 1399 stipendiis
566 1325 695 1385 coniecti
716 1333 815 1398 erant,
835 1324 962 1396 dimisit,
986 1331 1087 1401 partem

84 1408 235 1468 Glabrioni
248 1408 375 1466 tradidit.
404 1409 496 1467 Multa
508 1418 664 1481 praetereo
678 1409 826 1479 consulto,
842 1409 897 1468 sed
910 1424 947 1467 ea
960 1424 1018 1467 vos
1028 1423 1086 1466 con·

83 1492 195 1551 iectura
207 1490 378 1565 perspicite,
397 1498 538 1565 quantum
551 1492 624 1550 illud
634 1491 744 1549 bellum
756 1492 866 1549 lactum
879 1491 1002 1564 putetis,
1018 1488 1086 1565 quod

83 1575 266 1647 coniungant
285 1589 373 1647 reges
392 1573 606 1647 potentissimi,
633 1582 781 1633 renovent
801 1572 931 1647 agitatae
951 1572 1085 1642 nationes,

84 1657 250 1731 suscipiant
270 1655 403 1730 integrae
420 1662 539 1730 gentes,
559 1673 657 1716 novus
673 1657 836 1730 imperator
850 1663 955 1715 noster
972 1655 1085 1730 accipiat

83 1749 184 1800 vetere
200 1737 333 1799 exercitu
345 1741 443 1813 pulso.
472 1739 508 1798 X.
521 1736 572 1798 27.
595 1738 675 1798 Satis
687 1739 759 1797 mihi
774 1740 864 1798 multa
878 1739 975 1797 verba
990 1737 1087 1799 iecisse
1129 1806 1130 1810 Ἰ

69 1824 203 1901 uideor,
225 1838 285 1896 qua
304 1838 338 1880 re
358 1831 442 1882 esset
460 1823 518 1881 hoc
539 1823 649 1881 bellum
669 1837 779 1896 genere
797 1822 865 1896 ipso
883 1820 1086 1890 necessarium,
1128 1840 1130 1860 =

4 1930 9 1953 ι
84 1906 286 1979 magnitudine
304 1905 522 1978 periculosum:
539 1912 633 1964 restat
645 1912 678 1964 ut
692 1905 730 1963 de
744 1904 925 1977 imperatore
939 1904 981 1962 ad
995 1903 1024 1967 id
1036 1901 1086 1961 bel·

83 1989 144 2046 lum
164 1986 323 2060 deligendo
346 2003 382 2045 ac
405 1987 493 2046 tantis
514 1989 604 2048 rebus
622 1986 827 2061 praeficiendo
848 1985 1014 2046 dicendum
1029 1998 1087 2045 esse

85 2068 229 2127 videatur.

165 2150 297 2222 Utinam,
320 2149 463 2223 Quirites,
489 2150 620 2210 virorum
643 2152 762 2211 fortium
785 2158 875 2223 atque
896 2149 1088 2212 innocentium

84 2234 202 2306 copiam
216 2241 326 2292 tantam
346 2232 511 2304 haberetis²
533 2241 565 2293 ut
579 2234 654 2292 haec
672 2233 759 2293 vobis
776 2233 952 2292 deliberatio
970 2231 1088 2294 difficilis

84 2326 174 2387 esset,
192 2333 350 2390 quemnam
365 2315 554 2389 potissimum
565 2318 655 2375 tantis
666 2317 758 2375 rebus
771 2332 807 2374 ac
821 2323 903 2374 tanto
919 2315 1001 2387 bello
1016 2329 1089 2390 prae

84 2399 245 2458 ficiendum
255 2399 415 2474 putaretis!
438 2400 522 2458 Nunc
536 2415 606 2458 vero
620 2415 709 2472 quum
725 2400 764 2458 sit
775 2415 853 2457 unus
867 2398 917 2456 Cn.
929 2397 1088 2473 Pompeius,

85 2480 211 2554 quinon
227 2483 317 2541 modo
332 2498 436 2540 eorum
452 2480 614 2552 hominum,
633 2481 684 2555 qui
701 2497 778 2539 nunc
794 2488 873 2550 sunt,
890 2479 1027 2554 gloriam,
1045 2476 1091 2551 scd

73 2561 172 2635 ,etiam
186 2563 370 2636 antiquitatis
391 2563 564 2632 memoriam
579 2563 685 2624 virtute
701 2561 863 2637 superarit,
886 2579 966 2635 quae
988 2579 1038 2623 res
1052 2566 1091 2619 est

85 2660 163 2718 quae
181 2644 358 2717 cuiusquam
376 2645 507 2711 animum
528 2644 557 2704 iu
575 2647 631 2705 hoc
652 2662 745 2705 causa
765 2644 888 2705 dubium
907 2632 1010 2704 iacere
1030 2658 1090 2718 pos·

84 2727 143 2787 sitt
171 2726 220 2788 28.
242 2727 305 2799 Ego
321 2726 400 2785 enim
416 2727 459 2786 sic
475 2726 623 2798 existimo,
639 2730 668 2786 io
685 2744 800 2787 summo
816 2727 1000 2801 imperatore
1017 2731 1089 2800 quot·

33 2830 36 2834 ·
82 2817 151 2870 tuor
162 2810 277 2868 haeres
289 2808 391 2868 inesse
403 2819 551 2883 oportere,
570 2810 724 2870 scientiam
734 2810 778 2868 rei
790 2808 935 2879 militaris,
951 2808 1087 2875 virtutem,

1 2929 3 2939 ·
83 2891 303 2964 auctoritatem,
328 2890 505 2952 lelicitatem.
548 2893 618 2965 Quis
635 2891 723 2966 igitur
737 2893 796 2951 hoc
815 2891 937 2963 homine
959 2888 1088 2950 scientior

83 2991 224 3048 umquam
239 2972 289 3033 aut
307 2972 362 3033 fuit
377 2983 428 3034 aut
442 2991 512 3034 esse
526 2974 650 3035 debuit?
672 2975 723 3049 qui
738 2991 755 3034 e
769 2974 841 3033 ludo
858 2982 949 3046 atque
966 2990 984 3032 e
1001 2967 1087 3047 pueri·
1128 3030 1130 3035 .

83 3055 142 3114 tiae
162 3056 329 3131 disciplinis
353 3057 432 3116 bello
454 3056 582 3116 maximo
607 3066 697 3131 atque
722 3055 875 3117 acerrimis
899 3049 1087 3121 hostibusad

84 3137 176 3208 patris
194 3139 358 3199 exercitum
378 3147 467 3212 atque
489 3140 518 3199 in
533 3138 653 3199 militiae
668 3140 856 3214 disciplinam
872 3139 1027 3211 protectus
1042 3140 1086 3197 est

85 3216 136 3290 qui
158 3228 290 3279 extrema
312 3221 437 3296 pueritia
458 3221 543 3283 miles
564 3223 592 3280 in
612 3221 745 3283 exercitu
768 3222 823 3280 luit
844 3219 951 3280 summi
973 3220 1086 3293 impert·

83 3298 173 3370 toris,
190 3299 309 3362 ineunte
324 3304 529 3363 adolescentia
544 3303 665 3362 maximi
679 3304 745 3377 ipse
761 3302 913 3362 exercitus
928 3302 1085 3375 imperator.

84 3382 135 3456 qui
151 3381 275 3455 saepius
285 3401 352 3442 cum
363 3386 450 3443 hoste
465 3384 601 3445 conflixit
614 3401 703 3459 quam
718 3385 878 3459 quisquam
897 3400 966 3443 cum
980 3378 1084 3443 inimico
