2356 3854
354 198 707 265 can.1-a.s.r-s.
856 280 859 291 ἵ
981 204 1041 272 itt

64 363 80 405 e
97 346 239 420 gratiam:
258 347 378 420 deinde,
395 348 422 408 si
438 348 512 424 quid
527 349 676 424 obtigerit,
692 367 793 427 aequo
808 350 909 412 animo
923 363 1042 428 pareto·

64 427 207 489 ernoriar.
234 431 309 489 Nam
330 447 432 505 neque
452 431 548 505 turpis
563 448 645 493 mors
662 433 732 494 lorti
753 435 818 495 viro
840 444 942 511 potest
962 437 1042 504 acci-

63 531 81 573 e
98 529 201 587 neque
215 511 374 574 immatura
388 514 543 575 consulari
557 531 614 574 nec
628 516 741 577 misera
758 518 897 593 sapienti.
922 519 984 578 Nec
999 529 1043 580 tu-
1059 528 1070 565 ἰ

64 615 76 654 r
94 612 154 670 ego
170 613 239 656 sum
257 597 308 657 ille
324 598 450 670 terreus,
475 597 527 672 qui
551 598 650 658 fratris
667 599 816 661 carissimi
830 611 923 676 atque
940 618 1043 661 antan-

64 679 118 738 imi
139 679 310 754 praesentis
335 696 472 741 maerore
493 697 553 740 non
574 697 700 741 movear
720 683 893 758 horumque
910 687 1043 745 omnium

64 762 158 834 imiS,
180 764 324 837 aquibus
346 781 394 824 me
415 764 650 826 circumsessum
666 765 785 826 videtis.
819 768 927 840 Neque
944 784 1041 829 meam

63 855 140 906 rtem
157 863 217 906 non
230 847 354 908 domum
368 864 462 922 saepe
472 856 597 907 revocat
611 850 783 908 exanimata
792 865 870 910 uxor
882 858 912 909 et
925 851 1043 911 abiecta

64 949 89 989 ,u
104 928 174 989 filia'
185 937 214 989 et
230 932 375 1005 paruulus
394 931 490 1003 filius,
510 947 601 1006 quem
616 931 689 990 mihi
703 931 823 992 videtur
837 933 978 1006 amplecti
991 949 1042 993 res

64 1015 132 1072 »lica
147 1021 302 1087 tamquam
317 1015 456 1074 obsidem
468 1016 646 1075 consulatus
658 1014 727 1087 mei,
739 1031 841 1090 neque
853 1014 913 1088 ille,
927 1015 979 1092 qui
990 1031 1043 1074 ex·
1086 1036 1088 1040 ³

66 1104 156 1156 ctans
177 1097 266 1156 huius
282 1097 395 1158 exitum
413 1097 474 1157 diei
488 1098 589 1158 adstat
613 1098 643 1157 in
659 1108 830 1174 conspectu
849 1115 918 1158 meo
940 1113 1042 1172 gener.

64 1196 137 1240 reor
160 1178 209 1238 his
226 1181 319 1240 rebus
338 1180 496 1254 omnibus,
525 1181 631 1241 sedin
653 1198 721 1242 eam
743 1191 875 1257 partem,
900 1181 943 1241 uti
966 1180 1044 1242 salvi

64 1261 241 1331 „vobiscum
257 1281 374 1336 omnes,
389 1263 477 1323 etiam
493 1265 518 1325 si
530 1280 579 1324 me
592 1265 640 1331 vis
652 1265 755 1341 aliqua
771 1262 969 1340 oppresserit,
987 1281 1043 1339 po-

64 1365 84 1419 t,
103 1363 196 1420 quam
218 1355 249 1406 et
270 1347 320 1408 ille
344 1356 373 1407 et
393 1363 452 1407 nos
472 1364 534 1408 una
548 1348 594 1407 rei
611 1348 751 1422 publicae
768 1341 857 1423 pe‘ste
870 1364 1043 1423 pereamus.

64 1429 189 1503 Quare,
203 1439 307 1504 putres
322 1430 495 1506 conscripti,
511 1431 676 1492 incumbite
690 1432 730 1491 ad
746 1433 874 1492 salutern
886 1431 932 1492 rei
946 1431 1042 1506 publi·

64 1559 72 1586 ,
87 1512 311 1587 circumspicite
320 1530 425 1574 omnes
438 1515 599 1589 procellas,
617 1531 695 1590 quae
707 1515 891 1590 impendent,
904 1515 961 1575 nisi
973 1516 1043 1590 pro—

64 1596 129 1657 elis.
169 1597 236 1655 Non
251 1597 294 1655 Ti.
311 1597 483 1669 GracchuS,
507 1597 559 1672 qui
580 1598 843 1658 iterumtrlbunus
859 1598 958 1672 plebis
977 1597 1067 1657 lieri'

64 1680 115 1753 uit,
132 1697 193 1739 non
206 1679 236 1738 C.
250 1680 416 1752 Gracchus,
434 1680 519 1754 quod
532 1680 669 1754 agrarios
682 1681 836 1741 concitare
848 1689 975 1740 conatus
986 1689 1043 1754 est,

64 1782 71 1821 r
86 1763 119 1821 L.
132 1762 323 1834 Saturninus,
342 1762 394 1837 qui
403 1762 433 1821 C.
442 1763 615 1823 Memmium
630 1762 749 1833 occidit,
766 1762 796 1821 in
812 1763 975 1821 discrimen
990 1763 1040 1821 uli-

64 1847 202 1928 »datque
218 1845 248 1905 iu
264 1855 385 1906 vestrae
399 1845 571 1905 severitatis
585 1845 729 1903 iudicium
741 1845 917 1905 adducitur:
939 1853 1042 1904 tenen-

69 1930 102 2003 ii,
117 1929 171 2004 qui
187 1930 226 1990 ad
240 1929 326 1990 urbis
343 1928 532 2002 incendium,
552 1928 592 1988 ad
609 1936 742 1987 vestram
758 1927 891 1988 omnium
906 1928 1042 2002 caedem,

64 2014 214 2077 latilinam
223 2013 436 2087 accipiendum
443 2013 558 2072 Romae
565 2010 753 2072 restiterunt:
768 2019 908 2073 tenentur
916 2012 1041 2084 litterae,

64 2115 111 2169 ra,
127 2114 252 2167 manus,
268 2096 402 2170 denique
417 2094 507 2156 unius
520 2095 676 2170 cuiusque
689 2095 859 2157 confessio:
875 2095 1040 2156 sollicitan-

68 2182 263 2255 Allobroges,
281 2179 405 2240 servitia
423 2179 601 2251 excitentur,
618 2177 744 2240 esuum
761 2178 934 2251 arcessitur,
948 2178 979 2237 id
993 2187 1041 2239 est
1061 2211 1066 2228 ι

63 2282 113 2325 um
130 2264 307 2336 consilium,
322 2272 357 2327 ut
371 2263 536 2324 interiectis
557 2262 699 2334 omnibus
719 2277 807 2323 nemo
826 2279 864 2320 ne
880 2263 919 2321 ad
934 2262 1041 2335 deplo-

64 2350 138 2408 dum
161 2347 285 2423 quidem
307 2347 413 2421 populi
435 2346 562 2407 Romani
578 2362 689 2406 nomen
707 2355 800 2420 atque
822 2347 861 2405 ad
875 2346 1040 2405 lamentan-

64 2431 167 2492 ntanti
178 2429 297 2504 imperii
310 2430 510 2503 calamitatem
521 2430 718 2504 relinquatur.
739 2430 789 2488 lll.
803 2428 832 2487 5.
845 2429 928 2489 Haec
940 2428 1042 2490 omnia

64 2515 126 2575 ices
144 2515 327 2587 detulerunt,
342 2513 388 2573 rei
405 2512 635 2584 confessisunt,
654 2529 713 2573 vos
728 2511 829 2573 multis
844 2511 903 2572 iam
920 2511 1040 2573 iudiciis

64 2599 215 2671 icavistis,
237 2598 468 2673 primumquod
490 2597 563 2656 mihi
577 2597 691 2672 gratias
707 2595 812 2672 egistis
837 2595 1040 2670 singularibus

64 2682 110 2742 bis
132 2691 163 2742 et
177 2697 246 2741 mea
259 2681 368 2742 virtute
389 2690 482 2756 atque
503 2679 658 2754 diligentia
678 2679 865 2755 perditorum
885 2679 1040 2740 bominum

64 2765 249 2826 iurationem
264 2766 446 2840 patefactam
461 2781 533 2824 esse
547 2763 744 2836 decrevistis,
773 2762 884 2822 deinde
906 2763 989 2836 quod
1009 2761 1040 2819 P.

64 2851 167 2910 rtulum
192 2864 227 2908 sc
248 2848 390 2908 abdicare
413 2855 554 2923 praetura
570 2846 725 2921 coegistis,
740 2855 802 2906 tum
817 2846 900 2918 quod
920 2860 989 2904 eum
1012 2851 1041 2902 et

65 2942 158 3006 leros,
176 2932 341 3011 dequibus
358 2931 531 3002 iudicastis,
547 2931 579 2989 in
593 2929 763 2990 custodiam
780 2928 899 2987 dandos
921 2925 1040 2986 censui-

64 3014 286 3090 ,maximeque
305 3016 387 3090 quod
409 3030 477 3074 meo
493 3014 616 3073 nomine
631 3010 886 3087 supplicationem
904 3008 1039 3068 decrevi·

64 3137 74 3169 ,‚
91 3099 143 3173 qui
158 3098 258 3159 honos
272 3106 375 3172 togato
393 3095 513 3156 habitus
527 3105 597 3156 ante
611 3112 660 3156 me
675 3102 722 3156 est
739 3091 865 3163 nemini,
884 3100 1040 3165 postremo

64 3191 152 3241 terno
170 3182 220 3242 die
240 3175 383 3257 praemia'
396 3180 504 3254 legatis
524 3179 723 3253 Allobrogum
739 3176 868 3249 Titoque
882 3176 1040 3238 Vulturcio

64 3265 138 3326 listis
154 3264 351 3339 amplissima.
388 3262 470 3337 Quae
486 3271 558 3323 sunt
572 3260 674 3320 omnic
689 3260 757 3321 eius
774 3258 873 3332 modi,
887 3269 920 3321 ut
934 3259 969 3334 ii,
988 3259 1040 3335 qui

64 3349 226 3409 custodiam
248 3342 432 3408 nominatim
450 3344 512 3406 dati
535 3352 620 3419 sunt,
651 3342 792 3405 sine-ulla
813 3343 999 3407 dubitatione
1027 3361 1045 3402 a

64 3431 100 3492 tis
115 3431 248 3495 damnati
264 3448 336 3492 esse
350 3431 518 3491 videantur.
