<?xml version="1.0" encoding="UTF-8"?>
<!DOCTYPE html PUBLIC "-//W3C//DTD XHTML 1.0 Transitional//EN"
    "http://www.w3.org/TR/xhtml1/DTD/xhtml1-transitional.dtd">
<html xmlns="http://www.w3.org/1999/xhtml" xml:lang="en" lang="en">
 <head>
  <title>
</title>
<meta http-equiv="Content-Type" content="text/html;charset=utf-8" />
  <meta name='ocr-system' content='tesseract 3.04.00' />
  <meta name='ocr-capabilities' content='ocr_page ocr_carea ocr_par ocr_line ocrx_word'/>
</head>
<body>
  <div class='ocr_page' id='page_1' title='image "./mtulliiciceroni08cicegoog_0357.png"; bbox 0 0 2356 3854; ppageno 0'>
   <div class='ocr_carea' id='block_1_1' title="bbox 6 116 905 238">
    <p class='ocr_par' dir='ltr' id='par_1_1' title="bbox 6 116 905 238">
     <span class='ocr_line' id='line_1_1' title="bbox 6 116 905 238; baseline -0.022 3"><span class='ocrx_word' id='word_1_1' title='bbox 6 128 8 133; x_wconf 30' lang='lat'>⁵</span> <span class='ocrx_word' id='word_1_2' title='bbox 107 173 171 238; x_wconf 83' lang='lat' dir='ltr'><strong>arc</strong></span> <span class='ocrx_word' id='word_1_3' title='bbox 369 167 443 228; x_wconf 83' lang='lat' dir='ltr'><strong>nno</strong></span> <span class='ocrx_word' id='word_1_4' title='bbox 459 166 515 226; x_wconf 86' lang='lat' dir='ltr'><strong>cn.</strong></span> <span class='ocrx_word' id='word_1_5' title='bbox 530 164 693 227; x_wconf 76' lang='lat' dir='ltr'><strong>nanneto</strong></span> <span class='ocrx_word' id='word_1_6' title='bbox 709 116 905 226; x_wconf 60' lang='lat' dir='ltr'><strong>crunno.¹</strong></span> 
     </span>
    </p>
   </div>
   <div class='ocr_carea' id='block_1_2' title="bbox 106 298 1178 972">
    <p class='ocr_par' dir='ltr' id='par_1_2' title="bbox 106 298 1178 972">
     <span class='ocr_line' id='line_1_2' title="bbox 108 298 1084 399; baseline -0.012 -14"><span class='ocrx_word' id='word_1_7' title='bbox 108 319 252 385; x_wconf 77' lang='lat' dir='ltr'><strong>suadbus</strong></span> <span class='ocrx_word' id='word_1_8' title='bbox 268 318 414 378; x_wconf 79' lang='lat' dir='ltr'><strong>defensor</strong></span> <span class='ocrx_word' id='word_1_9' title='bbox 430 316 537 376; x_wconf 90' lang='lat' dir='ltr'><strong>salutis</strong></span> <span class='ocrx_word' id='word_1_10' title='bbox 550 298 654 387; x_wconf 80' lang='lat' dir='ltr'><strong>ureae&#39;,</strong></span> <span class='ocrx_word' id='word_1_11' title='bbox 676 315 726 375; x_wconf 89' lang='lat' dir='ltr'><strong>cui</strong></span> <span class='ocrx_word' id='word_1_12' title='bbox 741 322 868 399; x_wconf 75' lang='lat' dir='ltr'><strong>senatus</strong></span> <span class='ocrx_word' id='word_1_13' title='bbox 894 331 951 389; x_wconf 91' lang='lat' dir='ltr'><strong>pro</strong></span> <span class='ocrx_word' id='word_1_14' title='bbox 963 330 1009 374; x_wconf 89' lang='lat' dir='ltr'><strong>ure</strong></span> <span class='ocrx_word' id='word_1_15' title='bbox 1029 338 1036 381; x_wconf 86' lang='grc'><strong>·,</strong></span> <span class='ocrx_word' id='word_1_16' title='bbox 1061 338 1084 366; x_wconf 68' lang='lat'><strong>1:</strong></span> 
     </span>
     <span class='ocr_line' id='line_1_3' title="bbox 109 397 1178 479; baseline -0.006 -15"><span class='ocrx_word' id='word_1_17' title='bbox 109 403 244 479; x_wconf 86' lang='lat' dir='ltr'><strong>agendas</strong></span> <span class='ocrx_word' id='word_1_18' title='bbox 259 401 377 475; x_wconf 88' lang='lat' dir='ltr'><strong>putavit</strong></span> <span class='ocrx_word' id='word_1_19' title='bbox 387 432 437 472; x_wconf 95' lang='lat'><strong>-,</strong></span> <span class='ocrx_word' id='word_1_20' title='bbox 452 398 481 458; x_wconf 89' lang='lat' dir='ltr'><strong>ei</strong></span> <span class='ocrx_word' id='word_1_21' title='bbox 496 414 554 473; x_wconf 91' lang='lat' dir='ltr'><strong>ego</strong></span> <span class='ocrx_word' id='word_1_22' title='bbox 572 415 589 457; x_wconf 90' lang='lat' dir='ltr'><strong>a</strong></span> <span class='ocrx_word' id='word_1_23' title='bbox 606 413 654 456; x_wconf 89' lang='lat' dir='ltr'><strong>me</strong></span> <span class='ocrx_word' id='word_1_24' title='bbox 668 397 860 457; x_wconf 80' lang='lat' dir='ltr'><strong>referendam</strong></span> <span class='ocrx_word' id='word_1_25' title='bbox 870 399 998 472; x_wconf 83' lang='lat' dir='ltr'><strong>gratiam</strong></span> <span class='ocrx_word' id='word_1_26' title='bbox 1008 414 1131 467; x_wconf 74' lang='lat' dir='ltr'><strong>nonu</strong></span> <span class='ocrx_word' id='word_1_27' title='bbox 1154 444 1178 473; x_wconf 81' lang='grc'><em>,</em></span> 
     </span>
     <span class='ocr_line' id='line_1_4' title="bbox 106 480 1140 559; baseline -0.008 -12"><span class='ocrx_word' id='word_1_28' title='bbox 106 493 191 549; x_wconf 66' lang='lat' dir='ltr'><strong>tem?</strong></span> <span class='ocrx_word' id='word_1_29' title='bbox 211 484 306 559; x_wconf 82' lang='lat' dir='ltr'><strong>Atqui</strong></span> <span class='ocrx_word' id='word_1_30' title='bbox 327 483 404 543; x_wconf 88' lang='lat' dir='ltr'><strong>baec</strong></span> <span class='ocrx_word' id='word_1_31' title='bbox 423 499 515 557; x_wconf 90' lang='lat' dir='ltr'><strong>quum</strong></span> <span class='ocrx_word' id='word_1_32' title='bbox 538 480 641 554; x_wconf 89' lang='lat' dir='ltr'><strong>vides,</strong></span> <span class='ocrx_word' id='word_1_33' title='bbox 657 496 718 555; x_wconf 88' lang='lat' dir='ltr'><strong>quo</strong></span> <span class='ocrx_word' id='word_1_34' title='bbox 740 496 788 540; x_wconf 89' lang='lat' dir='ltr'><strong>me</strong></span> <span class='ocrx_word' id='word_1_35' title='bbox 811 480 936 549; x_wconf 90' lang='lat' dir='ltr'><strong>tandem</strong></span> <span class='ocrx_word' id='word_1_36' title='bbox 951 483 981 540; x_wconf 89' lang='lat' dir='ltr'><strong>in</strong></span> <span class='ocrx_word' id='word_1_37' title='bbox 998 489 1026 540; x_wconf 88' lang='lat' dir='ltr'><strong>te</strong></span> <span class='ocrx_word' id='word_1_38' title='bbox 1039 497 1140 552; x_wconf 54' lang='lat' dir='ltr'><strong>arg</strong></span> 
     </span>
     <span class='ocr_line' id='line_1_5' title="bbox 107 561 1164 645; baseline -0.004 -17"><span class='ocrx_word' id='word_1_39' title='bbox 107 578 198 645; x_wconf 87' lang='lat' dir='ltr'><strong>putas</strong></span> <span class='ocrx_word' id='word_1_40' title='bbox 210 582 291 641; x_wconf 91' lang='lat' dir='ltr'><strong>esse,</strong></span> <span class='ocrx_word' id='word_1_41' title='bbox 308 565 504 627; x_wconf 70' lang='lat' dir='ltr'><strong>Laterensis?</strong></span> <span class='ocrx_word' id='word_1_42' title='bbox 519 566 612 626; x_wconf 89' lang='lat' dir='ltr'><strong>ullum</strong></span> <span class='ocrx_word' id='word_1_43' title='bbox 624 581 696 623; x_wconf 92' lang='lat' dir='ltr'><strong>esse</strong></span> <span class='ocrx_word' id='word_1_44' title='bbox 708 573 825 624; x_wconf 88' lang='lat' dir='ltr'><strong>tantum</strong></span> <span class='ocrx_word' id='word_1_45' title='bbox 838 561 1017 637; x_wconf 88' lang='lat' dir='ltr'><strong>perieulum,</strong></span> <span class='ocrx_word' id='word_1_46' title='bbox 1029 572 1164 641; x_wconf 58' lang='lat' dir='ltr'><strong>taes</strong></span> 
     </span>
     <span class='ocr_line' id='line_1_6' title="bbox 108 647 1157 741; baseline -0.002 -29"><span class='ocrx_word' id='word_1_47' title='bbox 108 652 260 723; x_wconf 89' lang='lat' dir='ltr'><strong>laborem,</strong></span> <span class='ocrx_word' id='word_1_48' title='bbox 281 658 394 711; x_wconf 82' lang='lat' dir='ltr'><strong>tantam</strong></span> <span class='ocrx_word' id='word_1_49' title='bbox 417 647 641 708; x_wconf 79' lang='lat' dir='ltr'><strong>contentionem</strong></span> <span class='ocrx_word' id='word_1_50' title='bbox 660 663 751 721; x_wconf 88' lang='lat' dir='ltr'><strong>quam</strong></span> <span class='ocrx_word' id='word_1_51' title='bbox 766 661 823 721; x_wconf 89' lang='lat' dir='ltr'><strong>ego</strong></span> <span class='ocrx_word' id='word_1_52' title='bbox 839 663 903 706; x_wconf 91' lang='lat' dir='ltr'><strong>nou</strong></span> <span class='ocrx_word' id='word_1_53' title='bbox 917 648 1009 707; x_wconf 91' lang='lat' dir='ltr'><strong>modo</strong></span> <span class='ocrx_word' id='word_1_54' title='bbox 1025 663 1157 741; x_wconf 60' lang='grc' dir='ltr'><strong>ρης</strong></span> 
     </span>
     <span class='ocr_line' id='line_1_7' title="bbox 107 728 1157 817; baseline -0.004 -21"><span class='ocrx_word' id='word_1_55' title='bbox 107 738 169 796; x_wconf 86' lang='lat' dir='ltr'><strong>lule</strong></span> <span class='ocrx_word' id='word_1_56' title='bbox 191 740 256 805; x_wconf 91' lang='lat' dir='ltr'><strong>tua,</strong></span> <span class='ocrx_word' id='word_1_57' title='bbox 279 735 335 793; x_wconf 92' lang='lat' dir='ltr'><strong>sed</strong></span> <span class='ocrx_word' id='word_1_58' title='bbox 356 730 445 793; x_wconf 88' lang='lat' dir='ltr'><strong>etiam</strong></span> <span class='ocrx_word' id='word_1_59' title='bbox 466 748 522 807; x_wconf 92' lang='lat' dir='ltr'><strong>pro</strong></span> <span class='ocrx_word' id='word_1_60' title='bbox 545 730 690 805; x_wconf 81' lang='lat' dir='ltr'><strong>dignitate</strong></span> <span class='ocrx_word' id='word_1_61' title='bbox 716 728 907 803; x_wconf 83' lang='lat' dir='ltr'><strong>defugerimr</strong></span> <span class='ocrx_word' id='word_1_62' title='bbox 936 729 1008 804; x_wconf 79' lang='lat' dir='ltr'><strong>Quo</strong></span> <span class='ocrx_word' id='word_1_63' title='bbox 1022 747 1157 817; x_wconf 58' lang='grc' dir='ltr'><strong>φωρ</strong></span> 
     </span>
     <span class='ocr_line' id='line_1_8' title="bbox 108 812 1170 895; baseline -0.007 -16"><span class='ocrx_word' id='word_1_64' title='bbox 108 819 199 879; x_wconf 89' lang='lat' dir='ltr'><strong>etiam</strong></span> <span class='ocrx_word' id='word_1_65' title='bbox 214 816 311 891; x_wconf 87' lang='lat' dir='ltr'><strong>magis</strong></span> <span class='ocrx_word' id='word_1_66' title='bbox 329 832 395 877; x_wconf 90' lang='lat' dir='ltr'><strong>sum</strong></span> <span class='ocrx_word' id='word_1_67' title='bbox 413 831 475 875; x_wconf 91' lang='lat' dir='ltr'><strong>non</strong></span> <span class='ocrx_word' id='word_1_68' title='bbox 490 814 590 876; x_wconf 85' lang='lat' dir='ltr'><strong>dicam</strong></span> <span class='ocrx_word' id='word_1_69' title='bbox 605 814 700 874; x_wconf 89' lang='lat' dir='ltr'><strong>miser</strong></span> <span class='ocrx_word' id='word_1_70' title='bbox 722 848 760 859; x_wconf 94' lang='lat'>-</span> <span class='ocrx_word' id='word_1_71' title='bbox 787 829 857 872; x_wconf 90' lang='lat' dir='ltr'><strong>nam</strong></span> <span class='ocrx_word' id='word_1_72' title='bbox 877 812 939 895; x_wconf 83' lang='lat' dir='ltr'><strong>boe</strong></span> <span class='ocrx_word' id='word_1_73' title='bbox 954 813 1117 888; x_wconf 64' lang='lat' dir='ltr'><strong>quidese</strong></span> <span class='ocrx_word' id='word_1_74' title='bbox 1146 858 1170 886; x_wconf 79' lang='grc'><strong>.</strong></span> 
     </span>
     <span class='ocr_line' id='line_1_9' title="bbox 107 895 1107 972; baseline -0.004 -11"><span class='ocrx_word' id='word_1_75' title='bbox 107 901 211 962; x_wconf 89' lang='lat' dir='ltr'><strong>horret</strong></span> <span class='ocrx_word' id='word_1_76' title='bbox 225 916 244 959; x_wconf 90' lang='lat' dir='ltr'><strong>a</strong></span> <span class='ocrx_word' id='word_1_77' title='bbox 258 898 366 960; x_wconf 86' lang='lat' dir='ltr'><strong>virtute</strong></span> <span class='ocrx_word' id='word_1_78' title='bbox 378 900 561 971; x_wconf 43' lang='lat' dir='ltr'><strong>verbumv,</strong></span> <span class='ocrx_word' id='word_1_79' title='bbox 569 897 627 958; x_wconf 91' lang='lat' dir='ltr'><strong>sed</strong></span> <span class='ocrx_word' id='word_1_80' title='bbox 644 906 725 957; x_wconf 91' lang='lat' dir='ltr'><strong>certe</strong></span> <span class='ocrx_word' id='word_1_81' title='bbox 736 898 897 969; x_wconf 85' lang='lat' dir='ltr'><strong>exercitus,</strong></span> <span class='ocrx_word' id='word_1_82' title='bbox 912 913 974 956; x_wconf 92' lang='lat' dir='ltr'><strong>non</strong></span> <span class='ocrx_word' id='word_1_83' title='bbox 988 895 1107 972; x_wconf 58' lang='lat' dir='ltr'><strong>quie}</strong></span> 
     </span>
    </p>
   </div>
   <div class='ocr_carea' id='block_1_3' title="bbox 17 978 1174 1054">
    <p class='ocr_par' dir='ltr' id='par_1_3' title="bbox 17 978 1174 1054">
     <span class='ocr_line' id='line_1_10' title="bbox 17 978 1174 1054; baseline -0.006 -8"><span class='ocrx_word' id='word_1_84' title='bbox 17 1037 22 1052; x_wconf 78' lang='grc'><strong>,</strong></span> <span class='ocrx_word' id='word_1_85' title='bbox 107 983 148 1046; x_wconf 90' lang='lat' dir='ltr'><strong>lis</strong></span> <span class='ocrx_word' id='word_1_86' title='bbox 164 982 319 1044; x_wconf 88' lang='lat' dir='ltr'><strong>debeo-</strong></span> <span class='ocrx_word' id='word_1_87' title='bbox 335 984 405 1041; x_wconf 92' lang='lat' dir='ltr'><strong>leve</strong></span> <span class='ocrx_word' id='word_1_88' title='bbox 422 983 500 1043; x_wconf 85' lang='lat' dir='ltr'><strong>eninr</strong></span> <span class='ocrx_word' id='word_1_89' title='bbox 519 988 566 1040; x_wconf 89' lang='lat' dir='ltr'><strong>est</strong></span> <span class='ocrx_word' id='word_1_90' title='bbox 583 997 661 1040; x_wconf 88' lang='lat' dir='ltr'><strong>onus</strong></span> <span class='ocrx_word' id='word_1_91' title='bbox 676 978 817 1039; x_wconf 87' lang='lat' dir='ltr'><strong>beneficii</strong></span> <span class='ocrx_word' id='word_1_92' title='bbox 828 979 987 1054; x_wconf 84' lang='lat' dir='ltr'><strong>gratiu-‚</strong></span> <span class='ocrx_word' id='word_1_93' title='bbox 1001 996 1134 1049; x_wconf 65' lang='lat' dir='ltr'><strong>sees</strong></span> <span class='ocrx_word' id='word_1_94' title='bbox 1154 1044 1174 1054; x_wconf 53' lang='grc'>,</span> 
     </span>
    </p>
   </div>
   <div class='ocr_carea' id='block_1_4' title="bbox 93 1062 1178 2051">
    <p class='ocr_par' dir='ltr' id='par_1_4' title="bbox 96 1062 1178 1305">
     <span class='ocr_line' id='line_1_11' title="bbox 104 1062 1178 1146; baseline -0.007 -18"><span class='ocrx_word' id='word_1_95' title='bbox 104 1084 204 1142; x_wconf 86' lang='lat' dir='ltr'><strong>saepe</strong></span> <span class='ocrx_word' id='word_1_96' title='bbox 219 1073 403 1126; x_wconf 89' lang='lat' dir='ltr'><strong>concurrunt</strong></span> <span class='ocrx_word' id='word_1_97' title='bbox 420 1072 546 1139; x_wconf 90' lang='lat' dir='ltr'><strong>propter</strong></span> <span class='ocrx_word' id='word_1_98' title='bbox 559 1065 731 1138; x_wconf 90' lang='lat' dir='ltr'><strong>aliquorum</strong></span> <span class='ocrx_word' id='word_1_99' title='bbox 752 1063 831 1122; x_wconf 90' lang='lat' dir='ltr'><strong>bene</strong></span> <span class='ocrx_word' id='word_1_100' title='bbox 847 1063 887 1122; x_wconf 92' lang='lat' dir='ltr'><strong>de</strong></span> <span class='ocrx_word' id='word_1_101' title='bbox 906 1079 956 1123; x_wconf 90' lang='lat' dir='ltr'><strong>me</strong></span> <span class='ocrx_word' id='word_1_102' title='bbox 973 1062 1178 1146; x_wconf 56' lang='lat' dir='ltr'><strong>meri-13</strong></span> 
     </span>
     <span class='ocr_line' id='line_1_12' title="bbox 96 1146 1161 1224; baseline -0.007 -12"><span class='ocrx_word' id='word_1_103' title='bbox 96 1150 185 1212; x_wconf 79' lang='lat' dir='ltr'><strong>‘inter</strong></span> <span class='ocrx_word' id='word_1_104' title='bbox 200 1149 287 1224; x_wconf 90' lang='lat' dir='ltr'><strong>ipsos</strong></span> <span class='ocrx_word' id='word_1_105' title='bbox 303 1146 530 1219; x_wconf 84' lang='lat' dir='ltr'><strong>contentiones,</strong></span> <span class='ocrx_word' id='word_1_106' title='bbox 546 1155 578 1207; x_wconf 89' lang='lat' dir='ltr'><strong>ut</strong></span> <span class='ocrx_word' id='word_1_107' title='bbox 593 1148 702 1207; x_wconf 89' lang='lat' dir='ltr'><strong>eodem</strong></span> <span class='ocrx_word' id='word_1_108' title='bbox 716 1155 853 1221; x_wconf 86' lang='lat' dir='ltr'><strong>ternpore</strong></span> <span class='ocrx_word' id='word_1_109' title='bbox 865 1147 897 1205; x_wconf 90' lang='lat' dir='ltr'><strong>in</strong></span> <span class='ocrx_word' id='word_1_110' title='bbox 913 1160 1021 1206; x_wconf 90' lang='lat' dir='ltr'><strong>ornnes</strong></span> <span class='ocrx_word' id='word_1_111' title='bbox 1102 1177 1161 1223; x_wconf 57' lang='grc' dir='ltr'>Ξ</span> 
     </span>
     <span class='ocr_line' id='line_1_13' title="bbox 107 1230 848 1305; baseline -0.007 -12"><span class='ocrx_word' id='word_1_112' title='bbox 107 1251 147 1294; x_wconf 89' lang='lat' dir='ltr'><strong>ne</strong></span> <span class='ocrx_word' id='word_1_113' title='bbox 163 1233 215 1291; x_wconf 87' lang='lat' dir='ltr'><strong>vix</strong></span> <span class='ocrx_word' id='word_1_114' title='bbox 232 1231 350 1305; x_wconf 92' lang='lat' dir='ltr'><strong>possim</strong></span> <span class='ocrx_word' id='word_1_115' title='bbox 368 1238 472 1304; x_wconf 89' lang='lat' dir='ltr'><strong>gratus</strong></span> <span class='ocrx_word' id='word_1_116' title='bbox 490 1230 596 1291; x_wconf 89' lang='lat' dir='ltr'><strong>videri.</strong></span> <span class='ocrx_word' id='word_1_117' title='bbox 839 1247 848 1254; x_wconf 71' lang='grc'><strong>’</strong></span> 
     </span>
    </p>

    <p class='ocr_par' dir='ltr' id='par_1_5' title="bbox 108 1311 1174 1574">
     <span class='ocr_line' id='line_1_14' title="bbox 170 1311 1163 1406; baseline 0.001 -32"><span class='ocrx_word' id='word_1_118' title='bbox 170 1312 219 1374; x_wconf 86' lang='grc'><strong>79.</strong></span> <span class='ocrx_word' id='word_1_119' title='bbox 233 1313 295 1372; x_wconf 86' lang='lat' dir='ltr'><strong>Sed</strong></span> <span class='ocrx_word' id='word_1_120' title='bbox 306 1314 382 1372; x_wconf 91' lang='lat' dir='ltr'><strong>baec</strong></span> <span class='ocrx_word' id='word_1_121' title='bbox 395 1329 452 1388; x_wconf 89' lang='lat' dir='ltr'><strong>ego</strong></span> <span class='ocrx_word' id='word_1_122' title='bbox 467 1315 543 1373; x_wconf 90' lang='lat' dir='ltr'><strong>meis</strong></span> <span class='ocrx_word' id='word_1_123' title='bbox 559 1313 748 1388; x_wconf 86' lang='lat' dir='ltr'><strong>ponderibus</strong></span> <span class='ocrx_word' id='word_1_124' title='bbox 762 1311 955 1385; x_wconf 84' lang='lat' dir='ltr'><strong>examinabo,</strong></span> <span class='ocrx_word' id='word_1_125' title='bbox 971 1328 1163 1406; x_wconf 46' lang='lat' dir='ltr'><strong>noum,</strong></span> 
     </span>
     <span class='ocr_line' id='line_1_15' title="bbox 109 1375 1174 1482; baseline -0.004 -24"><span class='ocrx_word' id='word_1_126' title='bbox 109 1397 182 1473; x_wconf 88' lang='lat' dir='ltr'><strong>quid</strong></span> <span class='ocrx_word' id='word_1_127' title='bbox 193 1395 304 1471; x_wconf 89' lang='lat' dir='ltr'><strong>auique</strong></span> <span class='ocrx_word' id='word_1_128' title='bbox 315 1396 452 1470; x_wconf 89' lang='lat' dir='ltr'><strong>debeam,</strong></span> <span class='ocrx_word' id='word_1_129' title='bbox 470 1393 628 1456; x_wconf 89' lang='lat' dir='ltr'><strong>sedetiam</strong></span> <span class='ocrx_word' id='word_1_130' title='bbox 645 1397 719 1470; x_wconf 87' lang='lat' dir='ltr'><strong>quid</strong></span> <span class='ocrx_word' id='word_1_131' title='bbox 730 1395 881 1470; x_wconf 82' lang='lat' dir='ltr'><strong>cuiusque</strong></span> <span class='ocrx_word' id='word_1_132' title='bbox 894 1394 1015 1457; x_wconf 85' lang='lat' dir='ltr'><strong>intersit</strong></span> <span class='ocrx_word' id='word_1_133' title='bbox 1121 1375 1174 1482; x_wconf 52' lang='lat'><strong>01⁰</strong></span> 
     </span>
     <span class='ocr_line' id='line_1_16' title="bbox 108 1458 1162 1574; baseline -0.003 -32"><span class='ocrx_word' id='word_1_134' title='bbox 108 1499 127 1542; x_wconf 89' lang='lat' dir='ltr'><strong>a</strong></span> <span class='ocrx_word' id='word_1_135' title='bbox 146 1495 194 1539; x_wconf 91' lang='lat' dir='ltr'><strong>me</strong></span> <span class='ocrx_word' id='word_1_136' title='bbox 208 1478 359 1553; x_wconf 91' lang='lat' dir='ltr'><strong>cuiusque</strong></span> <span class='ocrx_word' id='word_1_137' title='bbox 374 1487 493 1553; x_wconf 88' lang='lat' dir='ltr'><strong>tempus</strong></span> <span class='ocrx_word' id='word_1_138' title='bbox 508 1482 626 1554; x_wconf 82' lang='lat' dir='ltr'><strong>poscat.</strong></span> <span class='ocrx_word' id='word_1_139' title='bbox 646 1479 776 1540; x_wconf 87' lang='lat' dir='ltr'>XXXIII.</span> <span class='ocrx_word' id='word_1_140' title='bbox 793 1478 902 1553; x_wconf 80' lang='lat' dir='ltr'><strong>Agitur</strong></span> <span class='ocrx_word' id='word_1_141' title='bbox 918 1458 1162 1574; x_wconf 51' lang='lat' dir='ltr'><strong>studiat-1020?</strong></span> 
     </span>
    </p>

    <p class='ocr_par' dir='ltr' id='par_1_6' title="bbox 93 1541 1178 2051">
     <span class='ocr_line' id='line_1_17' title="bbox 93 1541 1174 1664; baseline 0.003 -41"><span class='ocrx_word' id='word_1_142' title='bbox 93 1565 158 1623; x_wconf 69' lang='lat' dir='ltr'><strong>svel</strong></span> <span class='ocrx_word' id='word_1_143' title='bbox 176 1562 281 1639; x_wconf 85' lang='lat' dir='ltr'><strong>etiem,</strong></span> <span class='ocrx_word' id='word_1_144' title='bbox 297 1561 324 1621; x_wconf 92' lang='lat' dir='ltr'><strong>si</strong></span> <span class='ocrx_word' id='word_1_145' title='bbox 341 1560 397 1634; x_wconf 90' lang='lat' dir='ltr'><strong>vis,</strong></span> <span class='ocrx_word' id='word_1_146' title='bbox 415 1561 612 1636; x_wconf 86' lang='lat' dir='ltr'><strong>existimatio,</strong></span> <span class='ocrx_word' id='word_1_147' title='bbox 634 1564 701 1622; x_wconf 89' lang='lat' dir='ltr'><strong>laus</strong></span> <span class='ocrx_word' id='word_1_148' title='bbox 716 1561 894 1623; x_wconf 73' lang='lat' dir='ltr'><strong>aedilitatisz</strong></span> <span class='ocrx_word' id='word_1_149' title='bbox 918 1569 951 1622; x_wconf 88' lang='lat' dir='ltr'><strong>at</strong></span> <span class='ocrx_word' id='word_1_150' title='bbox 965 1561 1016 1622; x_wconf 81' lang='lat' dir='ltr'><strong>Cn.</strong></span> <span class='ocrx_word' id='word_1_151' title='bbox 1075 1541 1174 1664; x_wconf 50' lang='lat' dir='ltr'><strong>pff</strong></span> 
     </span>
     <span class='ocr_line' id='line_1_18' title="bbox 109 1644 1139 1735; baseline 0.003 -29"><span class='ocrx_word' id='word_1_152' title='bbox 109 1647 203 1719; x_wconf 87' lang='lat' dir='ltr'><strong>salus,</strong></span> <span class='ocrx_word' id='word_1_153' title='bbox 216 1644 325 1721; x_wconf 88' lang='lat' dir='ltr'><strong>patria,</strong></span> <span class='ocrx_word' id='word_1_154' title='bbox 338 1647 486 1705; x_wconf 85' lang='lat' dir='ltr'><strong>fortunae.</strong></span> <span class='ocrx_word' id='word_1_155' title='bbox 527 1644 653 1706; x_wconf 88' lang='lat' dir='ltr'><strong>Salvum</strong></span> <span class='ocrx_word' id='word_1_156' title='bbox 668 1655 701 1706; x_wconf 88' lang='lat' dir='ltr'><strong>tu</strong></span> <span class='ocrx_word' id='word_1_157' title='bbox 714 1663 763 1705; x_wconf 90' lang='lat' dir='ltr'><strong>me</strong></span> <span class='ocrx_word' id='word_1_158' title='bbox 780 1661 851 1705; x_wconf 90' lang='lat' dir='ltr'><strong>esse</strong></span> <span class='ocrx_word' id='word_1_159' title='bbox 865 1645 995 1720; x_wconf 70' lang='lat' dir='ltr'><strong>cupistis</strong></span> <span class='ocrx_word' id='word_1_160' title='bbox 1008 1645 1139 1735; x_wconf 58' lang='lat' dir='ltr'><strong>lulag,</strong></span> 
     </span>
     <span class='ocr_line' id='line_1_19' title="bbox 109 1727 1125 1805; baseline -0.003 -15"><span class='ocrx_word' id='word_1_161' title='bbox 109 1729 199 1790; x_wconf 88' lang='lat' dir='ltr'><strong>etiam</strong></span> <span class='ocrx_word' id='word_1_162' title='bbox 213 1738 248 1790; x_wconf 93' lang='lat' dir='ltr'><strong>ut</strong></span> <span class='ocrx_word' id='word_1_163' title='bbox 262 1745 333 1789; x_wconf 92' lang='lat' dir='ltr'><strong>esse</strong></span> <span class='ocrx_word' id='word_1_164' title='bbox 347 1745 483 1805; x_wconf 90' lang='lat' dir='ltr'><strong>possem.</strong></span> <span class='ocrx_word' id='word_1_165' title='bbox 516 1727 670 1790; x_wconf 88' lang='lat' dir='ltr'><strong>Distineor</strong></span> <span class='ocrx_word' id='word_1_166' title='bbox 683 1737 784 1789; x_wconf 89' lang='lat' dir='ltr'><strong>tamen</strong></span> <span class='ocrx_word' id='word_1_167' title='bbox 800 1735 829 1788; x_wconf 91' lang='lat' dir='ltr'><strong>et</strong></span> <span class='ocrx_word' id='word_1_168' title='bbox 843 1728 975 1788; x_wconf 89' lang='lat' dir='ltr'><strong>divellor</strong></span> <span class='ocrx_word' id='word_1_169' title='bbox 988 1727 1125 1805; x_wconf 56' lang='lat' dir='ltr'><strong>dolone,</strong></span> 
     </span>
     <span class='ocr_line' id='line_1_20' title="bbox 108 1808 1146 1899; baseline 0.001 -27"><span class='ocrx_word' id='word_1_170' title='bbox 108 1813 138 1879; x_wconf 85' lang='lat' dir='ltr'><strong>in</strong></span> <span class='ocrx_word' id='word_1_171' title='bbox 154 1829 248 1873; x_wconf 89' lang='lat' dir='ltr'><strong>eausa</strong></span> <span class='ocrx_word' id='word_1_172' title='bbox 265 1811 390 1897; x_wconf 37' lang='lat' dir='ltr'><strong>dispari,</strong></span> <span class='ocrx_word' id='word_1_173' title='bbox 398 1810 513 1873; x_wconf 84' lang='lat' dir='ltr'><strong>offendi</strong></span> <span class='ocrx_word' id='word_1_174' title='bbox 534 1820 563 1872; x_wconf 91' lang='lat' dir='ltr'><strong>te</strong></span> <span class='ocrx_word' id='word_1_175' title='bbox 581 1823 607 1871; x_wconf 86' lang='lat' dir='ltr'><strong>a¹</strong></span> <span class='ocrx_word' id='word_1_176' title='bbox 621 1828 669 1871; x_wconf 89' lang='lat' dir='ltr'><strong>me</strong></span> <span class='ocrx_word' id='word_1_177' title='bbox 682 1812 792 1872; x_wconf 74' lang='lat' dir='ltr'><strong>doleoe</strong></span> <span class='ocrx_word' id='word_1_178' title='bbox 814 1813 886 1886; x_wconf 85' lang='lat' dir='ltr'><strong>sed,</strong></span> <span class='ocrx_word' id='word_1_179' title='bbox 907 1811 1029 1872; x_wconf 78' lang='lat' dir='ltr'><strong>medina</strong></span> <span class='ocrx_word' id='word_1_180' title='bbox 1045 1808 1108 1889; x_wconf 52' lang='grc' dir='ltr'><strong>Μία</strong></span> <span class='ocrx_word' id='word_1_181' title='bbox 1136 1873 1146 1899; x_wconf 16' lang='grc' dir='ltr'><strong>ἲ,</strong></span> 
     </span>
     <span class='ocr_line' id='line_1_21' title="bbox 108 1891 1105 1971; baseline 0.002 -17"><span class='ocrx_word' id='word_1_182' title='bbox 108 1898 201 1955; x_wconf 87' lang='lat' dir='ltr'><strong>multo</strong></span> <span class='ocrx_word' id='word_1_183' title='bbox 218 1895 307 1956; x_wconf 89' lang='lat' dir='ltr'><strong>citius</strong></span> <span class='ocrx_word' id='word_1_184' title='bbox 323 1912 421 1956; x_wconf 91' lang='lat' dir='ltr'><strong>meam</strong></span> <span class='ocrx_word' id='word_1_185' title='bbox 437 1898 565 1956; x_wconf 87' lang='lat' dir='ltr'><strong>salutem</strong></span> <span class='ocrx_word' id='word_1_186' title='bbox 582 1911 639 1970; x_wconf 89' lang='lat' dir='ltr'><strong>pro</strong></span> <span class='ocrx_word' id='word_1_187' title='bbox 653 1902 683 1955; x_wconf 91' lang='lat' dir='ltr'><strong>te</strong></span> <span class='ocrx_word' id='word_1_188' title='bbox 697 1895 839 1956; x_wconf 87' lang='lat' dir='ltr'><strong>abiecero</strong></span> <span class='ocrx_word' id='word_1_189' title='bbox 855 1912 948 1971; x_wconf 87' lang='lat' dir='ltr'><strong>quarn</strong></span> <span class='ocrx_word' id='word_1_190' title='bbox 964 1891 1014 1955; x_wconf 66' lang='lat' dir='ltr'><strong>Cnss</strong></span> <span class='ocrx_word' id='word_1_191' title='bbox 1028 1892 1105 1955; x_wconf 75' lang='lat' dir='ltr'><strong>lton</strong></span> 
     </span>
     <span class='ocr_line' id='line_1_22' title="bbox 109 1977 1176 2051; baseline -0.007 -13"><span class='ocrx_word' id='word_1_192' title='bbox 109 1979 237 2038; x_wconf 83' lang='lat' dir='ltr'><strong>salutem</strong></span> <span class='ocrx_word' id='word_1_193' title='bbox 249 1978 403 2040; x_wconf 84' lang='lat' dir='ltr'><strong>tradidero</strong></span> <span class='ocrx_word' id='word_1_194' title='bbox 417 1977 601 2040; x_wconf 81' lang='lat' dir='ltr'><strong>contentioni</strong></span> <span class='ocrx_word' id='word_1_195' title='bbox 614 1987 694 2040; x_wconf 89' lang='lat' dir='ltr'><strong>tuae.</strong></span> <span class='ocrx_word' id='word_1_196' title='bbox 708 1978 758 2042; x_wconf 87' lang='grc'><strong>80.</strong></span> <span class='ocrx_word' id='word_1_197' title='bbox 770 1978 898 2051; x_wconf 82' lang='lat' dir='ltr'><strong>Etenim,</strong></span> <span class='ocrx_word' id='word_1_198' title='bbox 911 1978 1096 2051; x_wconf 66' lang='lat' dir='ltr'><strong>iudicesque</strong></span> <span class='ocrx_word' id='word_1_199' title='bbox 1123 2004 1133 2031; x_wconf 60' lang='grc' dir='ltr'>ι</span> <span class='ocrx_word' id='word_1_200' title='bbox 1156 1985 1176 2031; x_wconf 77' lang='lat'><strong>1.</strong></span> 
     </span>
    </p>
   </div>
   <div class='ocr_carea' id='block_1_5' title="bbox 99 2140 1178 3469">
    <p class='ocr_par' dir='ltr' id='par_1_7' title="bbox 99 2140 1178 3469">
     <span class='ocr_line' id='line_1_23' title="bbox 110 2140 1178 2219; baseline 0.003 -16"><span class='ocrx_word' id='word_1_201' title='bbox 110 2143 193 2218; x_wconf 86' lang='lat' dir='ltr'><strong>quod</strong></span> <span class='ocrx_word' id='word_1_202' title='bbox 211 2145 309 2202; x_wconf 90' lang='lat' dir='ltr'><strong>malim</strong></span> <span class='ocrx_word' id='word_1_203' title='bbox 335 2162 426 2219; x_wconf 89' lang='lat' dir='ltr'><strong>quam</strong></span> <span class='ocrx_word' id='word_1_204' title='bbox 446 2162 494 2204; x_wconf 89' lang='lat' dir='ltr'><strong>me</strong></span> <span class='ocrx_word' id='word_1_205' title='bbox 514 2153 544 2204; x_wconf 91' lang='lat' dir='ltr'><strong>et</strong></span> <span class='ocrx_word' id='word_1_206' title='bbox 558 2161 628 2205; x_wconf 90' lang='lat' dir='ltr'><strong>esse</strong></span> <span class='ocrx_word' id='word_1_207' title='bbox 643 2154 758 2219; x_wconf 86' lang='lat' dir='ltr'><strong>gratum</strong></span> <span class='ocrx_word' id='word_1_208' title='bbox 786 2154 816 2207; x_wconf 88' lang='lat' dir='ltr'><strong>et</strong></span> <span class='ocrx_word' id='word_1_209' title='bbox 840 2145 946 2206; x_wconf 88' lang='lat' dir='ltr'><strong>videri.</strong></span> <span class='ocrx_word' id='word_1_210' title='bbox 987 2144 1036 2204; x_wconf 81' lang='lat' dir='ltr'><strong>Est</strong></span> <span class='ocrx_word' id='word_1_211' title='bbox 1051 2140 1098 2203; x_wconf 79' lang='lat' dir='ltr'><strong>aab</strong></span> <span class='ocrx_word' id='word_1_212' title='bbox 1125 2171 1178 2206; x_wconf 68' lang='lat' dir='ltr'><strong>nnn</strong></span> 
     </span>
     <span class='ocr_line' id='line_1_24' title="bbox 109 2226 1172 2302; baseline -0.001 -18"><span class='ocrx_word' id='word_1_213' title='bbox 109 2226 185 2286; x_wconf 87' lang='lat' dir='ltr'><strong>baec</strong></span> <span class='ocrx_word' id='word_1_214' title='bbox 204 2243 265 2286; x_wconf 91' lang='lat' dir='ltr'><strong>una</strong></span> <span class='ocrx_word' id='word_1_215' title='bbox 282 2227 376 2288; x_wconf 89' lang='lat' dir='ltr'><strong>virtus</strong></span> <span class='ocrx_word' id='word_1_216' title='bbox 392 2246 454 2289; x_wconf 93' lang='lat' dir='ltr'><strong>non</strong></span> <span class='ocrx_word' id='word_1_217' title='bbox 470 2229 568 2288; x_wconf 90' lang='lat' dir='ltr'><strong>solum</strong></span> <span class='ocrx_word' id='word_1_218' title='bbox 584 2228 729 2302; x_wconf 87' lang='lat' dir='ltr'><strong>maxima,</strong></span> <span class='ocrx_word' id='word_1_219' title='bbox 750 2229 806 2287; x_wconf 92' lang='lat' dir='ltr'><strong>sed</strong></span> <span class='ocrx_word' id='word_1_220' title='bbox 827 2227 919 2288; x_wconf 91' lang='lat' dir='ltr'><strong>etiam</strong></span> <span class='ocrx_word' id='word_1_221' title='bbox 940 2226 1099 2287; x_wconf 75' lang='lat' dir='ltr'><strong>matorum</strong></span> <span class='ocrx_word' id='word_1_222' title='bbox 1126 2233 1172 2283; x_wconf 70' lang='lat' dir='ltr'><strong>al·</strong></span> 
     </span>
     <span class='ocr_line' id='line_1_25' title="bbox 110 2311 1178 2387; baseline 0.003 -17"><span class='ocrx_word' id='word_1_223' title='bbox 110 2318 172 2370; x_wconf 89' lang='lat' dir='ltr'><strong>turn</strong></span> <span class='ocrx_word' id='word_1_224' title='bbox 188 2311 321 2370; x_wconf 89' lang='lat' dir='ltr'><strong>omnium</strong></span> <span class='ocrx_word' id='word_1_225' title='bbox 336 2311 530 2386; x_wconf 85' lang='lat' dir='ltr'><strong>reliquarum.</strong></span> <span class='ocrx_word' id='word_1_226' title='bbox 559 2311 636 2384; x_wconf 80' lang='lat' dir='ltr'><strong>Quid</strong></span> <span class='ocrx_word' id='word_1_227' title='bbox 650 2320 698 2372; x_wconf 93' lang='lat' dir='ltr'><strong>est</strong></span> <span class='ocrx_word' id='word_1_228' title='bbox 712 2311 810 2386; x_wconf 89' lang='lat' dir='ltr'><strong>pietas</strong></span> <span class='ocrx_word' id='word_1_229' title='bbox 825 2311 884 2370; x_wconf 88' lang='lat' dir='ltr'><strong>nisi</strong></span> <span class='ocrx_word' id='word_1_230' title='bbox 901 2314 1040 2373; x_wconf 88' lang='lat' dir='ltr'><strong>voluntas</strong></span> <span class='ocrx_word' id='word_1_231' title='bbox 1050 2314 1104 2387; x_wconf 75' lang='lat' dir='ltr'><strong>gul</strong></span> <span class='ocrx_word' id='word_1_232' title='bbox 1134 2325 1178 2368; x_wconf 65' lang='lat' dir='ltr'><strong>at</strong></span> 
     </span>
     <span class='ocr_line' id='line_1_26' title="bbox 108 2391 1147 2471; baseline 0.003 -21"><span class='ocrx_word' id='word_1_233' title='bbox 108 2391 140 2450; x_wconf 92' lang='lat' dir='ltr'><strong>in</strong></span> <span class='ocrx_word' id='word_1_234' title='bbox 157 2401 320 2467; x_wconf 73' lang='lat' dir='ltr'><strong>parentes?</strong></span> <span class='ocrx_word' id='word_1_235' title='bbox 344 2395 396 2469; x_wconf 86' lang='lat' dir='ltr'><strong>qui</strong></span> <span class='ocrx_word' id='word_1_236' title='bbox 411 2403 481 2456; x_wconf 93' lang='lat' dir='ltr'><strong>sunt</strong></span> <span class='ocrx_word' id='word_1_237' title='bbox 495 2394 567 2454; x_wconf 90' lang='lat' dir='ltr'><strong>boni</strong></span> <span class='ocrx_word' id='word_1_238' title='bbox 584 2396 683 2464; x_wconf 88' lang='lat' dir='ltr'><strong>cives,</strong></span> <span class='ocrx_word' id='word_1_239' title='bbox 703 2393 755 2469; x_wconf 91' lang='lat' dir='ltr'><strong>qui</strong></span> <span class='ocrx_word' id='word_1_240' title='bbox 770 2394 855 2465; x_wconf 90' lang='lat' dir='ltr'><strong>belli,</strong></span> <span class='ocrx_word' id='word_1_241' title='bbox 873 2394 926 2468; x_wconf 89' lang='lat' dir='ltr'><strong>qui</strong></span> <span class='ocrx_word' id='word_1_242' title='bbox 938 2394 1022 2471; x_wconf 84' lang='lat' dir='ltr'><strong>domi</strong></span> <span class='ocrx_word' id='word_1_243' title='bbox 1033 2396 1105 2469; x_wconf 80' lang='lat' dir='ltr'><strong>depr</strong></span> <span class='ocrx_word' id='word_1_244' title='bbox 1136 2392 1147 2417; x_wconf 83' lang='grc'><strong>’·’</strong></span> 
     </span>
     <span class='ocr_line' id='line_1_27' title="bbox 108 2473 1178 2552; baseline 0.004 -18"><span class='ocrx_word' id='word_1_245' title='bbox 108 2473 257 2534; x_wconf 74' lang='lat' dir='ltr'><strong>triebene</strong></span> <span class='ocrx_word' id='word_1_246' title='bbox 273 2486 439 2550; x_wconf 87' lang='lat' dir='ltr'><strong>merentes,</strong></span> <span class='ocrx_word' id='word_1_247' title='bbox 459 2476 518 2536; x_wconf 90' lang='lat' dir='ltr'><strong>nisi</strong></span> <span class='ocrx_word' id='word_1_248' title='bbox 540 2478 593 2552; x_wconf 89' lang='lat' dir='ltr'><strong>qui</strong></span> <span class='ocrx_word' id='word_1_249' title='bbox 611 2476 726 2552; x_wconf 84' lang='lat' dir='ltr'><strong>patriae</strong></span> <span class='ocrx_word' id='word_1_250' title='bbox 749 2476 903 2537; x_wconf 89' lang='lat' dir='ltr'><strong>beneficia</strong></span> <span class='ocrx_word' id='word_1_251' title='bbox 924 2476 1109 2539; x_wconf 85' lang='lat' dir='ltr'><strong>memineruntl</strong></span> <span class='ocrx_word' id='word_1_252' title='bbox 1135 2480 1178 2538; x_wconf 68' lang='lat' dir='ltr'><strong>a·</strong></span> 
     </span>
     <span class='ocr_line' id='line_1_28' title="bbox 110 2557 1165 2636; baseline 0.004 -21"><span class='ocrx_word' id='word_1_253' title='bbox 110 2557 162 2630; x_wconf 90' lang='lat' dir='ltr'><strong>qui</strong></span> <span class='ocrx_word' id='word_1_254' title='bbox 184 2560 289 2630; x_wconf 88' lang='lat' dir='ltr'><strong>saneti,</strong></span> <span class='ocrx_word' id='word_1_255' title='bbox 305 2561 357 2634; x_wconf 88' lang='lat' dir='ltr'><strong>qui</strong></span> <span class='ocrx_word' id='word_1_256' title='bbox 378 2559 533 2636; x_wconf 82' lang='lat' dir='ltr'><strong>religionis</strong></span> <span class='ocrx_word' id='word_1_257' title='bbox 556 2562 707 2634; x_wconf 90' lang='lat' dir='ltr'><strong>colentes,</strong></span> <span class='ocrx_word' id='word_1_258' title='bbox 725 2559 784 2621; x_wconf 90' lang='lat' dir='ltr'><strong>nisl</strong></span> <span class='ocrx_word' id='word_1_259' title='bbox 806 2561 858 2636; x_wconf 82' lang='lat' dir='ltr'><strong>qul</strong></span> <span class='ocrx_word' id='word_1_260' title='bbox 875 2560 1112 2622; x_wconf 79' lang='lat' dir='ltr'><strong>meritamdisiu</strong></span> <span class='ocrx_word' id='word_1_261' title='bbox 1139 2585 1165 2614; x_wconf 67' lang='grc' dir='ltr'><strong>«ι</strong></span> 
     </span>
     <span class='ocr_line' id='line_1_29' title="bbox 110 2640 1155 2721; baseline 0.005 -23"><span class='ocrx_word' id='word_1_262' title='bbox 110 2640 287 2701; x_wconf 81' lang='lat' dir='ltr'><strong>mortalibus</strong></span> <span class='ocrx_word' id='word_1_263' title='bbox 302 2643 427 2717; x_wconf 81' lang='lat' dir='ltr'><strong>gratiam</strong></span> <span class='ocrx_word' id='word_1_264' title='bbox 438 2643 526 2704; x_wconf 89' lang='lat' dir='ltr'><strong>iustis</strong></span> <span class='ocrx_word' id='word_1_265' title='bbox 541 2643 708 2704; x_wconf 89' lang='lat' dir='ltr'><strong>bonoribus</strong></span> <span class='ocrx_word' id='word_1_266' title='bbox 726 2653 756 2704; x_wconf 88' lang='lat' dir='ltr'><strong>et</strong></span> <span class='ocrx_word' id='word_1_267' title='bbox 772 2643 899 2704; x_wconf 91' lang='lat' dir='ltr'><strong>memori</strong></span> <span class='ocrx_word' id='word_1_268' title='bbox 912 2654 1016 2707; x_wconf 87' lang='lat' dir='ltr'><strong>mente</strong></span> <span class='ocrx_word' id='word_1_269' title='bbox 1029 2641 1125 2721; x_wconf 70' lang='lat' dir='ltr'><strong>penti.</strong></span> <span class='ocrx_word' id='word_1_270' title='bbox 1144 2680 1155 2720; x_wconf 61' lang='lat'><strong>⁴.</strong></span> 
     </span>
     <span class='ocr_line' id='line_1_30' title="bbox 109 2723 1162 2800; baseline 0.002 -18"><span class='ocrx_word' id='word_1_271' title='bbox 109 2731 203 2783; x_wconf 79' lang='lat' dir='ltr'><strong>vuntt</strong></span> <span class='ocrx_word' id='word_1_272' title='bbox 224 2723 305 2797; x_wconf 80' lang='lat' dir='ltr'><strong>Quae</strong></span> <span class='ocrx_word' id='word_1_273' title='bbox 329 2734 521 2800; x_wconf 91' lang='lat' dir='ltr'><strong>potestesse</strong></span> <span class='ocrx_word' id='word_1_274' title='bbox 545 2726 623 2787; x_wconf 89' lang='lat' dir='ltr'><strong>vitae</strong></span> <span class='ocrx_word' id='word_1_275' title='bbox 645 2725 816 2789; x_wconf 89' lang='lat' dir='ltr'><strong>iucunditas</strong></span> <span class='ocrx_word' id='word_1_276' title='bbox 839 2727 971 2787; x_wconf 87' lang='lat' dir='ltr'><strong>sublatis</strong></span> <span class='ocrx_word' id='word_1_277' title='bbox 988 2724 1117 2789; x_wconf 80' lang='lat' dir='ltr'><strong>amicitiai</strong></span> <span class='ocrx_word' id='word_1_278' title='bbox 1148 2752 1162 2797; x_wconf 60' lang='lat' dir='ltr'><strong>a</strong></span> 
     </span>
     <span class='ocr_line' id='line_1_31' title="bbox 109 2807 1154 2886; baseline 0 -19"><span class='ocrx_word' id='word_1_279' title='bbox 109 2822 189 2881; x_wconf 84' lang='lat' dir='ltr'><strong>quae</strong></span> <span class='ocrx_word' id='word_1_280' title='bbox 204 2822 299 2881; x_wconf 89' lang='lat' dir='ltr'><strong>porro</strong></span> <span class='ocrx_word' id='word_1_281' title='bbox 314 2807 444 2868; x_wconf 87' lang='lat' dir='ltr'><strong>amicitia</strong></span> <span class='ocrx_word' id='word_1_282' title='bbox 461 2818 563 2883; x_wconf 89' lang='lat' dir='ltr'><strong>potest</strong></span> <span class='ocrx_word' id='word_1_283' title='bbox 580 2825 652 2870; x_wconf 92' lang='lat' dir='ltr'><strong>esse</strong></span> <span class='ocrx_word' id='word_1_284' title='bbox 665 2808 743 2870; x_wconf 91' lang='lat' dir='ltr'><strong>inter</strong></span> <span class='ocrx_word' id='word_1_285' title='bbox 760 2809 918 2885; x_wconf 76' lang='lat' dir='ltr'><strong>ingratast</strong></span> <span class='ocrx_word' id='word_1_286' title='bbox 937 2809 992 2872; x_wconf 88' lang='lat'><strong>81.</strong></span> <span class='ocrx_word' id='word_1_287' title='bbox 1011 2811 1076 2886; x_wconf 76' lang='lat' dir='ltr'><strong>Quis</strong></span> <span class='ocrx_word' id='word_1_288' title='bbox 1087 2816 1120 2869; x_wconf 83' lang='lat' dir='ltr'><strong>etl</strong></span> <span class='ocrx_word' id='word_1_289' title='bbox 1145 2837 1154 2867; x_wconf 53' lang='lat' dir='ltr'><strong>a.</strong></span> 
     </span>
     <span class='ocr_line' id='line_1_32' title="bbox 108 2891 1169 2966; baseline 0.009 -17"><span class='ocrx_word' id='word_1_290' title='bbox 108 2899 247 2951; x_wconf 88' lang='lat' dir='ltr'><strong>nostrum</strong></span> <span class='ocrx_word' id='word_1_291' title='bbox 263 2891 426 2951; x_wconf 87' lang='lat' dir='ltr'><strong>liberaliter</strong></span> <span class='ocrx_word' id='word_1_292' title='bbox 437 2893 584 2955; x_wconf 88' lang='lat' dir='ltr'><strong>educatus</strong></span> <span class='ocrx_word' id='word_1_293' title='bbox 603 2892 651 2952; x_wconf 92' lang='lat' dir='ltr'><strong>eui</strong></span> <span class='ocrx_word' id='word_1_294' title='bbox 664 2909 724 2952; x_wconf 93' lang='lat' dir='ltr'><strong>non</strong></span> <span class='ocrx_word' id='word_1_295' title='bbox 736 2893 928 2966; x_wconf 89' lang='lat' dir='ltr'><strong>educatores,</strong></span> <span class='ocrx_word' id='word_1_296' title='bbox 946 2895 999 2957; x_wconf 88' lang='lat' dir='ltr'><strong>cui</strong></span> <span class='ocrx_word' id='word_1_297' title='bbox 1011 2907 1120 2955; x_wconf 69' lang='lat' dir='ltr'><strong>nonme</strong></span> <span class='ocrx_word' id='word_1_298' title='bbox 1149 2916 1169 2966; x_wconf 68' lang='lat' dir='ltr'><strong>lt»</strong></span> 
     </span>
     <span class='ocr_line' id='line_1_33' title="bbox 108 2973 1121 3050; baseline 0.004 -19"><span class='ocrx_word' id='word_1_299' title='bbox 108 2973 194 3046; x_wconf 89' lang='lat' dir='ltr'><strong>gistri</strong></span> <span class='ocrx_word' id='word_1_300' title='bbox 212 2973 259 3033; x_wconf 88' lang='lat' dir='ltr'><strong>sui</strong></span> <span class='ocrx_word' id='word_1_301' title='bbox 272 2981 363 3048; x_wconf 85' lang='lat' dir='ltr'><strong>atque</strong></span> <span class='ocrx_word' id='word_1_302' title='bbox 378 2975 537 3050; x_wconf 91' lang='lat' dir='ltr'><strong>doctores,</strong></span> <span class='ocrx_word' id='word_1_303' title='bbox 560 2975 608 3035; x_wconf 88' lang='lat' dir='ltr'><strong>cni</strong></span> <span class='ocrx_word' id='word_1_304' title='bbox 628 2993 689 3036; x_wconf 92' lang='lat' dir='ltr'><strong>non</strong></span> <span class='ocrx_word' id='word_1_305' title='bbox 712 2977 798 3036; x_wconf 91' lang='lat' dir='ltr'><strong>locus</strong></span> <span class='ocrx_word' id='word_1_306' title='bbox 813 2975 882 3050; x_wconf 91' lang='lat' dir='ltr'><strong>ipse</strong></span> <span class='ocrx_word' id='word_1_307' title='bbox 896 2975 950 3035; x_wconf 86' lang='lat' dir='ltr'><strong>ille</strong></span> <span class='ocrx_word' id='word_1_308' title='bbox 964 2973 1121 3050; x_wconf 67' lang='lat' dir='ltr'><strong>mutuam</strong></span> 
     </span>
     <span class='ocr_line' id='line_1_34' title="bbox 110 3057 1170 3134; baseline 0.008 -19"><span class='ocrx_word' id='word_1_309' title='bbox 110 3057 200 3116; x_wconf 87' lang='lat' dir='ltr'><strong>alitus</strong></span> <span class='ocrx_word' id='word_1_310' title='bbox 214 3064 266 3117; x_wconf 87' lang='lat' dir='ltr'><strong>aut</strong></span> <span class='ocrx_word' id='word_1_311' title='bbox 281 3057 390 3117; x_wconf 87' lang='lat' dir='ltr'><strong>doctus</strong></span> <span class='ocrx_word' id='word_1_312' title='bbox 402 3067 457 3130; x_wconf 81' lang='lat' dir='ltr'><strong>est,</strong></span> <span class='ocrx_word' id='word_1_313' title='bbox 474 3075 542 3119; x_wconf 89' lang='lat' dir='ltr'><strong>cum</strong></span> <span class='ocrx_word' id='word_1_314' title='bbox 554 3067 638 3134; x_wconf 86' lang='lat' dir='ltr'><strong>grata</strong></span> <span class='ocrx_word' id='word_1_315' title='bbox 652 3058 864 3119; x_wconf 89' lang='lat' dir='ltr'><strong>recordatione</strong></span> <span class='ocrx_word' id='word_1_316' title='bbox 879 3059 909 3118; x_wconf 91' lang='lat' dir='ltr'><strong>in</strong></span> <span class='ocrx_word' id='word_1_317' title='bbox 926 3070 1119 3122; x_wconf 78' lang='lat' dir='ltr'><strong>mantenan-</strong></span> <span class='ocrx_word' id='word_1_318' title='bbox 1151 3064 1170 3128; x_wconf 73' lang='lat' dir='ltr'><strong>l,</strong></span> 
     </span>
     <span class='ocr_line' id='line_1_35' title="bbox 108 3139 1172 3219; baseline 0.009 -23"><span class='ocrx_word' id='word_1_319' title='bbox 108 3144 174 3196; x_wconf 80' lang='lat' dir='ltr'><strong>turt</strong></span> <span class='ocrx_word' id='word_1_320' title='bbox 186 3139 278 3201; x_wconf 81' lang='lat' dir='ltr'><strong>Cuius</strong></span> <span class='ocrx_word' id='word_1_321' title='bbox 290 3156 366 3215; x_wconf 89' lang='lat' dir='ltr'><strong>opes</strong></span> <span class='ocrx_word' id='word_1_322' title='bbox 377 3149 476 3201; x_wconf 87' lang='lat' dir='ltr'><strong>tantae</strong></span> <span class='ocrx_word' id='word_1_323' title='bbox 489 3158 559 3202; x_wconf 91' lang='lat' dir='ltr'><strong>esse</strong></span> <span class='ocrx_word' id='word_1_324' title='bbox 573 3149 704 3216; x_wconf 87' lang='lat' dir='ltr'><strong>possunt</strong></span> <span class='ocrx_word' id='word_1_325' title='bbox 714 3151 766 3203; x_wconf 90' lang='lat' dir='ltr'><strong>aut</strong></span> <span class='ocrx_word' id='word_1_326' title='bbox 776 3158 919 3217; x_wconf 87' lang='lat' dir='ltr'><strong>umquam</strong></span> <span class='ocrx_word' id='word_1_327' title='bbox 931 3144 1122 3219; x_wconf 76' lang='lat' dir='ltr'><strong>fueruntque</strong></span> <span class='ocrx_word' id='word_1_328' title='bbox 1153 3163 1172 3219; x_wconf 74' lang='lat' dir='ltr'><strong>al</strong></span> 
     </span>
     <span class='ocr_line' id='line_1_36' title="bbox 109 3219 1178 3302; baseline 0.01 -26"><span class='ocrx_word' id='word_1_329' title='bbox 109 3219 176 3279; x_wconf 89' lang='lat' dir='ltr'><strong>sine</strong></span> <span class='ocrx_word' id='word_1_330' title='bbox 192 3225 352 3283; x_wconf 88' lang='lat' dir='ltr'><strong>multorum</strong></span> <span class='ocrx_word' id='word_1_331' title='bbox 373 3224 538 3285; x_wconf 90' lang='lat' dir='ltr'><strong>amicorum</strong></span> <span class='ocrx_word' id='word_1_332' title='bbox 558 3224 668 3285; x_wconf 83' lang='lat' dir='ltr'><strong>officiis</strong></span> <span class='ocrx_word' id='word_1_333' title='bbox 689 3232 770 3286; x_wconf 86' lang='lat' dir='ltr'><strong>stare</strong></span> <span class='ocrx_word' id='word_1_334' title='bbox 793 3225 936 3301; x_wconf 71' lang='lat' dir='ltr'><strong>possint?</strong></span> <span class='ocrx_word' id='word_1_335' title='bbox 964 3244 1044 3302; x_wconf 88' lang='lat' dir='ltr'><strong>quae</strong></span> <span class='ocrx_word' id='word_1_336' title='bbox 1062 3230 1123 3287; x_wconf 77' lang='lat' dir='ltr'><strong>cett</strong></span> <span class='ocrx_word' id='word_1_337' title='bbox 1152 3244 1178 3299; x_wconf 71' lang='lat' dir='ltr'><strong>n,</strong></span> 
     </span>
     <span class='ocr_line' id='line_1_37' title="bbox 99 3301 1122 3394; baseline 0.007 -36"><span class='ocrx_word' id='word_1_338' title='bbox 99 3301 229 3394; x_wconf 37' lang='lat' dir='ltr'><strong>&#39;sublata</strong></span> <span class='ocrx_word' id='word_1_339' title='bbox 249 3305 394 3366; x_wconf 88' lang='lat' dir='ltr'><strong>memoria</strong></span> <span class='ocrx_word' id='word_1_340' title='bbox 414 3316 444 3367; x_wconf 91' lang='lat' dir='ltr'><strong>et</strong></span> <span class='ocrx_word' id='word_1_341' title='bbox 457 3310 553 3382; x_wconf 87' lang='lat' dir='ltr'><strong>gratia</strong></span> <span class='ocrx_word' id='word_1_342' title='bbox 568 3309 650 3369; x_wconf 87' lang='lat' dir='ltr'><strong>nulla</strong></span> <span class='ocrx_word' id='word_1_343' title='bbox 671 3310 796 3368; x_wconf 85' lang='lat' dir='ltr'><strong>exstare</strong></span> <span class='ocrx_word' id='word_1_344' title='bbox 808 3317 951 3382; x_wconf 73' lang='lat' dir='ltr'><strong>possunt</strong></span> <span class='ocrx_word' id='word_1_345' title='bbox 998 3308 1122 3385; x_wconf 79' lang='lat' dir='ltr'><strong>Equidem</strong></span> 
     </span>
     <span class='ocr_line' id='line_1_38' title="bbox 108 3381 1171 3469; baseline 0.012 -29"><span class='ocrx_word' id='word_1_346' title='bbox 108 3381 180 3441; x_wconf 86' lang='lat' dir='ltr'><strong>urbrl</strong></span> <span class='ocrx_word' id='word_1_347' title='bbox 197 3387 425 3463; x_wconf 89' lang='lat' dir='ltr'><strong>tamproprium</strong></span> <span class='ocrx_word' id='word_1_348' title='bbox 443 3389 573 3451; x_wconf 89' lang='lat' dir='ltr'><strong>hominis</strong></span> <span class='ocrx_word' id='word_1_349' title='bbox 591 3390 730 3452; x_wconf 88' lang='lat' dir='ltr'><strong>existimo</strong></span> <span class='ocrx_word' id='word_1_350' title='bbox 753 3407 844 3467; x_wconf 89' lang='lat' dir='ltr'><strong>quarn</strong></span> <span class='ocrx_word' id='word_1_351' title='bbox 861 3408 924 3452; x_wconf 92' lang='lat' dir='ltr'><strong>non</strong></span> <span class='ocrx_word' id='word_1_352' title='bbox 942 3394 1035 3454; x_wconf 89' lang='lat' dir='ltr'><strong>modo</strong></span> <span class='ocrx_word' id='word_1_353' title='bbox 1050 3392 1120 3452; x_wconf 76' lang='lat' dir='ltr'><strong>bene</strong></span> <span class='ocrx_word' id='word_1_354' title='bbox 1152 3412 1171 3469; x_wconf 66' lang='lat' dir='ltr'><strong>p</strong></span> 
     </span>
    </p>
   </div>
   <div class='ocr_carea' id='block_1_6' title="bbox 0 0 1185 3854">
    <p class='ocr_par' dir='ltr' id='par_1_8' title="bbox 0 0 1185 3854">
     <span class='ocr_line' id='line_1_39' title="bbox 0 0 1185 3854; baseline 0 0"><span class='ocrx_word' id='word_1_355' title='bbox 0 0 1185 3854; x_wconf 95' lang='lat' dir='ltr'><strong> </strong></span> 
     </span>
    </p>
   </div>
  </div>
 </body>
</html>
