2356 3854
330 174 411 236 enit
430 183 559 237 15-17.
580 182 606 242 s.
623 185 754 240 ee—eo.
995 138 1058 248 ibi

16 328 149 388 tribuno
165 325 279 400 plebis,
303 325 448 400 vigilante
466 326 587 386 homine
603 335 632 387 et
646 327 682 386 in·
693 345 786 389 causa
802 329 941 404 populari
957 330 983 392 si
997 348 1058 393 non

17 410 200 482 moderate,
216 416 342 470 atcerte
357 409 544 484 populariter
558 408 806 487 abstinenterque
823 414 955 473 versato'.
987 415 1058 475 Ces-

21 494 79 567 sit,
104 507 144 552 ne
159 500 212 552 eut
233 490 330 552 victus
348 508 366 551 a
382 492 509 552 sortibus
528 492 601 552 viris
618 509 684 553 cum
702 495 853 556 dedecore
869 498 991 557 caderet
1008 507 1059 560 aut

21 575 126 636 victor
141 575 244 635 multis
264 583 294 635 et
314 575 442 636 lontibus
461 573 579 635 civibus
600 592 662 635 rem
678 577 829 651 publicam
845 580 974 643 orbaret.
1007 578 1057 644 de.

22 659 126 718 Meam
137 674 262 718 causam
275 667 398 719 senatus
411 659 521 734 palam,
539 669 682 734 equester
694 661 768 720 ordo
781 663 934 735 acerrime,
949 666 1058 725 cuncta

24 741 111 803 ltalia
134 741 271 816 publice,
298 758 405 802 omnes
429 742 501 802 boni
522 742 645 816 proprie
671 742 823 819 enixeque
848 750 1057 820 susceperant.

24 824 86 885 Eas
98 840 150 884 res
163 832 329 899 gesseram,
346 842 473 901 quarum
485 843 546 885 non
557 840 636 886 unus
649 829 763 898 auctor,
782 827 836 886 sed
851 827 913 886 dux
926 830 1058 890 omnitim

25 908 190 968 voluntatis
206 907 348 981 luissem,
367 925 508 984 quaeque
523 926 583 969 non
599 911 689 970 modo
707 910 746 969 ad
762 909 944 985 singularem
960 922 1057 971 meam

26 991 170 1067 gloriam,
187 992 243 1050 sed
256 992 296 1050 ad
308 993 435 1052 salutem
447 1007 637 1053 communem
650 994 781 1054 omnium
795 993 904 1054 civium
917 1000 946 1053 et
961 998 1057 1068 prope

27 1074 160 1150 gentium
170 1073 370 1150 pertinerent:
383 1076 609 1135 eacondicione
619 1092 784 1151 gesseram,
797 1080 829 1137 ut
839 1080 937 1136 meum
946 1078 1056 1137 lactum

28 1172 150 1233 semper
165 1175 271 1218 omnes
287 1167 442 1232 praestare
457 1159 596 1234 tuerique
612 1159 765 1221 deberent.
804 1175 807 1181 ·

110 1241 202 1301 xvtt.
223 1241 294 1301 Erat
310 1249 410 1301 autem
428 1242 499 1301 mihi
514 1242 666 1303 contentio
682 1261 742 1304 non
758 1261 825 1305 cum
839 1245 954 1306 victore
970 1244 1055 1305 elren-

29 1322 107 1396 c'itu,
124 1325 180 1385 sed
192 1340 260 1383 cum
277 1325 380 1398 operis
393 1326 551 1386 conductis
564 1327 642 1386 etad
655 1326 854 1402 diripiendam
866 1328 971 1388 urbem
984 1346 1056 1389 con·

28 1406 141 1468 citatis:
158 1407 307 1467 habebam
319 1407 470 1470 inimicum
483 1424 543 1468 non
557 1406 585 1468 C.
598 1409 739 1482 Marium,
759 1412 903 1471 terrorem
914 1411 1056 1485 hostium,

27 1500 116 1566 speln
136 1489 368 1566 subsidiumque
390 1491 519 1566 patriae,
547 1493 601 1552 sed
627 1493 688 1552 duo
716 1494 888 1568 importuna
910 1494 1057 1569 prodigia,

29 1590 107 1650 quos
120 1578 252 1648 egestas,
269 1589 347 1647 quos
359 1575 438 1635 aeris
452 1575 540 1635 alieni
551 1575 735 1648 magnitudo,
754 1593 831 1649 quos
844 1575 960 1648 levitas,
978 1595 1056 1652 quos

28 1654 206 1732 improbitas
218 1657 336 1717 tribuno
351 1657 448 1732 plebis
462 1659 642 1718 constrictos
654 1654 825 1719 addixerat:
848 1655 897 1717 39.
915 1663 973 1717 nec
985 1659 1057 1718 mihi

28 1749 93 1801 erat
112 1756 163 1800 res
181 1756 249 1800 cum
266 1739 441 1812 Saturnino,
466 1740 533 1814 qui,
556 1741 638 1814 quod
659 1756 728 1798 ase
747 1746 909 1814 quaestore
924 1740 1056 1800 Ostiensi
1149 1778 1154 1785 -

28 1840 84 1898 per
94 1822 288 1898 ignominiam
304 1825 342 1882 ad
356 1823 521 1898 principem
533 1830 562 1882 et
573 1829 696 1881 senatus
708 1830 738 1881 et
749 1822 893 1895 civitatiS‚
910 1822 949 1880 M.
963 1822 1056 1882 Scau·

27 1923 110 1978 rum,
132 1922 196 1966 rem
220 1906 443 1966 lrumentariam
464 1906 637 1965 translatam
650 1904 788 1987 solebat,
811 1906 947 1965 dolorem
968 1921 1057 1965 suum

27 2004 139 2065 magna
152 1986 343 2050 contentione
356 1988 445 2048 animi
461 1989 715 2064 persequebatur,
732 1989 787 2048 sed
802 2004 869 2048 oum
886 1992 1055 2049 scurrarum

28 2073 225 2148 locupletium
246 2080 362 2145 scorto,
387 2089 454 2133 oum
477 2069 591 2132 sororis
615 2072 767 2144 adultero,
791 2087 858 2131 cum
883 2079 1056 2147 stuprorum

29 2156 205 2227 sacerdote,
229 2172 297 2216 cum
317 2156 471 2227 venellco,
495 2171 562 2215 cum
585 2154 822 2223 testamentario,
847 2172 913 2215 cum
936 2156 1054 2224 sicario,

30 2252 97 2300 cum
118 2240 249 2299 latrone=
279 2238 514 2315 quoshomines
536 2237 577 2319 si,
604 2237 635 2297 id
655 2239 738 2313 quod
759 2238 847 2297 laeile
864 2239 942 2298 lactu
958 2238 1012 2297 luit
1027 2246 1057 2298 et

32 2322 114 2397 qnod
134 2321 202 2385 fieri
223 2323 325 2384 debuit
346 2323 490 2397 quodque
510 2338 592 2381 ame
616 2321 719 2395 optimi
743 2328 773 2381 et
796 2320 950 2380 fortissimi
973 2319 1055 2380 cives

31 2404 220 2481 flagitabant,
244 2402 274 2465 vi
291 2406 442 2480 armisque
464 2411 674 2480 superassem,
701 2421 760 2463 non
782 2405 909 2462 verebar
926 2420 965 2463 ne
988 2401 1056 2477 quis

31 2498 80 2550 aut
98 2488 161 2548 vim
181 2488 211 2548 vi
232 2490 384 2562 repulsam
409 2488 644 2563 reprehenderet
665 2497 717 2547 aut
738 2486 922 2561 perditorum
944 2485 1056 2547 civium

33 2575 78 2634 vel
96 2571 200 2647 potius
216 2571 450 2632 domesticorum
464 2571 596 2632 hostium
609 2578 736 2635 mortem
747 2578 904 2629 maereret.
932 2569 993 2630 Sed
1009 2585 1056 2628 me
1130 2614 1135 2626 ,

32 2652 79 2716 illa
91 2662 271 2716 moverunt:
295 2654 434 2714 omnibus
449 2654 480 2714 in
497 2652 686 2714 contionibus
703 2653 753 2712 illa
768 2654 844 2714 iuria
859 2652 1007 2713 clamabat
1021 2669 1055 2712 so

33 2756 111 2815 quae
133 2739 245 2798 laceret
264 2746 368 2798 contra
388 2739 514 2797 salutem
529 2753 625 2796 meam
641 2738 741 2796 lacere
761 2746 884 2796 auctore
901 2736 952 2795 Cn.
969 2736 1054 2794 Pom·

30 2820 116 2897 pelo,
132 2819 301 2882 clarissimo
318 2820 381 2880 viro
397 2819 530 2893 mihique
546 2829 575 2881 et
588 2835 668 2878 nunc
684 2827 714 2879 et
725 2820 827 2892 quoad
842 2818 924 2877 licuit
938 2816 1055 2876 amicis-

30 2906 117 2968 simo.
151 2904 192 2971 Μ.
208 2904 351 2974 CrassuS,
376 2919 506 2977 quocum
525 2901 599 2962 mihi
615 2916 720 2962 omnes
738 2908 823 2961 erant
840 2898 989 2959 amicitiae
1005 2910 1056 2956 ne·

28 2986 251 3065 ceseitudines,
277 2987 322 3047 vir
342 2985 537 3056 fortissimus,
562 2985 599 3044 ab
621 2984 727 3044 eadem
749 2982 800 3041 illa
821 2990 907 3056 peste
925 2979 1055 3039 inlestis-

28 3072 128 3135 simus
146 3087 217 3130 esse
237 3070 313 3131 meis
335 3068 461 3129 fortunis
484 3067 720 3142 praedicabatur.
765 3064 795 3123 G.
816 3065 942 3134 Caesar,
968 3062 1056 3137 quia

24 3172 76 3217 me
99 3154 183 3215 nullo
202 3170 272 3213 meo
298 3153 403 3213 merito
428 3149 544 3210 alienus
568 3165 638 3207 esse
660 3147 803 3217 debebat,
831 3144 1055 3206 inimicissimus

24 3254 102 3300 esse
118 3254 205 3296 meae
223 3237 310 3296 saluti
328 3237 366 3295 ab
382 3234 491 3294 eodem
506 3229 664 3292 cotidianis
683 3230 874 3291 contionibus
890 3227 1054 3290 dicebatur.

22 3320 80 3384 40.
96 3320 152 3381 His
164 3336 197 3380 se
209 3320 303 3380 tribus
316 3317 489 3378 auctoribus
502 3316 530 3374 in
544 3312 678 3373 consiliis
690 3312 855 3388 capiendis,
868 3312 1055 3373 adiutoribus

22 3406 110 3466 inre
125 3403 260 3477 gerenda
273 3416 344 3462 esse
359 3416 484 3461 usurum
498 3398 630 3459 dicebat:
655 3413 694 3457 ex
712 3395 828 3536 qumis*
837 3410 930 3456 unum
945 3396 1056 3456 habere

68 3500 128 3543 Cle.
149 3498 238 3542 ottae.
816 3504 822 3536 l
907 3522 910 3533 .
