2356 3854
291 148 767 266 ‘cAPao-aasseta-tr.
893 239 897 251 ,
1012 191 1074 257 183

70 333 179 393 omnium
206 342 390 393 concursent
411 344 440 394 et
463 352 502 394 ex
524 337 607 395 vultu
624 338 852 399 candidatorum
869 339 1072 402 coniecturam

70 415 157 476 iaciant
171 424 316 490 quantum
335 416 466 492 quisque
478 417 569 476 animi
586 426 617 477 et
633 421 782 481 facultatis
799 423 911 482 habere
923 423 1071 484 videatur.

70 498 103 558 tt.
115 499 246 559 Videsne
262 508 293 558 tu
305 499 388 584 illum
401 499 529 572 tristem,
547 501 735 561 demissum?
751 503 842 577 iacet,
856 506 973 578 diffidit,
990 508 1072 567 abie-

70 581 222 642 nlt'hastas.
258 581 358 655 Serpit
379 582 428 642 hic
448 586 567 652 rumor:
598 583 666 642 Scis
687 594 719 647 tu
741 586 824 647 illum
846 589 1071 650 accusationem

70 665 187 738 rogitare,
206 665 359 740 inquirere
374 665 404 724 in
421 660 645 741 competitores,
662 676 756 727 testes
775 669 944 743 quaereret
971 675 1072 733 Alium

70 748 168 821 luciam,
194 749 335 821 quoniam
357 748 415 807 sibi
436 750 484 807 hio
505 750 573 823 ipse
595 751 747 824 desperat.
779 751 853 810 Eius
870 754 952 812 modi
969 757 1072 815 candi-

70 829 181 891 datorum
211 832 300 890 amici
328 831 424 891 intimi
453 833 659 905 debilitantur,
687 833 787 894 studia
815 835 985 908 deponunt,
1021 849 1073 898 aut
1147 864 1151 871 ¹

70 920 136 972 lobni
155 930 220 973 rem
242 913 388 974 abiiciunt
407 925 459 975 aut
482 932 568 975 suam
583 933 707 989 operam
724 926 753 976 et
772 917 898 991 gratiam
912 918 1024 985 iudicio
1043 930 1073 980 et
1138 934 1142 938 ’

70 996 231 1058 accusationi
253 1007 420 1058 reservant.
451 999 540 1057 XXll.
559 1000 687 1065 Accedit
708 1001 830 1071 eodem,
848 1009 880 1060 ut
897 1001 986 1060 etiam
1002 1002 1071 1077 ipse

70 1080 223 1140 candidatus
241 1089 333 1140 toturn
350 1081 481 1141 animum
498 1089 588 1155 atque
605 1099 724 1142 omnem
742 1100 859 1155 curam,
885 1101 1011 1158 operam
1027 1086 1071 1145 di·

70 1159 258 1238 ligentiamque
274 1181 360 1223 suam
375 1165 405 1222 in
423 1165 568 1238 petitione
581 1182 644 1225 non
656 1167 758 1241 possit
771 1184 896 1242 ponere.
925 1168 1070 1242 Adiungi·
1140 1222 1144 1234 ,

70 1250 101 1302 tur
112 1249 184 1306 enim
198 1247 403 1307 accusationis
421 1248 577 1321 cogitatio,
593 1267 655 1309 non
669 1266 764 1324 parva
777 1267 844 1321 res,
862 1252 918 1310 sed
932 1250 1070 1310 nimirum
1100 1286 1103 1291 ·

70 1330 175 1390 annium
196 1330 336 1408 maxima.
373 1331 516 1404 Magnum
538 1341 586 1391 est
601 1333 680 1394 enim
698 1342 726 1394 te
744 1350 923 1408 comparare
938 1351 988 1409 ea,
1004 1335 1070 1409 qui·
1139 1331 1145 1342 “

70 1426 107 1471 rus
125 1413 225 1487 possis
247 1413 397 1473 hominem
414 1431 432 1473 e
447 1413 582 1487 civitate,
606 1418 783 1490 praesertim
798 1435 859 1478 non
877 1417 1000 1493 inopem
1017 1435 1069 1476 ne·

70 1510 108 1563 tte
121 1495 283 1567 infirmum,
306 1499 484 1557 exturbare=
511 1498 562 1572 qui
580 1508 610 1558 et
625 1517 679 1573 per
696 1517 730 1558 se
745 1509 775 1561 et
787 1518 844 1575 per
859 1518 933 1560 suos
949 1511 979 1561 et
995 1516 1068 1560 vero
1094 1523 1096 1526 >

73 1576 132 1637 tiam
147 1596 202 1653 per
215 1581 332 1640 alienos
352 1581 540 1641 defendatur.
571 1581 682 1642 Omnes
700 1585 778 1640 enim
793 1585 832 1642 ad
847 1584 982 1657 pericula
998 1600 1069 1658 pro·
1147 1643 1155 1651 ,

73 1664 193 1722 ulsanda
211 1663 418 1723 concurrimus
432 1673 462 1723 et
473 1663 526 1737 qui
536 1681 596 1722 non
609 1674 713 1738 aperte
725 1665 836 1724 inimici
848 1683 963 1738 sumuS,
979 1667 1068 1725 etiam

70 1743 235 1805 lienissimis
250 1746 279 1804 in
295 1746 402 1820 capitis
419 1746 561 1820 periculis
577 1747 830 1807 amicissimorum
846 1748 949 1806 olliela
962 1756 991 1806 et
1006 1756 1068 1806 stu-

70 1823 95 1886 ia
108 1838 306 1903 praestamus.
341 1826 390 1889 46.
411 1829 475 1902 Qua
496 1845 530 1887 re
545 1845 602 1903 ego
619 1838 764 1902 expertus
782 1838 812 1888 et
829 1829 951 1903 petendi
966 1838 995 1889 et
1015 1830 1069 1888 de-

70 1912 187 1972 tndendi
208 1913 426 1988 etaccusandi
448 1911 616 1970 molestiam
638 1911 683 1971 sic
703 1912 850 1972 intellexi:
881 1911 912 1970 in
935 1913 1067 1987 petendo

70 1994 182 2054 udium-
196 2012 266 2055 esse
289 1996 481 2065 acerrimum,
503 1995 534 2054 in
550 1995 742 2056 defendendo
759 1995 906 2068 officium,
933 1997 962 2055 in
978 2012 1067 2056 accu-

70 2079 138 2137 tndo
156 2079 300 2137 laborem.
330 2080 435 2154 ltaque
452 2079 496 2138 sic
512 2073 620 2151 statuo,
640 2079 705 2138 sieri
720 2082 801 2139 nullo
814 2080 904 2139 modo
923 2096 1018 2154 posse
1035 2088 1068 2139 ut

70 2157 121 2220 leni
135 2161 362 2221 accusationem
378 2171 406 2223 et
424 2160 599 2236 petitionem
615 2164 791 2223 consulatus
804 2163 961 2236 diligenter
977 2164 1067 2222 ador-

70 2251 94 2302 et
114 2254 205 2319 atque
227 2245 363 2304 instruat.
400 2247 498 2306 Unum
520 2246 669 2305 sustinere
687 2247 776 2320 pauci
792 2254 937 2320 possunt,
953 2255 1066 2304 utrum-

70 2336 207 2386 uenemo.
228 2327 281 2400 Tu,
294 2344 385 2401 quum
397 2338 425 2389 te
438 2330 476 2388 de
489 2329 637 2389 curriculo
646 2329 798 2402 petitionis
807 2327 990 2388 deflexisses
1002 2326 1066 2386 ani-

70 2426 182 2484 mmque
199 2411 236 2469 ad
249 2412 457 2470 accusandum
472 2412 687 2485 transtulisses,
706 2411 884 2472 existimasti
900 2420 929 2471 te
947 2402 1067 2485 otiique

70 2493 169 2566 egocio
181 2493 255 2554 satis
272 2495 371 2558 lacere
388 2503 502 2568 posset
527 2495 731 2555 Vehementer
748 2495 863 2554 errasti.
895 2493 968 2568 Quis
986 2494 1066 2554 enim

69 2572 109 2634 ies
128 2578 196 2648 luit,
221 2587 328 2650 postea
352 2595 440 2652 quam
463 2579 493 2637 in
518 2579 605 2639 istam
622 2579 786 2638 accusandi
802 2578 1066 2638 denunciationem

70 2673 198 2731 tgressus
214 2672 263 2731 ες,
281 2677 370 2733 quem
384 2669 417 2720 tu
432 2678 491 2720 non
508 2670 602 2722 totum
616 2661 646 2720 in
663 2661 720 2721 ista
737 2661 853 2721 ratione
869 2673 1067 2734 consumpse·

70 2738 107 2815 ist
136 2743 239 2801 Xlllll.
254 2744 365 2816 Legem
384 2744 513 2804 ambitus
529 2745 687 2818 flagitasti,
708 2760 786 2818 quae
802 2745 855 2804 tibi
868 2762 929 2804 non
953 2746 1066 2802 deerat.

70 2821 113 2883 :rat
132 2826 211 2883 enim
232 2826 425 2886 severissime
444 2828 558 2902 scripta
574 2827 748 2901 Calpurnia:
769 2834 875 2901 gestus
890 2835 938 2886 est
951 2842 1018 2884 mos
1037 2830 1067 2882 et
1105 2901 1107 2905 y

72 2906 187 2968 olontati
207 2917 237 2968 et
259 2908 394 2983 dignitati
415 2917 494 2969 tuae.
533 2910 594 2969 Sed
614 2917 677 2970 tota
699 2909 748 2968 illa
773 2911 824 2968 lex
841 2907 1067 2968 accusationem

70 3004 138 3065 tam,
159 2991 185 3051 si
201 2992 329 3052 haberes
346 3001 505 3053 nocentem
520 3009 619 3064 reum,
644 2993 775 3051 fortasse
797 2998 961 3050 armasset:
990 2986 1067 3061 peti-

70 3072 115 3130 oni
136 3091 207 3134 vero
230 3076 380 3150 refragata
402 3083 457 3133 est.
497 3072 547 3135 47.
565 3076 666 3134 Poena
688 3073 809 3148 gravior
829 3074 859 3131 in
877 3073 997 3147 plebem
1015 3078 1067 3130 tua

72 3167 119 3212 oce
138 3156 301 3231 efflagitata
321 3165 381 3218 est=
406 3156 545 3215 commoti
567 3156 657 3215 animi
673 3157 857 3216 tenuiorum:
880 3154 1020 3214 exsilium
1036 3152 1066 3212 in

70 3246 175 3299 ostrum
197 3242 348 3300 ordinem:
377 3239 529 3299 concessit
545 3245 667 3297 senatus
686 3238 881 3312 postulationi
902 3247 985 3308 tuae,
1010 3237 1067 3297 sed

70 3332 103 3376 on
117 3322 241 3383 libenter
257 3324 408 3383 duriorem
423 3324 560 3382 lortunae
575 3320 725 3381 communi
741 3320 952 3382 condicionem
968 3330 997 3381 te
1013 3337 1067 3379 au-

70 3405 125 3463 tore
146 3407 308 3467 constituit.
336 3406 432 3465 Morbi
448 3404 638 3465 excusationi
651 3404 863 3503 poena'addita
878 3413 940 3466 est:
960 3405 1068 3464 volun·
