2356 3854
87 196 128 283 ro
247 165 781 257 reosux.'nosoroxnmx1no
805 192 957 254 onemo.
1052 174 1058 219 '·

87 348 158 407 dem
182 355 381 406 accusaturus
408 353 490 405 esset
515 361 599 416 eum,
626 359 716 418 quem
738 360 793 417 pro
816 343 961 418 dignitate
988 362 1028 404 ne
1054 346 1103 404 lan·

88 432 162 488 dare
185 430 306 503 quidem
331 428 494 503 quisquam
522 427 595 488 satis
622 427 781 487 commode
803 435 924 500 posset,
954 426 1039 487 aiunt
1061 427 1101 488 ho

87 512 212 583 minem,
245 521 277 571 nt
302 520 366 570 erat
392 510 541 581 furiosus,
577 510 793 584 respondisse,
828 510 910 581 quod
934 525 995 568 non
1022 517 1101 570 toturn

87 597 180 654 telum
201 610 330 669 corpore
348 594 527 668 recepisset.
560 592 625 665 Quo
646 594 780 667 populus
800 593 956 651 Romanus
978 592 1050 673 nillil
1070 591 1099 649 vi-

89 677 132 737 dit
153 677 321 750 indignius,
343 676 402 736 nisi
422 672 560 736 'eiusdem
584 675 639 734 viri
661 683 801 745 mortem,
827 682 1039 748 quaerentum
1058 690 1099 748 po

87 760 158 832 tuit,
194 768 226 819 ut
254 777 359 820 omnes
386 759 470 819 cives
497 760 663 833 perdiderit
691 767 721 818 et
746 757 913 830 adflixerit,
941 775 1021 831 quos
1044 754 1099 831 quit

89 859 213 903 servare
234 859 289 917 per
304 843 556 916 compositionem
572 842 709 914 volebat,
729 840 796 914 ipse
811 841 848 898 ab
864 840 901 899 iis
916 839 1098 913 interemptus

86 935 144 986 est.
182 923 233 986 34.
253 927 346 985 Estne
366 926 425 984 hoc
446 926 488 984 illi
506 925 585 985 dicto
609 932 701 998 atque
717 925 795 983 lacto
810 922 981 982 Fimbriano
1002 921 1099 982 simili·

87 1016 189 1068 mumt
218 1008 380 1068 Accusatis
397 1007 468 1082 Sex.
482 1008 637 1067 Roscium.
666 1005 742 1079 outo
757 1005 819 1066 ilat
835 1005 906 1079 quia
921 1006 960 1065 de
975 1005 1097 1064 monibus

87 1092 198 1152 vestris
219 1092 338 1165 elingit:
360 1089 432 1165 quia
449 1107 483 1150 se
505 1091 603 1150 occidi
617 1106 730 1164 passus
746 1105 805 1148 non
821 1097 877 1149 est.
907 1089 985 1147 lllud
1000 1084 1098 1164 quirin

88 1175 239 1234 Scaevola
254 1176 365 1233 lactum
381 1181 442 1245 est,
464 1174 560 1246 magis
574 1173 731 1246 indignum
746 1171 881 1232 videtur:
903 1171 976 1242 hoc,
994 1169 1099 1245 quia-it

88 1257 337 1333 aChrysogono,
359 1273 430 1316 num
448 1264 497 1316 est
518 1258 696 1318 lerendnml
729 1257 803 1314 Nam
822 1254 970 1332 perdens
995 1254 1100 1314 immor·

87 1342 179 1411 tales,
199 1339 272 1412 quid
291 1339 380 1399 estin
394 1339 452 1398 hac
471 1355 565 1398 causa
582 1340 665 1413 quod
680 1337 868 1398 defensionis
885 1337 1040 1412 indigeat?
1061 1333 1100 1411 qni

87 1425 174 1482 locus
206 1421 359 1496 ingenium
385 1422 505 1496 patroni
532 1421 657 1496 requirit
681 1430 733 1482 aut
756 1423 885 1481 oratoris
910 1420 1101 1496 eloquentiam

87 1522 196 1578 magno
221 1522 314 1578 opere
336 1505 511 1565 desiderat?
538 1505 643 1565 Totam
663 1521 806 1578 causam,
826 1503 959 1579 iudices,
981 1503 1103 1579 explice-

86 1605 155 1647 mus
166 1597 258 1662 atque
270 1597 340 1648 ante
352 1590 459 1648 oculos
470 1588 641 1662 expositam
652 1587 895 1648 consideremus:
911 1587 953 1646 ita
964 1587 1103 1658 facillime,

1 1710 3 1714 -
88 1688 237 1746 quaeres
260 1671 519 1732 totum'iudioium
540 1672 692 1732 contineat
712 1679 742 1731 et
763 1670 873 1745 quibus
894 1671 933 1729 de
947 1671 1040 1731 rebus
1054 1685 1102 1729 nos

53 1832 54 1837 ἵ
87 1755 190 1815 dicere
206 1764 346 1831 oporteat
363 1764 393 1815 et
405 1756 479 1830 quid
491 1771 548 1815 vos
561 1755 650 1830 sequi
665 1754 827 1814 conveniat
837 1754 1020 1826 intelligetis.
1037 1753 1103 1814 Xlll.

85 1837 136 1900 35.
161 1839 235 1898 Tres
257 1848 328 1898 sunt
347 1855 413 1911 res,
435 1844 578 1912 quantum
600 1855 657 1913 ego
672 1837 845 1897 existimare
867 1853 1010 1911 possum,
1035 1851 1104 1912 quae

85 1922 208 1982 obstent
228 1922 288 1980 hoc
310 1930 444 1996 tempore
460 1922 530 1981 Sex.
545 1923 673 1982 Roscio».
695 1920 806 1980 crimen
823 1920 1068 1980 adversariorum
1081 1925 1103 1979 el

86 2004 215 2062 audacia
239 2011 269 2063 et
289 2005 434 2078 potentia.
465 2005 603 2063 Criminis
627 2005 840 2074 confictionem
863 2012 1026 2064 accusator
1039 2005 1103 2063 Eru-

83 2087 151 2145 cius
161 2086 312 2159 suscepit:
323 2085 470 2156 audaciae
480 2095 583 2160 partes
594 2086 698 2145 Roscii
711 2086 768 2144 sibi
780 2095 1006 2161 poposcerunt=
1020 2088 1103 2163 Chry*

85 2185 222 2242 sogonus
244 2177 357 2239 autem,
384 2168 485 2241 isqui
507 2169 668 2244 plurimum
690 2178 805 2243 potest,
831 2170 968 2244 potentia
987 2178 1103 2244 pugnat

84 2251 235 2312 Dehisce
259 2253 399 2310 omnibus
419 2251 511 2310 rebus
532 2268 581 2310 me
602 2251 704 2310 dicere
725 2258 867 2326 oportere
888 2253 1034 2327 intelligo.
1061 2253 1103 2314 36.

83 2335 162 2407 Quid
183 2335 273 2409 igitur
296 2342 364 2395 est?
392 2334 458 2393 Non
480 2335 588 2394 eodem
604 2336 695 2394 modo
710 2336 748 2394 de
765 2336 920 2395 omnibus:
941 2335 1013 2396 ideo
1031 2337 1103 2411 quod

84 2417 181 2492 prima
199 2417 250 2476 illa
266 2434 317 2499 res
337 2418 377 2477 ad
397 2416 497 2479 meum
519 2418 651 2478 officinm
671 2419 814 2492 pertinet,
836 2419 1030 2514 duasautem
1043 2419 1103 2479 reli·

81 2516 161 2573 quas
184 2499 274 2558 vobis
296 2503 429 2575 populus
445 2502 600 2561 Romanus
623 2501 776 2575 imposuit.
808 2502 873 2575 Ego
889 2518 1002 2562 crimen
1020 2519 1103 2578 opor·

84 2589 126 2642 tet
141 2582 266 2641 diluam:
287 2599 345 2643 vos
368 2592 398 2643 et
411 2584 557 2644 audaciae
571 2584 716 2644 resistere
731 2592 761 2643 ct
774 2585 930 2645 hominum
943 2585 1011 2646 eius
1028 2584 1103 2646 modi

83 2664 286 2740 perniciosam
311 2675 403 2741 atque
428 2665 648 2726 intolerandam
673 2668 840 2742 potentiam
865 2667 962 2744 primo
985 2685 1103 2745 quoquc

82 2757 219 2822 tempore
234 2748 429 2824 'exstinguere
444 2758 535 2825 atque
551 2751 722 2826 opprimere
738 2752 865 2813 debetis,

163 2829 214 2893 37.
237 2830 394 2892 Occidisse
405 2841 521 2907 patrem
537 2833 609 2894 Sex.
620 2834 751 2895 Roscius
766 2835 907 2909 arguitur.
930 2832 1103 2909 scelestum,

80 2916 112 2974 di
132 2914 330 2987 immortales,
357 2931 393 2973 ac
421 2917 567 2976 nefarium
588 2919 705 2976 lacinus
727 2926 818 2991 atque
838 2917 904 2977 eius
925 2919 1025 2992 modi,
1048 2935 1103 2994 qu<

82 3015 142 3057 uno
163 2997 313 3058 maleficio
335 2999 453 3058 scelera
470 2999 571 3060 omnia
595 3002 755 3074 complexa
769 3018 841 3062 esse
854 3001 1024 3061 videantur.
1055 3002 1103 3061 ut-

79 3079 214 3154 enimsi,
228 3082 260 3142 id
277 3082 360 3157 quod
374 3084 529 3157 praeclare
543 3099 562 3141 a
576 3084 765 3158 sapientibus
779 3085 901 3158 dicitur,
915 3087 1000 3145 vultu
1013 3100 1103 3160 saepe

80 3161 209 3221 laeditur
221 3165 328 3238 pietas,
343 3166 425 3239 quod
436 3165 712 3240 supplicium-satis
725 3184 795 3227 acre
807 3168 976 3242 reperietur
986 3169 1016 3226 in
1030 3182 1103 3241 eum,

83 3243 135 3318 qui
150 3254 276 3304 mortem
297 3249 438 3309 obtulerit
456 3249 588 3323 parenti,
608 3266 665 3324 pro
688 3267 748 3325 quo
770 3249 847 3309 mori
869 3251 984 3325 ipsum,
1008 3251 1037 3310 si
1056 3264 1103 3310 res

80 3328 262 3401 postularet,
283 3330 347 3389 iura
362 3332 464 3391 divine
478 3342 571 3407 atque
585 3334 716 3392 humana
730 3333 902 3407 cogebant?
929 3331 981 3394 38.
998 3335 1033 3394 In
1048 3333 1103 3394 hoc

79 3416 177 3481 tanto,
195 3418 255 3470 tam
270 3415 380 3485 atroci,
395 3423 456 3475 tarn
471 3415 617 3490 singulari
631 3415 798 3489 maleficio,
819 3418 902 3492 quod
916 3416 957 3478 ita
968 3433 1038 3478 raro
1053 3430 1103 3478 cx-
