2356 3854
94 194 134 260 18
201 254 203 266 ,
250 201 322 262 PRO
342 202 425 261 SEX.
445 201 582 261 ROSCIO
604 199 776 260 AMERINO
798 198 949 259 ORATIO.

92 351 212 412 duobus
234 348 478 411 adolescentibus
498 351 568 410 liliis
584 349 681 421 isset,
694 347 846 409 inventum
864 365 935 409 esse
955 365 1032 407 mant

92 435 234 508 galatum.
272 433 366 506 Quum
388 450 487 507 neque
509 449 615 493 servus
631 435 789 506 quisquam
806 432 989 505 reperiretur
1006 449 1032 490 nt

92 517 167 575 iiber
181 517 219 573 ad
242 516 333 588 quem
348 533 384 575 ea
405 516 540 589 suspicio
563 516 737 588 pertineret,
761 515 792 573 id
807 514 913 572 aetatis
928 523 1025 573 autem

90 597 144 656 lilii
166 606 289 672 propter
310 598 454 658 cubantes
475 615 513 676 ne
536 597 671 657 sensisse
691 598 811 670 quidem
832 613 866 655 se
881 596 1029 669 dicerent,

92 680 171 738 mina
192 681 321 740 filiorum
344 681 382 740 de
404 678 564 755 parricidio
586 681 684 738 delata
699 688 776 739 sunt.
810 678 886 752 Quid
909 686 1026 752 poterat

92 768 162 822 e‘sse
177 763 402 837 suspiciosum?
424 765 607 823 Neutrumne
619 762 775 822 sensisset
795 764 911 821 Ausum
925 769 1023 820 autem

93 861 287 919 quemquam,
312 863 346 905 se
365 847 395 904 in
417 846 448 905 id
469 847 613 905 conclave
635 845 895 916 committere,·eo
915 842 1032 916 potissir

62 947 69 960 ‘
90 936 242 1002 ternpore,
267 945 358 1002 quum
376 924 486 988 ibidem
501 936 605 988 essent
619 928 679 986 duo
695 926 904 985 adolescentes
920 924 990 997 filii,
1011 943 1032 998 q

91 1010 203 1070 sentire
224 1018 254 1069 et
276 1011 438 1070 delendere
459 1010 546 1071 lacile
560 1015 709 1084 possent?
741 1007 790 1070 65.
813 1009 886 1066 Erat
904 1023 995 1080 porro
1017 1025 1032 1064 n

90 1090 120 1153 in
139 1108 228 1167 quern
250 1108 286 1151 ea
308 1092 441 1166 suspicio
459 1092 642 1152 conveniret.
671 1092 781 1150 Tamen
804 1107 896 1164 quum
917 1090 1032 1163 planun

90 1174 312 1234 dicibusesset
331 1177 439 1233 lactum
461 1183 565 1248 aperto
587 1173 664 1234 ostio
690 1173 871 1233 dormientes
891 1188 946 1231 eos
967 1187 1032 1245 repr

47 1300 53 1318 t
90 1271 175 1329 esse,
199 1255 310 1315 iudicio
331 1256 461 1316 absoluti
480 1257 689 1316 adolescentes
703 1265 732 1317 et
747 1254 921 1328 suspicione
938 1253 1019 1313 omni

88 1338 146 1398 rati
166 1347 244 1398 sunt.
276 1339 369 1400 Nemo
391 1339 468 1398 enirn
485 1339 607 1412 putabat
630 1354 811 1412 quemquam
831 1353 901 1396 esse
924 1336 992 1410 qui,
1014 1354 1031 1408 q

90 1420 190 1482 omnia
216 1421 317 1479 divina
337 1430 428 1495 atque
450 1420 659 1494 humanaiura
674 1423 789 1480 scelere
806 1418 921 1478 nefario
935 1418 1031 1492 pollui

90 1517 227 1566 somnum
249 1506 346 1563 statim
367 1520 477 1577 capere
492 1503 656 1577 potuisset,
681 1513 840 1576 propterea
857 1502 954 1574 quod,
977 1500 1027 1574 qui

67 1595 151 1665 turn
173 1586 289 1645 lacinus
302 1580 620 1668 ·commiserunt‚-non
641 1586 731 1645 modo
753 1586 819 1645 sine
841 1601 913 1643 cura
938 1584 1032 1657 quiesi

89 1669 145 1729 sed
160 1685 197 1734 ne
213 1670 328 1742 spirare
343 1669 464 1743 quidem
479 1670 544 1727 sine
558 1677 638 1727 metu
654 1676 790 1742 possunt.

171 1751 277 1812 XXIV.
298 1753 347 1812 66.
374 1751 533 1811 Videtisne
554 1765 640 1825 'quos
668 1750 766 1812 nobis.
782 1752 891 1823 poetae
918 1746 1032 1806 tradide

86 1834 182 1910 patris
214 1834 381 1894 ulciscendi
412 1834 505 1894 caiisa
536 1832 717 1907 supplicium
742 1834 780 1891 de
804 1839 898 1890 matre
924 1845 1030 1902 sumps

88 1932 181 1987 quum
199 1918 374 1989 praesertim
396 1917 521 1977 deorum
537 1916 744 1976 immortalium
759 1913 851 1974 iussis
867 1921 959 1986 atque
975 1928 1032 1970 orat

87 1997 120 2057 id
135 1997 245 2057 iecisse
262 1998 412 2071 dicantur,
436 2008 534 2058 tamen
554 2006 587 2057 ut
602 2015 656 2058 eos
672 1998 784 2071 agitent
804 1995 899 2054 iuriae
916 2011 1018 2066 neque

87 2079 196 2138 sistere
217 2095 351 2152 usquam
367 2080 529 2153 patiantur,
551 2081 634 2152 quod
654 2097 691 2140 ne
713 2080 754 2154 pii
773 2080 892 2153 quidem
908 2073 973 2136 sine
989 2092 1032 2134 set

87 2161 158 2220 csse
179 2167 361 2234 potuerunt?
393 2161 443 2221 Sic
464 2178 498 2221 se
522 2179 572 2221 res
593 2162 697 2234 habet,
719 2159 845 2222 iudices.
880 2160 1020 2232 Magnam

37 2263 44 2276 .
86 2258 224 2318 magnam
245 2245 469 2326 necessitatem,
493 2261 630 2318 magnam
651 2245 789 2318 possidet
808 2241 984 2315 religionem
1006 2258 1032 2314 pr

86 2343 144 2385 nus
167 2337 379 2402 maternusque
404 2328 542 2401 sanguis=
563 2343 602 2386 ex
624 2343 684 2401 quo
706 2327 732 2387 si
747 2324 938 2401 quamaoula
958 2339 1032 2383 cone

88 2417 149 2481 est,
173 2426 231 2468 non
254 2412 343 2470 modo
365 2411 425 2470 elui
446 2426 507 2470 non
524 2418 637 2483 potest,
660 2426 763 2468 verum
781 2424 879 2482 usque
895 2424 932 2466 eo
949 2423 1032 2481 perm

86 2491 127 2549 ad
149 2491 295 2563 animum,
315 2502 347 2552 ut
367 2510 502 2553 summus
523 2495 605 2552 luror
628 2500 718 2566 atque
738 2490 867 2550 amentia
888 2506 1032 2563 consequa

86 2569 136 2633 67.
157 2573 254 2632 Nolite
268 2576 346 2634 enirn
361 2585 481 2649 putare,
502 2576 754 2649 quemadmodum
769 2574 798 2632 in
815 2573 923 2631 fabulis
941 2588 1032 2645 saepe

85 2671 168 2715 mero
184 2655 306 2727 videtis,
329 2673 399 2729 eoS,
420 2659 470 2731 qui
491 2657 604 2731 aliquid
618 2657 708 2732 impie
723 2658 929 2727 scelerateque
945 2670 1032 2712 cumn

84 2738 283 2812 rint„agitari
304 2747 334 2798 et
355 2740 513 2814 perterreri
526 2740 679 2798 Furiarum
702 2737 807 2798 taedis,
822 2736 1009 2797 ardentibus.

85 2837 236 2896 quemque
257 2822 340 2880 fraus
361 2830 391 2880 et
408 2838 482 2881 suus
503 2831 599 2897 terror
616 2819 744 2880 maxime
764 2829 868 2878 vexat:
894 2836 983 2878 suurn
1000 2838 1032 2892 qt

84 2919 145 2978 que
158 2906 259 2963 scelus
271 2903 364 2977 agitat
374 2905 564 2979 amentiaque
576 2904 690 2964 adlicit:
708 2917 781 2963 suae
795 2904 889 2961 malae
902 2900 1032 2975 cogitati«

84 2987 349 3061 conscientiaeque
374 2988 464 3047 animi
489 2995 616 3049 terrent:
653 2986 717 3044 Hae
743 2995 813 3044 sunt
833 2984 932 3057 impiis
956 2985 1032 3043 adsi<

81 3065 330 3145 ‘domesticaeque
343 3069 464 3141 Furiae,
487 3086 565 3145 quac
586 3067 652 3127 dies
674 3076 840 3142 noctesque
855 3075 1032 3141 parentum,

83 3162 139 3206 nas
154 3165 172 3206 a
185 3153 484 3220 consceleratissimis
499 3153 569 3212 filiis
583 3159 728 3226 repetant.
757 3150 806 3212 68,
829 3151 911 3208 Haec
927 3148 1032 3222 magni

84 3231 224 3291 malelicii
247 3237 329 3306 lacit,
350 3246 398 3307 ut,
422 3235 598 3310 nisipaene
616 3233 806 3293 manifestum
822 3231 1018 3305 parricidium

83 3310 209 3384 teratur,
225 3317 366 3378 credibile
380 3336 439 3379 non
454 3319 507 3389 sit,
523 3318 583 3379 nisi
594 3317 689 3391 turpis
700 3315 920 3386 adolescentia,
936 3314 995 3373 nisi
1009 3332 1032 3373 or

81 3392 141 3454 bus
155 3393 275 3470 flagitiis
290 3400 351 3467 vita
365 3401 535 3476 inquinata,
557 3401 617 3461 nisi
635 3407 773 3472 sumptus
791 3396 880 3456 effusi
902 3412 971 3456 curn
989 3414 1032 3472 pn
