2356 3854
134 149 198 228 888
411 150 486 211 PRO
502 150 535 223 O.
554 147 711 209 LIGARIO
728 147 880 208 ORATIO.

136 308 198 369 hun
218 303 307 364 ctiam
328 302 465 362 doctrina
484 300 638 359 excellens
660 314 755 372 genus
775 299 835 358 hoc
858 315 974 360 causae
990 301 1067 374 quod

131 405 196 450 uon
214 384 331 445 viderit.
381 384 455 442 llam
488 384 513 442 si
537 382 680 455 vidisset,
702 383 811 456 quovis
835 383 977 457 proiecto
999 401 1067 458 quar

135 471 258 539 modoa
273 476 302 526 ιε
318 466 367 541 agi
381 465 547 526 maluisset.
727 519 730 522 ,

143 546 145 554 ’
195 551 309 624 Argois
324 551 476 609 latentem.
513 549 579 609 Non
594 556 641 606 est
655 547 739 608 satis.
764 623 766 628 .
782 549 923 608 Accusas
939 564 1019 622 eum,
1036 569 1067 624 qr

35 661 40 671 ι
135 652 201 697 sam
216 634 308 694 habet
322 640 382 705 aut,
397 641 429 693 ut
444 647 502 706 ego
519 632 598 703 dico,
614 630 769 690 meliorem
786 647 877 713 quam
893 639 926 690 tu
944 639 1005 704 aut,
1021 641 1054 691 ut

132 733 263 794 paretur
295 714 343 778 ll.
363 716 446 776 Haec
462 713 658 785 admirabilia,
675 715 731 773 sed
749 713 879 788 prodigii
899 715 1000 773 simile
1014 725 1062 775 εει

136 800 246 863 dicam
289 799 354 857 Non
375 799 466 858 habet
486 814 553 858 cam
571 795 630 854 vim
650 795 709 854 ista
730 796 901 867 accusatio,
923 805 957 857 ut
980 798 1013 871 Q.
1033 799 1067 856 Li

135 883 366 953 condemnetur,
384 882 440 940 sed
455 889 487 940 ut
501 888 634 939 necetur.
677 879 743 938 Hoc
757 879 819 953 egit
835 879 911 939 civis
929 881 1067 939 Romanu

135 973 166 1027 le
192 981 301 1026 nemo:
328 962 445 1024 externi
465 964 514 1022 isti
536 977 638 1021 mores
660 963 819 1036 usquead
841 965 1024 1035 sanguinem
1056 967 1065 1021 i

134 1049 236 1109 solent
259 1046 331 1106 odio
353 1055 404 1106 aut
427 1045 539 1106 levium
561 1043 743 1103 Graecorum
766 1053 818 1105 aut
832 1045 1011 1105 immanium
1028 1047 1066 1105 ba

134 1147 211 1193 rum.
252 1129 327 1188 Nam
350 1128 424 1204 quid
441 1127 507 1203 agis
522 1128 625 1188 aliudl
648 1136 679 1187 ut
693 1128 807 1187 Romae
822 1145 861 1186 no
876 1130 936 1188 sitl
958 1138 992 1188 ut
1010 1131 1067 1189 don

134 1220 222 1274 reatt
236 1228 275 1271 ne
287 1228 355 1270 eum
367 1210 488 1285 optimis
501 1210 651 1289 fratribus,
663 1226 702 1269 ne
714 1225 781 1269 cum
793 1211 852 1270 hoc
863 1213 895 1268 Τ.
907 1213 1062 1284 Broccho,

136 1297 221 1367 culo,
236 1309 276 1353 ne
290 1310 359 1353 cum
376 1295 441 1353 eius
456 1295 533 1365 filio,
551 1293 735 1353 consobrino
751 1310 818 1365 suo,
836 1310 873 1351 ne
891 1295 1056 1353 nobiscum

134 1393 174 1437 ne
191 1378 234 1437 sit·
247 1377 277 1435 in
294 1375 412 1451 patriar
436 1377 513 1436 llum
528 1383 595 1435 est?
616 1392 686 1435 num
702 1385 802 1450 potest
812 1378 908 1449 magis
925 1393 1033 1436 carere
1048 1379 1066 1435 h

132 1458 225 1520 nibus
241 1475 339 1532 ,quam
362 1466 464 1519 carett
485 1459 569 1517 ltalia
584 1458 776 1532 prohibetur,
792 1461 921 1519 exsulat.
967 1462 1036 1519 Non
1053 1471 1067 1519 u

66 1607 73 1623 .
133 1558 205 1615 ,cum
221 1541 318 1616 patria
333 1542 468 1615 privare,
483 1558 544 1615 qua
561 1550 651 1614 caret,
667 1544 723 1601 sed
738 1542 797 1601 vita
813 1542 869 1601 vis.
914 1540 965 1602 12.
981 1547 1024 1602 At
1038 1546 1067 1602 is

47 1680 49 1684 .
94 1672 96 1677 .
135 1625 220 1699 apud
232 1641 301 1685 eum
313 1622 435 1700 quidem
447 1625 633 1698 dictatorem,
650 1625 702 1698 qui
714 1641 829 1698 omnes
849 1643 929 1700 quos
943 1628 1061 1697 oderat,

136 1709 313 1780 mulctabat,
338 1707 500 1783 quisquam
520 1708 581 1782 egit
602 1709 660 1767 isto
687 1709 788 1768 modo.
837 1710 907 1783 Ipse
924 1708 1052 1769 iubebat

132 1783 218 1851 'nullo
235 1791 421 1866 postulante,
439 1791 580 1864 praemiis
597 1792 687 1850 etiam
701 1792 858 1852 invitabat:
881 1808 961 1866 quae
987 1802 1067 1852 tame

136 1874 244 1935 delius
258 1873 297 1931 ab
313 1874 371 1933 hoc
387 1874 495 1932 eodem
511 1874 626 1947 aliquot
639 1875 726 1933 annis
742 1883 826 1949 post,
851 1892 942 1948 quem
957 1883 992 1934 tu
1009 1895 1067 1935 nun

136 1956 234 2015 delem
249 1973 319 2015 esse
342 1956 402 2027 vis,
426 1955 579 2015 vindicato
599 1965 653 2016 est.
697 1958 735 2015 V.
758 1959 821 2031 Ego
843 1974 915 2017 vero
938 1959 1025 2018 istud
1041 1977 1067 2017 m

61 2061 71 2086 κ
135 2039 225 2110 slulo,
241 2037 371 2111 inquies.
414 2038 458 2097 Ita
472 2039 643 2099 mehercule
659 2039 807 2112 existimo,
821 2041 948 2100 Tubero.
996 2043 1063 2101 Nou

135 2127 174 2192 te,
188 2119 263 2197 ,novi
278 2128 407 2194 patrem,
423 2122 495 2181 novi
509 2122 631 2182 domum
643 2139 819 2197 nomenque
833 2132 985 2182 vestrum:
1004 2127 1067 2186 stuc

135 2202 218 2273 ueris
239 2217 275 2262 ac
295 2202 424 2263 familiae
448 2212 568 2264 vestrae
597 2205 730 2275 virtutis
759 2205 966 2276 humanitatis,
1001 2210 1067 2268 doct

136 2286 333 2360 plurimarum
352 2288 459 2356 artium
482 2295 573 2362 atque
599 2289 777 2361 optimarum
805 2297 876 2349 uota
895 2288 967 2347 mihi
994 2302 1067 2351 sunt

133 2366 240 2442 ltaque
261 2377 343 2430 cerlo
365 2369 429 2430 scio
451 2386 509 2430 vos
522 2388 583 2431 non
604 2379 708 2444 petere
725 2372 911 2445 sangninem,
928 2375 987 2432 sed
1006 2392 1067 2448 pan

63 2496 65 2501 .
135 2449 268 2508 tenditis.
311 2454 373 2513 Res
398 2455 475 2511 enim
498 2471 534 2513 eo
557 2461 689 2528 spectat,
711 2463 744 2514 ut
758 2471 795 2513 ca
811 2472 926 2529 poena,
944 2456 973 2514 in
993 2476 1057 2532 qua

112 2566 115 2571 ·
135 2531 168 2606 Q.
183 2531 319 2606 Ligarius
335 2542 391 2608 est,
407 2553 466 2596 uon
480 2536 641 2595 rideamini
663 2553 733 2596 esse
749 2538 889 2598 contenti.
920 2538 1007 2610 Quae
1022 2551 1067 2600 εει

134 2611 193 2674 alia
210 2625 496 2688 praeter-mortem?
511 2618 543 2677 Si
558 2622 637 2678 enlm
652 2629 699 2680 est
712 2621 741 2678 in
757 2620 880 2692 exsilio,
897 2620 990 2682 sicuti
1008 2633 1067 2696 est,

134 2697 264 2771 amplius
278 2701 459 2773 postulatis?
472 2703 528 2779 An,
543 2719 581 2761 ue
596 2702 791 2775 ignoscetur?
804 2705 870 2763 Hoc
882 2720 956 2764 vero
974 2712 1067 2768 multo

50 2797 55 2805 “
132 2781 202 2840 blus
217 2784 371 2857 multoque
386 2785 500 2843 durius.
517 2784 671 2857 Ouodnos
687 2786 792 2862 [domi]
808 2788 940 2860 petimus
952 2791 1067 2862 precib

133 2864 251 2937 crimis,
282 2865 365 2925 strati
386 2867 425 2925 ad
446 2870 560 2942 pedes,
591 2877 731 2935 nontam
755 2879 877 2929 nostrae
898 2887 1018 2932 causae
1040 2877 1067 2934 fit

134 2964 224 3020 quam
235 2948 325 3007 hulus
338 2949 520 3023 humanitati,
535 2950 567 3010 id
582 2967 620 3010 ne
637 2955 831 3027 impetremus
848 2956 1013 3028 pugnabis
1030 2966 1059 3017 ει

133 3036 228 3090 strum
240 3029 343 3092 ilatum
359 3031 523 3108 irrumpes,
544 3042 574 3093 et
594 3051 651 3094 nos
674 3034 807 3096 iacentes
821 3038 861 3095 ad
877 3040 975 3111 pedes
993 3057 1067 3115 supp

133 3127 210 3170 voce
227 3115 425 3186 prohibebis?
437 3116 485 3179 14.
502 3116 544 3190 Si,
563 3135 654 3192 quum
669 3120 727 3179 hoc
744 3121 825 3180 domi
838 3121 1022 3195 laceremus,
1040 3143 1067 3199 qt

78 3265 80 3269 ι
133 3190 260 3255 lecimus
275 3205 319 3269 et,
335 3206 367 3258 ut
381 3216 488 3275 spero,
510 3217 571 3260 nou
587 3203 697 3262 lrustra
712 3203 853 3273 lecimus,
869 3213 901 3264 tu
918 3210 1067 3279 repentci

134 3287 186 3331 ses
202 3284 232 3334 ct
245 3279 374 3338 clamare
390 3285 564 3357 coepisses:
587 3284 616 3343 C.
636 3285 759 3359 Caesar,
775 3302 848 3346 cave
863 3285 1029 3362 ignoscas,
1046 3306 1067 3348 ει

79 3364 84 3375 ·
132 3353 256 3459 fratrum
267 3376 323 3434 pro
342 3363 441 3423 fratris
453 3368 550 3427 salute
572 3368 963 3444 obsecrantium-misereat,
981 3390 1067 3434 noun
