2356 3854
128 175 173 262 54
346 177 384 236 m
403 178 433 236 c.
455 177 618 237 vueauu
639 178 720 238 nor.
738 157 927 237 11111111.
1021 195 1036 218 -·

125 326 232 399 iudicii
249 342 285 384 ac
299 320 375 400 legis
391 326 483 385 domo
501 324 684 401 profugisse.
718 327 805 399 Quod
820 327 946 386 Verrem
969 327 1086 388 artificii
1099 328 1137 406 sui

131 409 274 482 cupidum
290 417 496 482 cognoverant
510 417 587 479 tum,
612 426 704 482 quum
719 409 791 480 isle,
812 409 843 468 id
860 411 942 484 qnod
964 416 1003 468 ex
1021 410 1136 471 testibus

131 491 294 564 didicistis,
313 491 451 565 Cibyram
469 507 536 550 cnm
553 491 691 550 inanibus
710 491 894 568 syngraphis
910 500 1044 563 venerat,
1060 493 1135 552 domo

130 574 280 648 fugientes
297 573 420 632 adeum
436 589 470 633 se
488 575 626 646 exsules,
641 591 732 647 quum
750 575 806 632 iste
824 581 907 634 esset
920 573 949 632 in
964 574 1054 644 Asia,
1078 591 1134 636 con-

129 658 269 716 tulerunt.
310 654 422 716 Habuit
442 672 496 718 eos
527 672 630 715 secum
653 655 704 715 illo
728 664 864 732 tempore
885 664 915 716 et
936 657 967 715 in
990 657 1134 729 legationis

130 739 252 814 praedis
268 748 358 813 alque
374 739 460 799 furtis
476 741 600 798 multum
613 737 731 797 illorum
753 753 848 812 opera
861 739 1053 812 consilioque
1073 755 1133 798 usus

131 831 186 882 est.
214 821 263 882 31.
296 822 351 881 Hic
367 830 437 881 sunt
447 821 503 895 1111,
519 821 628 895 quibus
644 820 673 878 in
688 820 797 880 tabulis
810 821 902 880 refert
915 821 1029 893 sech,
1041 821 1132 880 Tadius

131 905 254 965 dedisse
267 903 355 964 iussu
369 903 456 963 istius
469 903 592 962 Graecis
607 902 782 977 pictoribus.
808 904 872 962 Eos
885 902 944 962 iam
959 904 1039 962 bene
1050 905 1132 976 cogni·

131 996 179 1048 tos
205 995 293 1063 etre
320 987 464 1060 probatos
487 1002 590 1044 secum
615 985 644 1043 in
662 984 793 1044 Siciliam
817 987 909 1044 duxit.
957 986 1023 1058 Quo
1043 995 1132 1060 postea

132 1087 222 1146 quam
240 1077 400 1140 venerunt,
413 1069 580 1127 mirandum
596 1069 625 1126 iu
641 1069 762 1127 modum
773 1101 815 1112 -
829 1084 920 1128 canes
934 1068 1088 1127 venaticos
1101 1067 1132 1126 di·

132 1169 218 1213 ceres
231 1184 274 1197 -
287 1152 328 1210 ita
349 1151 552 1210 odorabantur
579 1151 680 1210 omnia
703 1158 733 1208 et
756 1151 1017 1224 pervestigabant,
1044 1160 1075 1210 ut
1095 1147 1131 1208 ubi

133 1235 268 1309 quidque
293 1242 376 1293 esset
402 1233 503 1307 aliqua
529 1232 645 1292 ratione
672 1233 848 1292 invenirent.
886 1231 978 1292 Aliud
999 1233 1130 1300 minando,

63 1394 64 1398 Ἰ
132 1317 213 1375 aliud
227 1315 417 1389 pollicendo,
444 1315 525 1375 aliud
542 1332 597 1390 per
619 1332 740 1387 servoS,
761 1314 842 1375 aliud
867 1331 922 1390 per
947 1315 1073 1387 liberos,
1092 1328 1130 1389 per

133 1400 262 1458 amicum
276 1399 366 1471 alind,
383 1398 464 1458 aliud
476 1415 531 1472 per
546 1397 697 1457 inimicum
709 1398 915 1456 inveniebanm
931 1397 1078 1474 quidquid
1088 1393 1130 1455 illis

132 1483 288 1556 placuerat
304 1481 492 1554 perdendum
503 1488 576 1539 erat.
603 1480 681 1539 Nihil
695 1480 777 1540 aliud
792 1481 937 1554 optabant
953 1497 1080 1554 quorum
1092 1494 1129 1553 po-

133 1565 272 1623 scebatur
286 1572 441 1637 argentum
458 1562 522 1621 nisi*
538 1572 569 1621 ut
591 1563 622 1622 id
639 1562 763 1622 Hieroni
778 1572 808 1622 et
821 1562 1130 1639 Tlepolemoldisplice·

131 1655 185 1707 ret.
217 1646 295 1705 XIV.
323 1645 373 1706 32.
402 1648 515 1706 Verum
530 1645 701 1705 mehercule
715 1646 789 1719 hoc,
808 1644 940 1719 iudices,
960 1646 1066 1704 dicam.
1085 1643 1130 1701 lle

130 1729 203 1789 mini
217 1729 402 1803 Pamphilum
418 1730 662 1807 Lilybaetanum,
682 1730 810 1787 amicum
825 1737 856 1788 el
875 1727 1027 1802 hospitem
1042 1741 1130 1793 meum,

132 1812 442 1887 nobilemhominem,
457 1812 529 1872 mihi
547 1828 678 1884 narrare,
694 1828 785 1886 quum
800 1809 858 1871 istc
875 1812 912 1870 ab
928 1827 999 1871 sese
1013 1811 1130 1888 hydriam

82 1916 84 1921 ·
130 1896 239 1956 Boethi
253 1912 343 1953 manu
359 1898 477 1970 tactam,
490 1896 645 1971 praeclaro
662 1910 755 1968 opere
771 1901 801 1952 el
815 1893 922 1966 grandi
937 1895 1080 1967 pondere,
1092 1902 1131 1966 per

75 2015 81 2024 ι
131 1985 312 2052 potestatem
325 1979 514 2048 abstulisset,
537 1994 571 2037 se
587 1994 660 2047 sane
680 1977 795 2036 tristem
816 1984 845 2035 el
865 1977 1072 2036 conturbatum
1092 1974 1131 2033 do·

131 2075 212 2118 mum
227 2059 405 2141 revertisse,
427 2061 580 2134 quodvas
596 2060 772 2130 eiusmodi,
799 2059 881 2133 quod
899 2058 957 2118 sibi
977 2076 996 2118 a
1016 2068 1096 2137 patre
1112 2059 1132 2112 cl

132 2141 295 2201 maioribus
322 2151 404 2201 esset
426 2143 667 2215 relictumque
697 2141 803 2213 solitus
826 2149 909 2201 essct
931 2141 975 2201 uti
1001 2144 1040 2200 ad
1055 2143 1132 2199 festos

132 2226 213 2297 dies,
229 2225 268 2283 ad
282 2222 435 2297 hospitum
450 2225 608 2296 adventus,
630 2241 648 2283 a
662 2240 696 2284 se
711 2232 794 2284 esset
817 2225 956 2283 ablatum.
986 2225 1080 2297 Quum
1098 2235 1132 2281 sc

132 2311 249 2377 derem,
277 2306 392 2380 inquit,
416 2306 498 2366 domi
514 2306 622 2381 tristis,
646 2307 775 2366 accurrit
799 2307 964 2366 Venerius:
996 2307 1078 2366 iubet
1098 2314 1132 2362 nc

133 2390 269 2465 scyphos
285 2389 431 2464 sigillatos
452 2390 492 2448 ad
516 2399 684 2463 praetorem
710 2388 807 2449 statim
828 2390 955 2448 adferre.
995 2390 1132 2448 Permotus

133 2487 214 2541 sum,
230 2472 339 2545 inquit:
354 2472 443 2532 binos
460 2471 624 2531 habebam:
639 2473 728 2533 iubeo
744 2472 842 2546 promi
857 2480 1012 2546 utrosque,
1028 2488 1066 2531 ne
1077 2463 1133 2544 quid

131 2555 200 2628 plus
212 2553 283 2611 mali
298 2563 488 2627 nasceretur,
510 2563 540 2614 el
556 2571 672 2615 mecum
693 2556 732 2614 ad
751 2553 901 2633 praetoris
926 2555 1048 2615 domum
1071 2547 1133 2614 leni·

130 2636 175 2694 Eo
198 2651 290 2709 quum
317 2637 415 2708 venio,
441 2644 562 2711 praetor
583 2639 773 2713 quiescebam
803 2639 910 2697 iratres
930 2636 973 2697 illi
994 2639 1134 2716 Cibyratae

131 2718 364 2779 inambulabunt.
408 2719 463 2792 Qui
484 2736 532 2779 me
550 2721 602 2780 ubi
621 2721 776 2780 viderunt:
804 2720 861 2782 Ubi
883 2730 964 2791 sunt,
987 2717 1134 2795 Pamphile,

130 2801 283 2876 inquiunt,
301 2797 432 2877 scyphis?
466 2802 598 2863 Ostendo
615 2803 718 2863 tristis.
753 2803 899 2863 Laudant.
916 2804 1049 2879 «Incipio
1067 2795 1136 2876 queri

76 2946 77 2951 ,
130 2900 178 2944 me
206 2883 279 2943 nihil
310 2883 479 2944 habiturum
506 2887 588 2959 quod
612 2884 739 2946 alicuius
764 2896 847 2947 esset
869 2885 978 2960 precii,
1011 2887 1037 2946 si
1064 2884 1136 2945 enan

131 2967 242 3043 scyphi
256 2975 363 3048 ¹essent
378 2968 478 3027 ablati.
511 2969 584 3029 Tum
603 2967 661 3038 1111,
684 2968 735 3029 ubi
750 2970 1020 3046 mercenturbatum
1037 2966 1136 3027 vident=

131 3046 208 3121 Quid
226 3051 272 3109 vis
287 3050 376 3110 nobis
392 3050 472 3124 dare,
491 3059 525 3113 ut
539 3051 589 3112 isti
601 3051 656 3110 abs
673 3060 702 3111 te
715 3068 752 3110 nc
767 3054 961 3112 auferantur?
992 3052 1037 3111 Ne
1053 3050 1137 3112 multo

132 3133 289 3191 sestertios
314 3135 360 3195 clo
382 3150 445 3209 me,
470 3135 580 3210 inquil,
604 3142 825 3208 poposcerunt=
850 3133 912 3195 dixi
934 3151 983 3194 me
1005 3135 1137 3193 daturum·

44 3290 48 3299 .
131 3212 229 3272 Vocat
249 3213 364 3276 interea
379 3225 514 3293 praetor:
537 3215 636 3292 poscit
651 3216 797 3293 scyphos.
834 3218 907 3276 Tum
925 3217 994 3277 illos
1011 3214 1138 3290 coepisse

131 3295 263 3368 praetori
281 3298 397 3371 dicere,
415 3309 541 3374 putasse
560 3316 608 3373 se,
623 3298 654 3359 id
671 3301 754 3374 quod
764 3300 930 3373 audissent,
946 3300 1074 3359 alicuius
1085 3306 1139 3383 pres

132 3377 170 3437 cii
184 3377 321 3452 scyphos
344 3394 414 3455 esse
428 3381 590 3456 Pamphili=
610 3384 721 3442 luteum
738 3383 897 3458 negocium
919 3399 1006 3443 esset
1028 3399 1088 3442 non
1107 3375 1142 3435 dt-
