2356 3854
275 152 357 239 cult
373 186 502 244 ιιι-ιι.
523 186 549 248 s·
568 188 731 244 tas-ret.
949 182 1010 248 2⁹1

60 333 190 385 tremulae
210 327 307 389 dedit:
329 329 415 391 cuius
436 331 613 390 sententiam
628 330 669 392 ita
683 331 945 406 frequentissimus
963 348 1010 395 se-

61 421 81 463 s
100 417 223 471 secutus
243 419 304 483 est,
327 418 360 475 dt
378 430 459 474 unus
474 412 647 474 dissentiret
663 413 774 487 hostis,
794 414 916 490 idque
908 432 1010 490 ipsum

61 488 102 548 lis
123 491 253 564 publicis
275 497 467 556 mandaretur
484 496 524 554 ad
546 495 719 556 memoriam
737 497 850 571 posteri
864 498 1009 574 temporis

60 573 217 642 piteruam·
238 577 289 635 vel
310 580 393 652 quod
414 588 461 638 est
479 577 628 652 postridie
641 579 816 639 decretum
809 597 839 641 m
854 580 938 640 curie
953 598 1008 656 po-

66 654 164 728 ipsius
180 658 306 717 itomani
322 670 352 721 et
368 677 480 731 eorum,
498 660 549 734 qui
561 677 601 720 ex
611 660 782 755 municipiis
794 672 1008 737 convenerant,

60 738 159 812 onitu,
176 756 214 798 ne
232 741 300 814 quis
318 745 357 802 de
372 745 456 803 eaelo
476 752 625 817 servaret
648 759 686 803 ue
704 742 772 817 quis
787 759 901 803 morem
919 748 1007 805 ullam

60 829 135 880 rret:
159 821 186 881 si
209 823 277 897 quis
298 827 384 886 aliter
405 825 543 900 lecisset,
567 843 636 886 eum
657 827 747 900 plane
770 841 944 887 eversorem
959 827 1007 889 rei

60 899 128 964 icae
141 906 207 964 lore
222 907 317 981 idque
332 918 469 969 senatum
485 909 664 984 gravissime
682 909 825 980 laturum,
847 916 877 968 ct
897 916 931 967 ut
947 918 1006 968 sta-

60 985 100 1044 de
120 986 187 1047 eius
208 989 357 1050 laetos
308 1008 342 1050 re
344 992 479 1052 l.erretur
511 992 575 1065 Qua
594 991 741 1066 gravitate
760 1006 815 1050 sua
839 1006 931 1064 quum
949 991 1005 1049 ιιι-

60 1082 88 1126 ts
109 1080 232 1131 senatus
257 1090 315 1133 non
333 1076 482 1134 nullorum
500 1076 600 1134 scelus
616 1072 835 1147 audaciamque
847 1073 1004 1144 tardasset,

60 1167 87 1208 ·n
104 1153 174 1212 illud
188 1154 314 1227 addidit,
328 1167 369 1229 ut,
387 1157 413 1215 si
429 1157 536 1216 diebus
553 1155 702 1232 quinque,
718 1156 829 1230 quibus
840 1154 888 1230 agi
903 1157 942 1214 de
957 1171 1005 1214 me

60 1231 144 1307 isset
157 1253 217 1296 noo
229 1240 313 1298 es'set
324 1248 432 1311 uotum,
445 1239 596 1299 redirem
587 1257 617 1299 m
629 1240 756 1315 patriam
767 1237 910 1313 dignitate
923 1236 1005 1297 omui

60 1327 173 1387 putta.
209 1321 294 1381 LXll.
316 1321 456 1382 Decrevit
473 1323 579 1382 eodem
595 1331 731 1398 tempore
748 1330 888 1393 senatus,
910 1330 943 1381 ut
958 1320 1004 1394 iis,

60 1412 97 1456 ex
109 1409 170 1461 tota
185 1401 268 1462 ltalia
288 1403 393 1464 salutis
407 1421 492 1464 meae
506 1421 599 1464 eausa
613 1411 830 1479 conmanunt,
846 1412 1005 1480 agerentur

60 1497 101 1540 ae
114 1493 204 1558 atque
219 1485 378 1560 uteidem,
398 1488 501 1547 adres
516 1488 678 1549 redeuntes
694 1496 727 1548 ut
741 1487 892 1559 venirent,
912 1503 1003 1561 roga-

60 1580 98 1622 ιι.
126 1564 194 1626 130
217 1567 300 1627 Haec
321 1577 385 1629 erat
406 1570 601 1649 studiorum
593 1588 623 1631 m
644 1587 713 1630 mea
726 1571 825 1630 salute
841 1571 1003 1643 eontentio,

62 1648 136 1722 ‚qui
152 1665 171 1708 a
186 1660 293 1711 senatu
309 1653 347 1711 de
361 1663 408 1711 me
423 1636 620 1726 rogabantur,
637 1652 735 1712 eidem
750 1651 868 1711 senatui
883 1667 938 1725 pro
955 1667 1002 1710 mc

60 1730 199 1792 dicarent.
220 1734 343 1829 Atque
335 1743 377 1794 ιιι
391 1734 420 1792 ιι
435 1734 482 1793 his
497 1735 589 1794 rebus
604 1751 684 1795 uuus
697 1741 745 1793 est
756 1734 841 1794 solus
852 1732 1002 1803 inventus,

60 1812 97 1872 ab
119 1816 176 1874 hac
196 1824 255 1875 tam
277 1817 414 1890 impensa
429 1818 581 1876 voluntate
596 1816 743 1876 bonorum
759 1816 858 1888 palam
873 1813 1002 1874 dissidess

71 1908 102 1956 ιι
123 1898 211 1957 etium
233 1899 417 1971 alteterius
438 1899 559 1969 consul,
588 1897 640 1972 qui
659 1897 732 1956 mihi
753 1897 800 1956 vel
820 1896 950 1956 maxime
964 1911 1003 1954 ex

60 1979 101 2038 nis
114 1981 357 2041 contentionibus
372 1983 415 2041 rei
433 1980 573 2056 publicae
586 1979 715 2040 luisset·
708 1978 863 2052 mimicus,
882 1980 921 2038 de
937 1995 1003 2038 mea

60 2064 250 2124 ιιιιιιιιιιιιι.
282 2065 337 2138 Qui
358 2065 506 2125 excitatus
523 2079 616 2138 quum
631 2079 748 2123 summa
761 2052 939 2124 auctoritaie
951 2078 995 2122 se·

60 2153 138 2206 stum
153 2146 184 2204 P.
202 2146 322 2206 Servilii
337 2150 436 2208 ιιιιιιι
455 2148 586 2221 quadum
601 2146 745 2220 gravitate
759 2144 890 2217 diceudi;
910 2157 1001 2219 quum

60 2242 159 2289 omnes
184 2245 281 2304 prope
302 2232 339 2289 ab
360 2228 464 2289 inieris
485 2239 647 2290 evocasset
662 2230 801 2289 Metellos
820 2237 850 2289 et
866 2229 905 2287 ad
921 2226 1001 2287 illius

60 2310 118 2383 uis,
135 2313 219 2387 quod
234 2313 291 2371 sibi
307 2329 376 2372 cum
393 2328 430 2372 eo
449 2329 607 2372 commuue
624 2321 721 2384 esset,
740 2309 915 2386 dignitatem
932 2324 1000 2383 pro

61 2393 90 2452 ui
104 2395 152 2454 sui
167 2405 297 2454 mentem
311 2413 329 2455 ι
344 2395 496 2456 Clodianis
511 2394 676 2456 latrociniis
690 2392 880 2465 reflexisset,
895 2407 1001 2466 quum-

69 2479 194 2537 eumad
217 2478 374 2539 domestici
392 2478 528 2553 exempli
550 2477 722 2538 memoriam
747 2485 778 2537 et
800 2470 1002 2537 adllumidici

60 2559 191 2620 tMetelli
212 2576 315 2621 cesum
334 2562 383 2619 vel
402 2563 569 2635 gloriosum
590 2562 640 2620 vel
654 2570 776 2635 gravem
792 2557 1001 2627 convertisset,

60 2643 199 2703 ‚crimavit
215 2643 263 2702 vir
284 2644 424 2717 egregius
444 2661 481 2703 ac
502 2661 575 2703 vere
588 2644 728 2703 Metellus
750 2650 907 2716 totumque
920 2656 956 2700 se
969 2638 1000 2696 P.

60 2724 111 2784 *ilio
127 2726 239 2786 dicenti
255 2727 420 2786 etiamtum
435 2726 570 2798 tradidit,
589 2742 646 2786 nec
658 2726 739 2785 illam
754 2726 885 2785 divinam
902 2720 1000 2797 guavi-

60 2810 212 2881 upleuaut
231 2809 415 2882 antiquitatis
439 2807 550 2869 diutius
567 2809 662 2868 heuto
684 2808 820 2868 eiusdem
844 2800 1000 2879 sanguinis

60 2889 81 2949 ιι
95 2891 289 2951 sustinere
259 2900 289 2951 e
303 2907 420 2950 meeum
435 2890 546 2950 absens
557 2890 705 2949 beneficio
723 2905 778 2948 suo
790 2887 879 2947 nediit
892 2888 922 2945 iu
935 2899 999 2958 gra-

60 2972 160 3033 ..131
187 2975 273 3046 Quod
289 2982 384 3045 uerte,
409 2972 436 3031 si
456 2980 503 3032 est
516 2970 609 3045 aitqut
628 2970 763 3039 seusrls'
755 2988 786 3029 m
793 2977 898 3028 morte
914 2981 999 3061 prae

60 3072 131 3115 trum
145 3057 286 3126 virorum,
304 3071 393 3130 quum
412 3053 550 3114 omuibus
564 3053 693 3114 Metellis
706 3062 768 3112 tum
784 3067 856 3110 vero
871 3048 925 3110 uni
936 3046 1000 3107 viro

60 3140 146 3197 ssime
169 3148 198 3199 et
214 3136 473 3213 praestantissimo
491 3135 549 3195 civi
563 3135 766 3208 gratissimum
783 3131 865 3192 ιιιιιι
883 3147 939 3191 suo
957 3129 999 3191 lo-

60 3222 138 3280 tocio
153 3222 305 3291 laborum,
324 3219 538 3294 periculorum,
556 3217 751 3278 consiliorum
764 3230 911 3274 meorum
971 3260 974 3265 .

66 3305 165 3362 L‘Xlll.
188 3303 314 3364 Reditus
327 3318 399 3361 vero
411 3317 496 3360 meus
510 3317 561 3374 qut
553 3299 662 3359 luerit
676 3298 743 3374 qais
756 3297 895 3370 ignorata
911 3312 999 3372 quem

61 3387 153 3447 odum
164 3387 236 3457 mihi
247 3385 416 3447 advenienti
427 3394 575 3457 tamquam
587 3382 677 3443 totius
687 3379 910 3519 ltaliuelgtque
902 3377 1000 3457 ipsius
