2356 3854
391 161 472 233 cal).
486 162 585 235 c-c's
605 178 632 239 s.
649 181 777 235 13-18.
1033 184 1097 251 237

70 325 181 386 ninem
198 320 382 395 Atricanum,
400 321 511 381 exhor
526 321 556 381 C.
568 322 710 392 Laelium,
726 322 759 381 L.
774 322 904 397 Furium,
919 325 1096 386 moderatis·

70 408 165 467 imos
178 404 318 467 homines
329 412 359 465 et
371 402 655 473 continentissima
671 404 779 465 exhor
791 405 987 467 toru'ssimum
1000 407 1096 468 virum

70 498 87 550 a
103 489 170 548 illis
187 486 374 562 temporibus
393 487 613 557 doctissimum,
637 487 779 547 Catonem
796 488 878 548 illum
897 506 1016 548 senem:
1044 488 1096 564 qui

70 573 212 647 prolecto
228 570 254 629 si
268 568 340 629 nihil
354 570 397 629 ad
416 568 642 643 percipiendam
661 571 880 643 colendamque
896 571 1034 637 virtutem
1050 572 1095 632 lit-

70 654 143 735 eris
157 652 390 723 adiuvarentur,
405 668 569 725 numquam
584 669 618 712 se
633 652 672 710 ad
687 668 789 710 earum
805 652 936 711 studium
952 654 1095 714 contulis-

70 744 147 798 rent.
198 733 327 808 Quodsi
344 750 405 794 non
426 734 475 793 hic
499 743 597 794 tantus
616 732 731 793 tructus
746 734 955 794 ostenderetur
970 745 999 795 et
1013 736 1040 794 si
1057 752 1097 795 ex

70 818 115 879 nis
133 815 246 879 struitis
261 812 419 876 delectatio
435 817 500 875 sola
514 824 679 891 peteretur,
701 824 816 887 tamen,
830 824 863 876 ut
879 816 1000 890 opinor,
1017 817 1096 877 hanc

70 900 163 962 animi
184 896 396 959 adversionem
415 898 661 959 humanissimam
674 914 710 957 ac
731 892 969 957 liberalissimam
983 898 1096 958 iudica·

70 983 153 1045 rotis.
195 982 270 1049 Nam
293 990 430 1041 caeterae
451 997 552 1055 neque
571 990 745 1056 temporum
759 989 829 1040 sunt
849 996 949 1053 neque
966 988 1096 1040 aetatum

70 1062 208 1128 omnium
228 1078 329 1138 neque
348 1065 499 1123 locorum:
529 1063 605 1123 haec
624 1064 725 1124 studia
743 1062 979 1124 adolescentiam
995 1070 1096 1136 agunt,

69 1153 259 1210 senectutem
275 1146 440 1216 oblectant,
467 1146 618 1205 secundas
632 1163 683 1205 res
699 1153 820 1217 ornant,
842 1145 979 1205 adversis
995 1146 1065 1220 perl
1085 1177 1097 1186 -

70 1231 154 1306 gium
168 1245 206 1289 ac
220 1227 368 1307 solacium
383 1229 542 1303 praebent,
567 1229 717 1288 delectant
737 1227 832 1299 domi,
856 1246 916 1289 non
932 1229 1098 1302 impediunt

70 1312 165 1387 loris,
183 1319 363 1387 pernoctant
374 1311 548 1382 nobiscum,
566 1310 807 1385 peregrinantur,
822 1312 1012 1371 rusticantur.
1132 1302 1136 1311 '

158 1390 206 1455 l'l.
221 1394 309 1467 Quod
321 1393 347 1452 si
358 1392 417 1468 ipsi
428 1394 503 1453 haec
517 1409 615 1469 neque
625 1394 771 1467 attingere
783 1400 1095 1469 nequesensunostro

70 1486 197 1554 gustare
211 1476 398 1552 possemus,
409 1484 507 1536 tamen
522 1491 559 1536 ea
573 1475 672 1536 mirari
687 1477 882 1546 deberemus,
900 1475 988 1537 etiam
1005 1491 1096 1550 quum

70 1562 102 1621 in
121 1558 192 1621 aliis
211 1559 395 1618 videremus.
440 1560 519 1618 Vlll.
541 1559 614 1633 Quis
635 1565 771 1619 nostrum
786 1567 846 1618 tam
866 1557 965 1618 animo
986 1555 1097 1631 agresti

70 1659 109 1705 ac
123 1644 202 1705 duro
218 1640 287 1714 luit,
302 1646 335 1702 ut
347 1640 451 1700 Roscii
468 1650 564 1701 morte
579 1658 677 1714 nuper
691 1657 751 1700 non
766 1646 1024 1699 commoveretur?
1046 1637 1097 1712 qui

70 1742 167 1801 quum
183 1731 265 1784 esset
279 1739 376 1782 senex
386 1731 530 1794 mortuus
548 1732 644 1782 tamen
659 1731 783 1798 propter
796 1722 992 1780 excellentem
1003 1728 1097 1778 artem

70 1824 107 1869 ac
129 1814 322 1866 venustatem
340 1804 499 1883 videbatur
514 1803 636 1864 omnino
657 1805 812 1863 morinen
833 1802 985 1861 debuisse.
1017 1801 1096 1873 Ergo

70 1890 121 1951 ille
143 1888 286 1962 corporis
306 1896 390 1947 motu
411 1894 524 1946 tantum
547 1902 680 1946 amorem
700 1884 758 1944 sibi
777 1883 951 1944 conciliarat
970 1901 989 1942 a
1009 1880 1097 1942 nohis

71 1972 230 2034 omnibus:
258 1986 316 2030 nos
337 1970 503 2028 animorum
523 1966 716 2033 incredibiles
735 1975 834 2026 motus
854 1965 1098 2038 celeritatemque

70 2053 265 2131 ingeniorum
283 2051 494 2127 negligemus?
535 2048 583 2112 18.
607 2047 750 2124 Quotiens
776 2066 833 2124 ego
857 2049 939 2109 hunc
957 2048 1098 2108 Archiam

70 2138 152 2211 vidi,
177 2134 310 2206 iudices,
324 2167 368 2179 -
382 2144 450 2195 utar
464 2133 544 2194 enirn
561 2143 662 2194 vestra
675 2131 873 2208 benignitate,
892 2130 1034 2208 quoniam
1050 2147 1098 2189 me
1175 2147 1176 2150 ¹

71 2220 103 2280 in
116 2220 179 2280 hoc
193 2234 274 2279 novo
287 2234 398 2292 genere
414 2215 535 2277 dicendi
549 2225 610 2277 tam
625 2215 782 2289 diligenter
792 2214 944 2275 attenditis
955 2247 1008 2286 -,
1023 2229 1097 2287 quo·

72 2302 152 2363 tiens
165 2317 224 2376 ego
234 2301 315 2359 hunc
325 2299 394 2371 vidi,
407 2317 499 2374 quurn
507 2299 633 2360 litteram
642 2297 817 2373 scripsisset
825 2298 944 2368 nullam,
957 2310 1097 2370 magnum

71 2400 232 2445 numerum
248 2380 429 2456 optimorum
444 2399 587 2442 versuum
602 2382 640 2441 de
661 2381 697 2440 iis
717 2379 794 2454 ipsis
814 2380 921 2449 rebus,
943 2393 1023 2453 quae
1038 2385 1098 2438 tum

71 2473 251 2543 agerentur,
269 2464 370 2524 dicere
386 2480 426 2522 ex
439 2473 590 2541 ternpore!
616 2463 756 2537 quotiens
773 2470 947 2522 revocatrun
962 2460 1098 2521 eamdem

71 2566 137 2611 rem
158 2547 262 2610 dicere
283 2547 471 2607 commutatis
491 2547 592 2607 verbis
607 2555 698 2622 atque
718 2543 890 2640 qententiist
923 2544 1004 2617 Quae
1024 2558 1098 2603 vero

71 2639 219 2695 accurate
234 2629 424 2703 cogitateque
440 2629 630 2704 scripsisset,
651 2645 688 2687 ea
708 2644 752 2689 src
774 2625 836 2686 vidi
856 2626 991 2700 probari,
1013 2634 1046 2686 ut
1060 2625 1099 2684 ad

75 2723 212 2776 veterum
227 2710 407 2786 scriptorum
422 2713 542 2771 laudem
560 2711 761 2785 pervenirent.
805 2711 892 2770 Hunc
907 2726 964 2784 ego
979 2726 1040 2770 non
1055 2706 1099 2767 di-

74 2798 182 2872 ligam,
201 2810 263 2855 non
278 2793 422 2865 admirer,
438 2811 499 2856 non
514 2794 595 2853 omni
608 2794 724 2853 ratione
739 2793 963 2852 defendendum
979 2795 1100 2866 putent

75 2878 171 2955 Atqui
186 2877 231 2938 sic
251 2893 269 2935 a
290 2875 414 2937 summis
436 2875 607 2936 hominibus
628 2872 900 2948 eruditissimisque
915 2872 1100 2946 accepimus,

75 2970 265 3023 caeteramm
286 2976 387 3019 rerum
410 2959 510 3018 studia
535 2967 564 3017 et
587 2957 723 3018 doctrina
746 2964 776 3016 et
797 2954 1017 3031 praeceptiset
1036 2959 1101 3011 arte

79 3051 234 3107 constare:
263 3044 384 3115 poetam
401 3048 506 3100 natura
524 3039 592 3112 ipsa
608 3040 708 3099 valere
723 3045 754 3098 et
766 3034 874 3096 mentis
888 3031 1099 3095 viribus-exci-

80 3127 133 3187 tari
150 3133 182 3186 et
198 3121 287 3198 quasi
307 3123 410 3182 divino
427 3122 558 3195 quodam
573 3116 679 3193 splritu
695 3117 803 3178 inflari.
835 3118 946 3191 Quare
964 3133 1021 3177 suo
1035 3116 1100 3176 iure

82 3216 184 3269 noster
201 3205 252 3265 ille
265 3205 380 3265 Ennius
395 3212 519 3264 sanctos
535 3202 667 3276 appellat
681 3203 803 3275 poetas,
825 3200 907 3274 quod
925 3197 1013 3274 quasi
1027 3200 1099 3260 deo·

82 3302 142 3353 mm
158 3290 263 3364 aliquo
284 3289 366 3349 dono
386 3294 477 3362 atque
497 3299 621 3345 munere
642 3280 843 3362 commendati
863 3281 952 3343 nobis
971 3287 1041 3344 esse
1057 3278 1099 3340 vi·
