2356 3854
223 178 229 273 ,Ν
302 188 383 249 cap.
398 197 511 251 o-ra
533 195 702 255 §.rt-al.
948 186 1013 257 211

66 343 140 406 sel„
151 353 242 410 quam
257 336 355 398 videri
375 334 600 398 coniuratorum·
618 353 748 422 poenam
766 344 953 412 mortemque
969 339 1013 397 lu·

66 461 69 476 .
101 417 188 490 Quod
204 436 298 494 quum
311 419 338 479 is
346 420 491 480 tribunus
512 419 610 494 plebis
627 418 711 493 lacit,
734 419 786 493 qui
802 437 880 480 unus
896 419 1014 480 videtur

66 499 105 560 lis
120 500 160 560 ad
176 502 326 577 lugendos
347 501 521 562 coniuratos
540 501 679 574 relictus,
702 487 811 562 nemini
828 501 934 561 mirum
952 509 1012 563 esta

66 583 112 642 tile
127 592 174 643 eat
188 583 267 644 enirn
282 592 397 657 tacere,
413 601 504 659 quum
519 585 640 644 doleas:
665 591 708 656 te,
725 583 751 644 si
768 583 841 658 quid
855 585 931 645 lacis
947 584 1013 645 eius

66 710 77 738 1,
93 668 259 727 non'modo
271 668 360 726 talem
372 669 608 738 adolescentem,
624 664 721 726 sedin
738 681 774 724 ea
788 683 891 740 causa,
906 667 937 727 in
952 684 1013 741 qua

67 747 189 809 adicem
202 748 419 829 coniurationis
439 748 517 809 velis
542 763 627 819 esse,
655 747 847 808 vehementer
871 749 1012 817 admiror.

66 830 126 890 Sed
138 831 331 906 reprehendo
347 841 445 892 tamen
463 831 537 891 illud
553 829 698 903 maxime,
720 831 803 904 quod
817 830 875 891 isto
889 831 1011 906 ingenio

66 912 197 973 udentia.
212 914 368 989 praeditus
389 931 511 975 eausam
530 913 576 973 rei
594 911 737 989 publicae
752 929 819 981 non,
832 912 932 984 tenes,
961 913 1013 987 qui
1048 934 1054 941 ·

66 1011 133 1055 rere
148 996 230 1071 plebi
242 998 397 1057 Romanae
410 1013 462 1082 res
479 1012 532 1056 aas
549 1013 610 1055 non
625 995 746 1070 probari
753 1036 773 1070 ,-
786 1012 864 1071 quas
878 1011 926 1068 nte
941 1012 1012 1055 eon-

66 1094 176 1138 omnes
188 1077 262 1140 boni
277 1096 333 1153 pro
347 1082 444 1139 salute
455 1077 605 1138 communi
616 1087 785 1154 gesserunt,
814 1079 863 1137 Xl.
877 1079 1012 1152 Ecquem

66 1178 157 1234 trum,
181 1160 233 1236 qui
248 1162 374 1232 adsunt,
393 1161 503 1235 quibus
517 1169 547 1222 te
561 1169 666 1221 contra
679 1159 815 1235 ipsorum
829 1163 1012 1233 voluntatem

68 1243 177 1315 itabas,
195 1251 247 1304 aul
261 1252 321 1304 lam
335 1245 513 1304 sceleratum
528 1244 635 1304 statuis
652 1242 757 1317 luisse,
775 1252 808 1304 ut
821 1244 898 1305 haee
913 1245 1013 1305 omnia

66 1342 88 1386 a
102 1325 249 1400 voluerit,
264 1335 316 1387 aut
330 1335 391 1386 tam
405 1325 568 1397 miserum,
583 1334 616 1387 ut
631 1333 661 1386 et
677 1328 825 1402 seperire
843 1335 969 1402 cuperet
983 1334 1013 1386 et

75 1406 202 1469 hab'eret
214 1409 297 1484 quod
313 1411 429 1469 salvam
444 1425 515 1469 esse
530 1410 639 1470 vellet?
659 1410 708 1468 An
724 1425 796 1470 vero
813 1410 1013 1470 clarissimum

66 1480 220 1565 ng'eneris
233 1490 325 1552 vestri
339 1508 376 1551 ac
387 1491 517 1553 nominis
532 1508 620 1551 nemo
632 1492 835 1565 reprehendit,
851 1493 902 1566 qui
919 1493 1011 1552 lilium

66 1591 74 1632 r
91 1573 152 1634 vita
167 1573 305 1648 privavit,
321 1583 353 1634 ut
368 1571 397 1633 in
415 1583 553 1634 caeteros
568 1575 700 1633 firmaret
713 1574 887 1649 imperium:
902 1582 934 1634 tu
948 1590 1011 1633 rem

66 1656 139 1716 leam
159 1655 373 1731 reprehendis,
400 1673 478 1730 qnae
502 1656 687 1715 domesticos
707 1656 827 1727 hosteS,
855 1672 893 1714 rre
913 1657 951 1714 ab
973 1656 1011 1714 iis

70 1748 237 1814 necaretur,
252 1738 393 1799 necavit?
414 1737 464 1798 33.
480 1739 585 1811 ltaque
600 1738 729 1808 attende,
745 1739 905 1809 Torquate,
921 1754 1012 1810 quam

68 1820 219 1897 defugiam
240 1821 446 1882 auctoritatem
467 1820 643 1879 consulatus
663 1817 732 1878 mei.
775 1817 905 1878 Maxima
923 1834 1010 1889 voce,

66 1921 140 1966 nnes
155 1905 302 1965 exaudire
321 1904 455 1977 possint,
477 1900 546 1961 dico
568 1916 751 1975 semperque
767 1901 880 1961 dicam:
905 1901 1012 1962 adeste
1039 1962 1042 1967 ,

66 2003 94 2046 es
106 1987 223 2060 animis,
238 1986 289 2060 qui
296 1985 411 2046 adestis
420 1985 633 2062 [corporibus],
642 2000 770 2058 quorum
778 2000 835 2058 ego
843 1983 1013 2058 frequentia

66 2086 96 2129 ro
118 2086 212 2145 opere
232 2071 344 2129 laetor=
355 2067 472 2141 erigite
489 2075 605 2127 mentes
619 2083 771 2142 auresque
785 2074 904 2126 vestras
918 2055 1011 2137 et‘me

66 2152 203 2213 rvidiosis
219 2153 327 2224 rebuS,
348 2159 382 2212 ut
401 2150 451 2210 ille
473 2158 572 2223 putat,
591 2148 741 2211 dicentem
755 2149 915 2210 attendite!
946 2150 1010 2223 Ego

66 2235 108 2306 ul,
131 2252 224 2310 quum
245 2233 397 2295 exereitus
414 2233 598 2307 perditorum
614 2232 724 2292 civium
742 2232 930 2294 clandestino
945 2247 1011 2292 sce·

71 2318 221 2378 conflatus
239 2316 479 2377 crudelissimum
496 2324 525 2376 et
541 2315 798 2376 luctuosissimum
816 2315 939 2374 exitium
957 2330 1010 2389 pa-

82 2408 303 2475 eomparasset,
327 2400 477 2474 quemad
499 2414 641 2459 occasum
662 2397 874 2472 interitumque
895 2397 939 2457 rei
956 2414 1011 2472 pu·

68 2500 84 2543 a
99 2482 224 2545 Catilina
237 2484 267 2542 in
283 2485 407 2554 castris,
429 2481 459 2542 in
475 2481 523 2541 his
544 2489 645 2541 autem
660 2481 780 2555 templis
795 2496 832 2540 ac
846 2480 1011 2541 teetis'dux

66 2569 129 2627 ulus
147 2574 232 2627 esset
251 2567 447 2637 constitutus,
474 2563 550 2624 meis
572 2564 722 2636 consiliis,
747 2563 1010 2637 meislaboribus,
1093 2566 1096 2573 '

66 2650 167 2725 capitis
183 2647 342 2724 perieulis,
357 2647 424 2724 sine
438 2648 579 2719 tumultu,
597 2648 663 2707 sine
677 2649 812 2718 delectu,
829 2646 895 2706 sine
910 2645 1010 2718 armis,

74 2733 223 2804 exercitu,
250 2729 573 2806 quinque-hominibus
590 2729 818 2806 comprehensis
833 2738 924 2804 atque
939 2745 1010 2788 con-

66 2814 271 2877 sincensione
282 2807 610 2884 urbemintemicione
625 2815 717 2884 cives,
734 2810 876 2872 vastitate
887 2810 1011 2878 ltaliam,

66 2895 190 2959 ituram
210 2896 363 2973 publicam
384 2896 524 2956 liberavi=
541 2910 607 2970 ,ego
628 2894 720 2956 vitam
737 2893 871 2953 omnium
891 2891 1010 2961 civium,

66 2979 196 3043 morbis
214 2988 328 3053 tanae,
353 2979 459 3039 urbem
478 2979 558 3038 hanc
571 2978 727 3052 denique,
754 2976 858 3037 sedem
879 2972 1012 3032 emnium
1043 3048 1045 3054 s

66 3077 138 3140 rum,
154 3078 256 3124 arcem
271 3078 376 3136 regum
392 3059 599 3122 uenationum
614 3066 801 3130 exterarum,
824 3058 923 3116 lumen
938 3070 1011 3129 gen-

72 3188 80 3214 ,
102 3145 286 3207 domicilium
311 3142 429 3218 imperii
451 3141 586 3217 quinque
608 3141 764 3201 hominum
789 3136 958 3198 amentium
975 3154 1012 3199 ao

66 3223 174 3289 itomm
194 3245 296 3304 poena
318 3225 443 3287 redemi.
483 3221 534 3286 al.
555 3224 604 3282 An
619 3241 668 3284 me
682 3219 860 3284 existimasli
877 3221 951 3281 haec
967 3220 1011 3281 in-

66 3314 117 3370 um
128 3311 159 3371 in
168 3310 283 3372 iudicio
294 3327 354 3370 non
367 3325 439 3369 essa
450 3306 608 3378 dicturum,
625 3323 704 3383 quae
713 3305 828 3367 iuratus
842 3305 872 3364 in
882 3303 1013 3365 maxima

66 3385 130 3454 lone
149 3393 318 3472 dixissemt
357 3391 421 3453 XIl.
443 3393 545 3466 Atque
556 3388 649 3483 ¹eliam
663 3389 737 3476 illud
753 3389 877 3527 afflm'
900 3385 1009 3461 nequi
1099 3389 1102 3393 “
