<?xml version="1.0" encoding="UTF-8"?>
<!DOCTYPE html PUBLIC "-//W3C//DTD XHTML 1.0 Transitional//EN"
    "http://www.w3.org/TR/xhtml1/DTD/xhtml1-transitional.dtd">
<html xmlns="http://www.w3.org/1999/xhtml" xml:lang="en" lang="en">
 <head>
  <title>
</title>
<meta http-equiv="Content-Type" content="text/html;charset=utf-8" />
  <meta name='ocr-system' content='tesseract 3.04.00' />
  <meta name='ocr-capabilities' content='ocr_page ocr_carea ocr_par ocr_line ocrx_word'/>
</head>
<body>
  <div class='ocr_page' id='page_1' title='image "./mtulliiciceroni08cicegoog_0386.png"; bbox 0 0 2356 3854; ppageno 0'>
   <div class='ocr_carea' id='block_1_1' title="bbox 144 132 1097 279">
    <p class='ocr_par' dir='ltr' id='par_1_1' title="bbox 144 132 1097 279">
     <span class='ocr_line' id='line_1_1' title="bbox 144 132 1097 279; baseline 0.012 -46"><span class='ocrx_word' id='word_1_1' title='bbox 144 178 175 279; x_wconf 20' lang='grc' dir='ltr'><strong>β’</strong></span> <span class='ocrx_word' id='word_1_2' title='bbox 210 140 220 150; x_wconf 55' lang='grc'><strong>”’</strong></span> <span class='ocrx_word' id='word_1_3' title='bbox 289 141 296 156; x_wconf 83' lang='grc'><em>’</em></span> <span class='ocrx_word' id='word_1_4' title='bbox 342 172 422 233; x_wconf 78' lang='lat' dir='ltr'><strong>car.</strong></span> <span class='ocrx_word' id='word_1_5' title='bbox 439 181 570 239; x_wconf 77' lang='lat' dir='ltr'><strong>14-1t-</strong></span> <span class='ocrx_word' id='word_1_6' title='bbox 592 181 778 261; x_wconf 72' lang='grc' dir='ltr'>εει-ιε..</span> <span class='ocrx_word' id='word_1_7' title='bbox 1003 132 1097 244; x_wconf 64' lang='lat' dir='ltr'><strong>adef</strong></span> 
     </span>
    </p>
   </div>
   <div class='ocr_carea' id='block_1_2' title="bbox 66 321 1135 1975">
    <p class='ocr_par' dir='ltr' id='par_1_2' title="bbox 66 321 1066 799">
     <span class='ocr_line' id='line_1_2' title="bbox 66 321 1066 402; baseline 0.008 -19"><span class='ocrx_word' id='word_1_8' title='bbox 66 321 164 393; x_wconf 78' lang='lat' dir='ltr'><strong>idio,</strong></span> <span class='ocrx_word' id='word_1_9' title='bbox 177 321 217 381; x_wconf 83' lang='lat' dir='ltr'><strong>tl.</strong></span> <span class='ocrx_word' id='word_1_10' title='bbox 231 323 444 385; x_wconf 83' lang='lat' dir='ltr'><strong>veroAutouii</strong></span> <span class='ocrx_word' id='word_1_11' title='bbox 458 321 593 389; x_wconf 68' lang='lat' dir='ltr'><strong>maxima,</strong></span> <span class='ocrx_word' id='word_1_12' title='bbox 604 325 722 399; x_wconf 68' lang='lat' dir='ltr'><strong>gloria?</strong></span> <span class='ocrx_word' id='word_1_13' title='bbox 741 325 792 390; x_wconf 85' lang='lat'><strong>41.</strong></span> <span class='ocrx_word' id='word_1_14' title='bbox 815 327 915 402; x_wconf 79' lang='lat' dir='ltr'><strong>Quidt</strong></span> <span class='ocrx_word' id='word_1_15' title='bbox 935 329 1066 392; x_wconf 89' lang='lat' dir='ltr'><strong>comiliis</strong></span> 
     </span>
     <span class='ocr_line' id='line_1_3' title="bbox 74 404 1064 487; baseline 0.009 -23"><span class='ocrx_word' id='word_1_16' title='bbox 74 420 196 479; x_wconf 86' lang='lat' dir='ltr'><strong>campo</strong></span> <span class='ocrx_word' id='word_1_17' title='bbox 211 404 360 480; x_wconf 18' lang='lat' dir='ltr'><strong>*quotiens</strong></span> <span class='ocrx_word' id='word_1_18' title='bbox 374 415 512 481; x_wconf 84' lang='lat' dir='ltr'><strong>potestas</strong></span> <span class='ocrx_word' id='word_1_19' title='bbox 527 407 595 469; x_wconf 82' lang='lat' dir='ltr'><strong>tuit!</strong></span> <span class='ocrx_word' id='word_1_20' title='bbox 616 425 707 482; x_wconf 89' lang='lat' dir='ltr'><strong>quum</strong></span> <span class='ocrx_word' id='word_1_21' title='bbox 728 411 777 471; x_wconf 89' lang='lat' dir='ltr'><strong>illc</strong></span> <span class='ocrx_word' id='word_1_22' title='bbox 804 411 834 471; x_wconf 90' lang='lat' dir='ltr'><strong>in</strong></span> <span class='ocrx_word' id='word_1_23' title='bbox 863 421 969 487; x_wconf 87' lang='lat' dir='ltr'><strong>saepta</strong></span> <span class='ocrx_word' id='word_1_24' title='bbox 989 413 1064 474; x_wconf 90' lang='lat' dir='ltr'><strong>irru-</strong></span> 
     </span>
     <span class='ocr_line' id='line_1_4' title="bbox 66 486 1064 572; baseline 0.016 -31"><span class='ocrx_word' id='word_1_25' title='bbox 66 497 146 560; x_wconf 83' lang='lat' dir='ltr'><strong>set‚</strong></span> <span class='ocrx_word' id='word_1_26' title='bbox 168 486 288 562; x_wconf 81' lang='lat' dir='ltr'><strong>gladios</strong></span> <span class='ocrx_word' id='word_1_27' title='bbox 307 489 556 563; x_wconf 81' lang='lat' dir='ltr'><strong>destringendos,</strong></span> <span class='ocrx_word' id='word_1_28' title='bbox 577 489 697 563; x_wconf 88' lang='lat' dir='ltr'><strong>lapides</strong></span> <span class='ocrx_word' id='word_1_29' title='bbox 713 491 870 554; x_wconf 84' lang='lat' dir='ltr'><strong>iaciendos</strong></span> <span class='ocrx_word' id='word_1_30' title='bbox 885 494 1064 572; x_wconf 80' lang='lat' dir='ltr'><strong>curavisset,</strong></span> 
     </span>
     <span class='ocr_line' id='line_1_5' title="bbox 66 569 1062 650; baseline 0.008 -20"><span class='ocrx_word' id='word_1_31' title='bbox 66 588 96 633; x_wconf 80' lang='lat' dir='ltr'><strong>‚n</strong></span> <span class='ocrx_word' id='word_1_32' title='bbox 127 569 231 630; x_wconf 84' lang='lat' dir='ltr'><strong>subito</strong></span> <span class='ocrx_word' id='word_1_33' title='bbox 259 571 342 632; x_wconf 88' lang='lat' dir='ltr'><strong>vultu</strong></span> <span class='ocrx_word' id='word_1_34' title='bbox 368 571 490 633; x_wconf 84' lang='lat' dir='ltr'><strong>Milonis</strong></span> <span class='ocrx_word' id='word_1_35' title='bbox 508 572 831 648; x_wconf 80' lang='lat' dir='ltr'><strong>perterritus.lugerel</strong></span> <span class='ocrx_word' id='word_1_36' title='bbox 857 578 897 637; x_wconf 89' lang='lat' dir='ltr'><strong>ad</strong></span> <span class='ocrx_word' id='word_1_37' title='bbox 924 577 1062 650; x_wconf 85' lang='lat' dir='ltr'><strong>Tiberim,</strong></span> 
     </span>
     <span class='ocr_line' id='line_1_6' title="bbox 66 653 1064 728; baseline 0.008 -14"><span class='ocrx_word' id='word_1_38' title='bbox 66 672 81 714; x_wconf 88' lang='lat' dir='ltr'><strong>s</strong></span> <span class='ocrx_word' id='word_1_39' title='bbox 110 662 144 714; x_wconf 84' lang='lat' dir='ltr'><strong>et</strong></span> <span class='ocrx_word' id='word_1_40' title='bbox 169 668 275 713; x_wconf 90' lang='lat' dir='ltr'><strong>omnes</strong></span> <span class='ocrx_word' id='word_1_41' title='bbox 291 653 363 714; x_wconf 90' lang='lat' dir='ltr'><strong>boni</strong></span> <span class='ocrx_word' id='word_1_42' title='bbox 384 662 454 717; x_wconf 87' lang='lat' dir='ltr'><strong>vola</strong></span> <span class='ocrx_word' id='word_1_43' title='bbox 474 655 628 728; x_wconf 82' lang='lat' dir='ltr'><strong>taceretis,</strong></span> <span class='ocrx_word' id='word_1_44' title='bbox 649 664 682 717; x_wconf 92' lang='lat' dir='ltr'><strong>ut</strong></span> <span class='ocrx_word' id='word_1_45' title='bbox 696 656 800 717; x_wconf 78' lang='lat' dir='ltr'><strong>Miloni</strong></span> <span class='ocrx_word' id='word_1_46' title='bbox 816 659 857 719; x_wconf 91' lang='lat' dir='ltr'><strong>uti</strong></span> <span class='ocrx_word' id='word_1_47' title='bbox 877 658 986 721; x_wconf 88' lang='lat' dir='ltr'><strong>virtute</strong></span> <span class='ocrx_word' id='word_1_48' title='bbox 1007 678 1064 722; x_wconf 89' lang='lat' dir='ltr'><strong>sua</strong></span> 
     </span>
     <span class='ocr_line' id='line_1_7' title="bbox 66 745 150 799; baseline -0.048 0"><span class='ocrx_word' id='word_1_49' title='bbox 66 745 150 799; x_wconf 76' lang='lat' dir='ltr'><strong>eret.</strong></span> 
     </span>
    </p>

    <p class='ocr_par' dir='ltr' id='par_1_3' title="bbox 66 816 1135 1975">
     <span class='ocr_line' id='line_1_8' title="bbox 86 816 1135 896; baseline 0.004 -17"><span class='ocrx_word' id='word_1_50' title='bbox 86 819 177 879; x_wconf 89' lang='lat' dir='ltr'>XVI.</span> <span class='ocrx_word' id='word_1_51' title='bbox 194 816 288 891; x_wconf 82' lang='lat' dir='ltr'><strong>Quem</strong></span> <span class='ocrx_word' id='word_1_52' title='bbox 304 817 396 892; x_wconf 82' lang='lat' dir='ltr'><strong>igilur</strong></span> <span class='ocrx_word' id='word_1_53' title='bbox 411 837 478 880; x_wconf 91' lang='lat' dir='ltr'><strong>cum</strong></span> <span class='ocrx_word' id='word_1_54' title='bbox 494 821 626 880; x_wconf 90' lang='lat' dir='ltr'><strong>omnium</strong></span> <span class='ocrx_word' id='word_1_55' title='bbox 641 819 737 896; x_wconf 82' lang='lat' dir='ltr'><strong>gratia</strong></span> <span class='ocrx_word' id='word_1_56' title='bbox 754 822 858 894; x_wconf 90' lang='lat' dir='ltr'><strong>noluit,</strong></span> <span class='ocrx_word' id='word_1_57' title='bbox 874 822 956 882; x_wconf 88' lang='lat' dir='ltr'><strong>hunc</strong></span> <span class='ocrx_word' id='word_1_58' title='bbox 971 824 1065 886; x_wconf 90' lang='lat' dir='ltr'><strong>voluit</strong></span> <span class='ocrx_word' id='word_1_59' title='bbox 1133 878 1135 883; x_wconf 88' lang='lat'><em>.</em></span> 
     </span>
     <span class='ocr_line' id='line_1_9' title="bbox 66 901 1126 979; baseline 0.005 -16"><span class='ocrx_word' id='word_1_60' title='bbox 66 921 92 963; x_wconf 88' lang='lat' dir='ltr'><strong>n</strong></span> <span class='ocrx_word' id='word_1_61' title='bbox 112 901 288 975; x_wconf 88' lang='lat' dir='ltr'><strong>aliquorum</strong></span> <span class='ocrx_word' id='word_1_62' title='bbox 310 904 454 976; x_wconf 68' lang='lat' dir='ltr'><strong>querela?</strong></span> <span class='ocrx_word' id='word_1_63' title='bbox 475 919 566 979; x_wconf 90' lang='lat' dir='ltr'><strong>quem</strong></span> <span class='ocrx_word' id='word_1_64' title='bbox 585 903 666 976; x_wconf 89' lang='lat' dir='ltr'><strong>iure,</strong></span> <span class='ocrx_word' id='word_1_65' title='bbox 683 919 773 979; x_wconf 89' lang='lat' dir='ltr'><strong>quem</strong></span> <span class='ocrx_word' id='word_1_66' title='bbox 788 904 869 978; x_wconf 89' lang='lat' dir='ltr'><strong>loeo,</strong></span> <span class='ocrx_word' id='word_1_67' title='bbox 886 921 975 978; x_wconf 87' lang='lat' dir='ltr'><strong>quem</strong></span> <span class='ocrx_word' id='word_1_68' title='bbox 991 914 1063 967; x_wconf 90' lang='lat' dir='ltr'><strong>lem·</strong></span> <span class='ocrx_word' id='word_1_69' title='bbox 1123 911 1126 919; x_wconf 87' lang='grc'><strong>“</strong></span> 
     </span>
     <span class='ocr_line' id='line_1_10' title="bbox 66 983 1063 1063; baseline 0.006 -19"><span class='ocrx_word' id='word_1_70' title='bbox 66 1002 117 1057; x_wconf 88' lang='lat' dir='ltr'><strong>re,</strong></span> <span class='ocrx_word' id='word_1_71' title='bbox 137 1000 230 1058; x_wconf 87' lang='lat' dir='ltr'><strong>quem</strong></span> <span class='ocrx_word' id='word_1_72' title='bbox 242 983 366 1059; x_wconf 91' lang='lat' dir='ltr'><strong>impune</strong></span> <span class='ocrx_word' id='word_1_73' title='bbox 382 1003 441 1045; x_wconf 91' lang='lat' dir='ltr'><strong>non</strong></span> <span class='ocrx_word' id='word_1_74' title='bbox 457 995 504 1047; x_wconf 98' lang='grc' dir='ltr'><strong>εει</strong></span> <span class='ocrx_word' id='word_1_75' title='bbox 518 1003 622 1058; x_wconf 86' lang='lat' dir='ltr'><strong>ausus,</strong></span> <span class='ocrx_word' id='word_1_76' title='bbox 638 987 717 1046; x_wconf 91' lang='lat' dir='ltr'><strong>hunc</strong></span> <span class='ocrx_word' id='word_1_77' title='bbox 732 985 848 1058; x_wconf 84' lang='lat' dir='ltr'><strong>iniuria,</strong></span> <span class='ocrx_word' id='word_1_78' title='bbox 866 988 972 1060; x_wconf 83' lang='lat' dir='ltr'><strong>iniquo</strong></span> <span class='ocrx_word' id='word_1_79' title='bbox 984 988 1063 1063; x_wconf 90' lang='lat' dir='ltr'><strong>loco,</strong></span> 
     </span>
     <span class='ocr_line' id='line_1_11' title="bbox 66 1067 1135 1142; baseline 0 -12"><span class='ocrx_word' id='word_1_80' title='bbox 66 1083 131 1130; x_wconf 85' lang='lat' dir='ltr'><strong>eno</strong></span> <span class='ocrx_word' id='word_1_81' title='bbox 148 1074 297 1141; x_wconf 83' lang='lat' dir='ltr'><strong>tempore,</strong></span> <span class='ocrx_word' id='word_1_82' title='bbox 312 1069 447 1141; x_wconf 88' lang='lat' dir='ltr'><strong>periculo</strong></span> <span class='ocrx_word' id='word_1_83' title='bbox 466 1069 572 1142; x_wconf 90' lang='lat' dir='ltr'><strong>capitis</strong></span> <span class='ocrx_word' id='word_1_84' title='bbox 588 1084 649 1128; x_wconf 91' lang='lat' dir='ltr'><strong>non</strong></span> <span class='ocrx_word' id='word_1_85' title='bbox 666 1069 814 1129; x_wconf 87' lang='lat' dir='ltr'><strong>dubitavit</strong></span> <span class='ocrx_word' id='word_1_86' title='bbox 829 1071 992 1130; x_wconf 77' lang='lat' dir='ltr'><strong>occideret</strong></span> <span class='ocrx_word' id='word_1_87' title='bbox 1009 1067 1062 1132; x_wconf 75' lang='grc'><strong>42.</strong></span> <span class='ocrx_word' id='word_1_88' title='bbox 1085 1088 1089 1103; x_wconf 55' lang='grc' dir='ltr'>ι</span> <span class='ocrx_word' id='word_1_89' title='bbox 1124 1078 1135 1104; x_wconf 81' lang='grc'><em>“</em></span> 
     </span>
     <span class='ocr_line' id='line_1_12' title="bbox 66 1148 1064 1226; baseline 0.004 -15"><span class='ocrx_word' id='word_1_90' title='bbox 66 1148 225 1220; x_wconf 84' lang='lat' dir='ltr'><strong>resertim,</strong></span> <span class='ocrx_word' id='word_1_91' title='bbox 242 1149 376 1224; x_wconf 86' lang='lat' dir='ltr'><strong>iudices,</strong></span> <span class='ocrx_word' id='word_1_92' title='bbox 398 1151 640 1226; x_wconf 87' lang='lat' dir='ltr'><strong>quumhonoris</strong></span> <span class='ocrx_word' id='word_1_93' title='bbox 661 1152 840 1226; x_wconf 82' lang='lat' dir='ltr'><strong>amplissimi</strong></span> <span class='ocrx_word' id='word_1_94' title='bbox 859 1151 1012 1215; x_wconf 79' lang='lat' dir='ltr'><strong>&#39;eontentio</strong></span> <span class='ocrx_word' id='word_1_95' title='bbox 1031 1161 1064 1215; x_wconf 79' lang='lat' dir='ltr'><strong>&#39;et</strong></span> 
     </span>
     <span class='ocr_line' id='line_1_13' title="bbox 66 1231 1120 1310; baseline 0.008 -22"><span class='ocrx_word' id='word_1_96' title='bbox 66 1251 91 1294; x_wconf 65' lang='grc' dir='ltr'>ιε</span> <span class='ocrx_word' id='word_1_97' title='bbox 114 1231 304 1297; x_wconf 87' lang='lat' dir='ltr'><strong>comitiorum</strong></span> <span class='ocrx_word' id='word_1_98' title='bbox 321 1235 471 1305; x_wconf 87' lang='lat' dir='ltr'><strong>subesset,</strong></span> <span class='ocrx_word' id='word_1_99' title='bbox 491 1252 551 1308; x_wconf 88' lang='lat' dir='ltr'><strong>quo</strong></span> <span class='ocrx_word' id='word_1_100' title='bbox 567 1234 690 1309; x_wconf 88' lang='lat' dir='ltr'><strong>quidem</strong></span> <span class='ocrx_word' id='word_1_101' title='bbox 706 1235 968 1310; x_wconf 78' lang='lat' dir='ltr'><strong>tempore-soto</strong></span> <span class='ocrx_word' id='word_1_102' title='bbox 984 1235 1063 1296; x_wconf 88' lang='lat' dir='ltr'><strong>enim</strong></span> <span class='ocrx_word' id='word_1_103' title='bbox 1114 1255 1120 1277; x_wconf 61' lang='grc' dir='ltr'>ι</span> 
     </span>
     <span class='ocr_line' id='line_1_14' title="bbox 66 1314 1133 1393; baseline 0.007 -16"><span class='ocrx_word' id='word_1_104' title='bbox 66 1331 124 1377; x_wconf 87' lang='lat' dir='ltr'><strong>am</strong></span> <span class='ocrx_word' id='word_1_105' title='bbox 136 1314 240 1385; x_wconf 83' lang='lat' dir='ltr'><strong>timida</strong></span> <span class='ocrx_word' id='word_1_106' title='bbox 262 1314 302 1376; x_wconf 90' lang='lat' dir='ltr'><strong>sit</strong></span> <span class='ocrx_word' id='word_1_107' title='bbox 317 1315 438 1376; x_wconf 76' lang='lat' dir='ltr'><strong>ambitio</strong></span> <span class='ocrx_word' id='word_1_108' title='bbox 461 1326 634 1392; x_wconf 86' lang='lat' dir='ltr'><strong>quantaque</strong></span> <span class='ocrx_word' id='word_1_109' title='bbox 647 1327 677 1378; x_wconf 92' lang='grc' dir='ltr'><strong>ει</strong></span> <span class='ocrx_word' id='word_1_110' title='bbox 694 1335 784 1393; x_wconf 88' lang='lat' dir='ltr'><strong>quam</strong></span> <span class='ocrx_word' id='word_1_111' title='bbox 801 1319 928 1380; x_wconf 87' lang='lat' dir='ltr'><strong>sollicita</strong></span> <span class='ocrx_word' id='word_1_112' title='bbox 949 1321 988 1381; x_wconf 93' lang='lat' dir='ltr'><strong>sit</strong></span> <span class='ocrx_word' id='word_1_113' title='bbox 1010 1336 1060 1384; x_wconf 92' lang='lat' dir='ltr'><strong>cu·</strong></span> <span class='ocrx_word' id='word_1_114' title='bbox 1128 1360 1133 1365; x_wconf 95' lang='lat'><em>-</em></span> 
     </span>
     <span class='ocr_line' id='line_1_15' title="bbox 66 1399 1061 1478; baseline 0.004 -19"><span class='ocrx_word' id='word_1_115' title='bbox 66 1399 339 1459; x_wconf 85' lang='lat' dir='ltr'><strong>lilas&#39;consulatus</strong></span> <span class='ocrx_word' id='word_1_116' title='bbox 352 1434 396 1444; x_wconf 91' lang='lat'>-</span> <span class='ocrx_word' id='word_1_117' title='bbox 411 1400 520 1474; x_wconf 91' lang='lat' dir='ltr'><strong>omnia,</strong></span> <span class='ocrx_word' id='word_1_118' title='bbox 535 1400 701 1462; x_wconf 88' lang='lat' dir='ltr'><strong>nonmodo</strong></span> <span class='ocrx_word' id='word_1_119' title='bbox 718 1419 797 1477; x_wconf 89' lang='lat' dir='ltr'><strong>quae</strong></span> <span class='ocrx_word' id='word_1_120' title='bbox 811 1403 994 1478; x_wconf 83' lang='lat' dir='ltr'><strong>reprehendi</strong></span> <span class='ocrx_word' id='word_1_121' title='bbox 1008 1419 1061 1478; x_wconf 89' lang='lat' dir='ltr'><strong>pa·</strong></span> 
     </span>
     <span class='ocr_line' id='line_1_16' title="bbox 66 1480 1061 1559; baseline 0.005 -17"><span class='ocrx_word' id='word_1_122' title='bbox 66 1501 105 1555; x_wconf 92' lang='lat' dir='ltr'><strong>n,</strong></span> <span class='ocrx_word' id='word_1_123' title='bbox 121 1481 179 1542; x_wconf 88' lang='lat' dir='ltr'><strong>sed</strong></span> <span class='ocrx_word' id='word_1_124' title='bbox 195 1480 284 1541; x_wconf 89' lang='lat' dir='ltr'><strong>eliam</strong></span> <span class='ocrx_word' id='word_1_125' title='bbox 300 1498 381 1556; x_wconf 85' lang='lat' dir='ltr'><strong>quae</strong></span> <span class='ocrx_word' id='word_1_126' title='bbox 395 1483 525 1544; x_wconf 83' lang='lat' dir='ltr'><strong>obscure</strong></span> <span class='ocrx_word' id='word_1_127' title='bbox 541 1483 666 1558; x_wconf 82' lang='lat' dir='ltr'><strong>cogitari</strong></span> <span class='ocrx_word' id='word_1_128' title='bbox 681 1492 825 1559; x_wconf 87' lang='lat' dir='ltr'><strong>possunt,</strong></span> <span class='ocrx_word' id='word_1_129' title='bbox 842 1485 997 1558; x_wconf 76' lang='lat' dir='ltr'><strong>timemuS,</strong></span> <span class='ocrx_word' id='word_1_130' title='bbox 1011 1503 1061 1547; x_wconf 90' lang='lat' dir='ltr'><strong>ru·</strong></span> 
     </span>
     <span class='ocr_line' id='line_1_17' title="bbox 66 1564 1061 1641; baseline 0.006 -19"><span class='ocrx_word' id='word_1_131' title='bbox 66 1581 163 1638; x_wconf 70' lang='lat' dir='ltr'><strong>trem,</strong></span> <span class='ocrx_word' id='word_1_132' title='bbox 179 1564 310 1625; x_wconf 82' lang='lat' dir='ltr'><strong>fabulam</strong></span> <span class='ocrx_word' id='word_1_133' title='bbox 327 1566 445 1639; x_wconf 88' lang='lat' dir='ltr'><strong>fictam,</strong></span> <span class='ocrx_word' id='word_1_134' title='bbox 461 1569 558 1627; x_wconf 89' lang='lat' dir='ltr'><strong>levem</strong></span> <span class='ocrx_word' id='word_1_135' title='bbox 576 1568 845 1641; x_wconf 82' lang='lat' dir='ltr'><strong>perhorrescimus,</strong></span> <span class='ocrx_word' id='word_1_136' title='bbox 861 1586 914 1629; x_wconf 91' lang='lat' dir='ltr'><strong>ora</strong></span> <span class='ocrx_word' id='word_1_137' title='bbox 929 1568 1061 1630; x_wconf 89' lang='lat' dir='ltr'><strong>omnium</strong></span> 
     </span>
     <span class='ocr_line' id='line_1_18' title="bbox 66 1649 1061 1725; baseline 0 -16"><span class='ocrx_word' id='word_1_138' title='bbox 66 1665 121 1725; x_wconf 70' lang='lat' dir='ltr'><strong>tue</strong></span> <span class='ocrx_word' id='word_1_139' title='bbox 134 1649 243 1708; x_wconf 90' lang='lat' dir='ltr'><strong>oculos</strong></span> <span class='ocrx_word' id='word_1_140' title='bbox 260 1649 418 1709; x_wconf 89' lang='lat' dir='ltr'><strong>intuemur.</strong></span> <span class='ocrx_word' id='word_1_141' title='bbox 455 1649 532 1709; x_wconf 91' lang='lat' dir='ltr'><strong>Nihil</strong></span> <span class='ocrx_word' id='word_1_142' title='bbox 547 1658 595 1709; x_wconf 89' lang='grc' dir='ltr'><strong>εει</strong></span> <span class='ocrx_word' id='word_1_143' title='bbox 610 1650 688 1709; x_wconf 90' lang='lat' dir='ltr'><strong>enim</strong></span> <span class='ocrx_word' id='word_1_144' title='bbox 703 1659 765 1710; x_wconf 87' lang='lat' dir='ltr'><strong>lam</strong></span> <span class='ocrx_word' id='word_1_145' title='bbox 781 1651 884 1723; x_wconf 89' lang='lat' dir='ltr'><strong>molle,</strong></span> <span class='ocrx_word' id='word_1_146' title='bbox 903 1659 963 1710; x_wconf 88' lang='lat' dir='ltr'><strong>tarn</strong></span> <span class='ocrx_word' id='word_1_147' title='bbox 980 1660 1061 1710; x_wconf 89' lang='lat' dir='ltr'><strong>tenc·</strong></span> 
     </span>
     <span class='ocr_line' id='line_1_19' title="bbox 66 1731 1060 1806; baseline -0.002 -14"><span class='ocrx_word' id='word_1_148' title='bbox 66 1750 109 1803; x_wconf 86' lang='lat' dir='ltr'><strong>n,</strong></span> <span class='ocrx_word' id='word_1_149' title='bbox 136 1739 195 1792; x_wconf 88' lang='lat' dir='ltr'><strong>tam</strong></span> <span class='ocrx_word' id='word_1_150' title='bbox 219 1740 271 1791; x_wconf 89' lang='lat' dir='ltr'><strong>aut</strong></span> <span class='ocrx_word' id='word_1_151' title='bbox 293 1732 399 1806; x_wconf 84' lang='lat' dir='ltr'><strong>fragile</strong></span> <span class='ocrx_word' id='word_1_152' title='bbox 421 1741 473 1792; x_wconf 87' lang='lat' dir='ltr'><strong>aut</strong></span> <span class='ocrx_word' id='word_1_153' title='bbox 491 1731 625 1791; x_wconf 87' lang='lat' dir='ltr'><strong>flexibile</strong></span> <span class='ocrx_word' id='word_1_154' title='bbox 647 1748 736 1806; x_wconf 89' lang='lat' dir='ltr'><strong>quam</strong></span> <span class='ocrx_word' id='word_1_155' title='bbox 756 1733 898 1798; x_wconf 87' lang='lat' dir='ltr'><strong>voluntas</strong></span> <span class='ocrx_word' id='word_1_156' title='bbox 914 1749 986 1805; x_wconf 81' lang='lat' dir='ltr'><strong>erga</strong></span> <span class='ocrx_word' id='word_1_157' title='bbox 1002 1748 1060 1791; x_wconf 90' lang='lat' dir='ltr'><strong>uos</strong></span> 
     </span>
     <span class='ocr_line' id='line_1_20' title="bbox 66 1812 1060 1893; baseline -0.003 -18"><span class='ocrx_word' id='word_1_158' title='bbox 66 1830 205 1893; x_wconf 76' lang='lat' dir='ltr'><strong>ususque</strong></span> <span class='ocrx_word' id='word_1_159' title='bbox 216 1812 336 1886; x_wconf 82' lang='lat' dir='ltr'><strong>civium,</strong></span> <span class='ocrx_word' id='word_1_160' title='bbox 353 1814 405 1889; x_wconf 90' lang='lat' dir='ltr'><strong>qui</strong></span> <span class='ocrx_word' id='word_1_161' title='bbox 426 1831 486 1874; x_wconf 90' lang='lat' dir='ltr'><strong>non</strong></span> <span class='ocrx_word' id='word_1_162' title='bbox 504 1815 595 1873; x_wconf 91' lang='lat' dir='ltr'><strong>modo</strong></span> <span class='ocrx_word' id='word_1_163' title='bbox 609 1813 791 1887; x_wconf 82' lang='lat' dir='ltr'><strong>improbitati</strong></span> <span class='ocrx_word' id='word_1_164' title='bbox 802 1813 973 1874; x_wconf 84' lang='lat' dir='ltr'><strong>irascuntur</strong></span> <span class='ocrx_word' id='word_1_165' title='bbox 991 1829 1060 1873; x_wconf 85' lang='lat' dir='ltr'><strong>ean·</strong></span> 
     </span>
     <span class='ocr_line' id='line_1_21' title="bbox 66 1886 1106 1975; baseline -0.003 -14"><span class='ocrx_word' id='word_1_166' title='bbox 66 1901 219 1968; x_wconf 81' lang='lat' dir='ltr'><strong>latorum,</strong></span> <span class='ocrx_word' id='word_1_167' title='bbox 241 1898 297 1956; x_wconf 90' lang='lat' dir='ltr'><strong>sed</strong></span> <span class='ocrx_word' id='word_1_168' title='bbox 319 1896 407 1957; x_wconf 86' lang='lat' dir='ltr'><strong>etiam</strong></span> <span class='ocrx_word' id='word_1_169' title='bbox 425 1896 455 1956; x_wconf 90' lang='lat' dir='ltr'><strong>iu</strong></span> <span class='ocrx_word' id='word_1_170' title='bbox 475 1905 558 1956; x_wconf 88' lang='lat' dir='ltr'><strong>recle</strong></span> <span class='ocrx_word' id='word_1_171' title='bbox 577 1895 674 1975; x_wconf 43' lang='lat' dir='ltr'><strong>iactiss</strong></span> <span class='ocrx_word' id='word_1_172' title='bbox 688 1905 781 1970; x_wconf 87' lang='lat' dir='ltr'><strong>saepe</strong></span> <span class='ocrx_word' id='word_1_173' title='bbox 802 1895 966 1956; x_wconf 80' lang='lat' dir='ltr'><strong>fastidiunt.</strong></span> <span class='ocrx_word' id='word_1_174' title='bbox 1008 1894 1061 1970; x_wconf 73' lang='grc'><strong>43.</strong></span> <span class='ocrx_word' id='word_1_175' title='bbox 1102 1886 1106 1910; x_wconf 74' lang='lat'><em>⁹</em></span> 
     </span>
    </p>
   </div>
   <div class='ocr_carea' id='block_1_3' title="bbox 66 1978 1148 2057">
    <p class='ocr_par' dir='ltr' id='par_1_4' title="bbox 66 1978 1148 2057">
     <span class='ocr_line' id='line_1_22' title="bbox 66 1978 1148 2057; baseline -0.005 -14"><span class='ocrx_word' id='word_1_176' title='bbox 66 1997 115 2043; x_wconf 36' lang='lat' dir='ltr'><strong>inc</strong></span> <span class='ocrx_word' id='word_1_177' title='bbox 133 1979 223 2055; x_wconf 83' lang='lat' dir='ltr'><strong>igitur</strong></span> <span class='ocrx_word' id='word_1_178' title='bbox 239 1981 318 2039; x_wconf 89' lang='lat' dir='ltr'><strong>diem</strong></span> <span class='ocrx_word' id='word_1_179' title='bbox 335 1980 433 2054; x_wconf 80' lang='lat' dir='ltr'><strong>campi</strong></span> <span class='ocrx_word' id='word_1_180' title='bbox 452 1987 603 2054; x_wconf 84' lang='lat' dir='ltr'><strong>speratum</strong></span> <span class='ocrx_word' id='word_1_181' title='bbox 621 1988 713 2054; x_wconf 86' lang='lat' dir='ltr'><strong>alque</strong></span> <span class='ocrx_word' id='word_1_182' title='bbox 725 1987 900 2053; x_wconf 83' lang='lat' dir='ltr'><strong>exoptatum</strong></span> <span class='ocrx_word' id='word_1_183' title='bbox 915 1978 973 2040; x_wconf 88' lang='lat' dir='ltr'><strong>sibi</strong></span> <span class='ocrx_word' id='word_1_184' title='bbox 990 1995 1059 2057; x_wconf 78' lang='lat' dir='ltr'><strong>pro·</strong></span> <span class='ocrx_word' id='word_1_185' title='bbox 1143 2020 1148 2030; x_wconf 70' lang='lat'>.</span> 
     </span>
    </p>
   </div>
   <div class='ocr_carea' id='block_1_4' title="bbox 66 2062 1060 2471">
    <p class='ocr_par' dir='ltr' id='par_1_5' title="bbox 66 2062 1060 2471">
     <span class='ocr_line' id='line_1_23' title="bbox 66 2062 1059 2137; baseline -0.001 -13"><span class='ocrx_word' id='word_1_186' title='bbox 66 2081 150 2124; x_wconf 88' lang='lat' dir='ltr'><strong>nens</strong></span> <span class='ocrx_word' id='word_1_187' title='bbox 166 2063 252 2133; x_wconf 87' lang='lat' dir='ltr'><strong>Milo,</strong></span> <span class='ocrx_word' id='word_1_188' title='bbox 275 2062 408 2123; x_wconf 90' lang='lat' dir='ltr'><strong>cruentis</strong></span> <span class='ocrx_word' id='word_1_189' title='bbox 426 2063 565 2122; x_wconf 91' lang='lat' dir='ltr'><strong>manibus</strong></span> <span class='ocrx_word' id='word_1_190' title='bbox 580 2064 682 2123; x_wconf 86' lang='lat' dir='ltr'><strong>seclus</strong></span> <span class='ocrx_word' id='word_1_191' title='bbox 700 2068 735 2123; x_wconf 85' lang='grc' dir='ltr'><strong>ἐι</strong></span> <span class='ocrx_word' id='word_1_192' title='bbox 750 2064 867 2124; x_wconf 83' lang='lat' dir='ltr'><strong>lacinus</strong></span> <span class='ocrx_word' id='word_1_193' title='bbox 883 2073 955 2137; x_wconf 88' lang='lat' dir='ltr'><strong>prae</strong></span> <span class='ocrx_word' id='word_1_194' title='bbox 967 2079 1002 2123; x_wconf 91' lang='lat' dir='ltr'><strong>se</strong></span> <span class='ocrx_word' id='word_1_195' title='bbox 1017 2064 1059 2123; x_wconf 79' lang='lat' dir='ltr'><strong>ie</strong></span> 
     </span>
     <span class='ocr_line' id='line_1_24' title="bbox 66 2140 1059 2221; baseline -0.003 -13"><span class='ocrx_word' id='word_1_196' title='bbox 66 2165 98 2208; x_wconf 87' lang='lat' dir='ltr'><strong>rs</strong></span> <span class='ocrx_word' id='word_1_197' title='bbox 115 2155 148 2207; x_wconf 89' lang='lat' dir='ltr'><strong>el</strong></span> <span class='ocrx_word' id='word_1_198' title='bbox 163 2146 326 2221; x_wconf 84' lang='lat' dir='ltr'><strong>confitens,</strong></span> <span class='ocrx_word' id='word_1_199' title='bbox 347 2146 387 2206; x_wconf 84' lang='lat' dir='ltr'><strong>ad</strong></span> <span class='ocrx_word' id='word_1_200' title='bbox 406 2147 457 2206; x_wconf 88' lang='lat' dir='ltr'><strong>illo</strong></span> <span class='ocrx_word' id='word_1_201' title='bbox 479 2154 607 2220; x_wconf 76' lang='lat' dir='ltr'><strong>augusta</strong></span> <span class='ocrx_word' id='word_1_202' title='bbox 628 2140 991 2220; x_wconf 60' lang='lat' dir='ltr'><strong>centuriarum⁹auspicia</strong></span> <span class='ocrx_word' id='word_1_203' title='bbox 1008 2162 1059 2205; x_wconf 81' lang='lat' dir='ltr'><strong>ve</strong></span> 
     </span>
     <span class='ocr_line' id='line_1_25' title="bbox 66 2226 1059 2305; baseline -0.002 -15"><span class='ocrx_word' id='word_1_204' title='bbox 66 2233 152 2291; x_wconf 75' lang='lat' dir='ltr'><strong>thail</strong></span> <span class='ocrx_word' id='word_1_205' title='bbox 172 2229 268 2302; x_wconf 82' lang='lat' dir='ltr'><strong>Quam</strong></span> <span class='ocrx_word' id='word_1_206' title='bbox 281 2230 340 2290; x_wconf 91' lang='lat' dir='ltr'><strong>hoc</strong></span> <span class='ocrx_word' id='word_1_207' title='bbox 358 2245 419 2290; x_wconf 89' lang='lat' dir='ltr'><strong>non</strong></span> <span class='ocrx_word' id='word_1_208' title='bbox 433 2229 579 2290; x_wconf 86' lang='lat' dir='ltr'><strong>credibile</strong></span> <span class='ocrx_word' id='word_1_209' title='bbox 593 2229 626 2289; x_wconf 91' lang='lat' dir='ltr'><strong>iu</strong></span> <span class='ocrx_word' id='word_1_210' title='bbox 641 2226 716 2290; x_wconf 88' lang='lat' dir='ltr'><strong>hoc!</strong></span> <span class='ocrx_word' id='word_1_211' title='bbox 740 2247 831 2305; x_wconf 91' lang='lat' dir='ltr'><strong>quam</strong></span> <span class='ocrx_word' id='word_1_212' title='bbox 852 2228 932 2288; x_wconf 92' lang='lat' dir='ltr'><strong>idem</strong></span> <span class='ocrx_word' id='word_1_213' title='bbox 946 2227 976 2287; x_wconf 91' lang='lat' dir='ltr'><strong>in</strong></span> <span class='ocrx_word' id='word_1_214' title='bbox 992 2226 1059 2288; x_wconf 81' lang='lat' dir='ltr'><strong>Clo-</strong></span> 
     </span>
     <span class='ocr_line' id='line_1_26' title="bbox 66 2312 1060 2388; baseline -0.002 -15"><span class='ocrx_word' id='word_1_215' title='bbox 66 2333 74 2373; x_wconf 82' lang='grc' dir='ltr'>ι</span> <span class='ocrx_word' id='word_1_216' title='bbox 91 2329 155 2373; x_wconf 92' lang='lat' dir='ltr'><strong>non</strong></span> <span class='ocrx_word' id='word_1_217' title='bbox 169 2312 366 2373; x_wconf 86' lang='lat' dir='ltr'><strong>dubitandum</strong></span> <span class='ocrx_word' id='word_1_218' title='bbox 382 2312 453 2388; x_wconf 88' lang='lat' dir='ltr'><strong>quin</strong></span> <span class='ocrx_word' id='word_1_219' title='bbox 469 2329 503 2373; x_wconf 88' lang='lat' dir='ltr'><strong>se</strong></span> <span class='ocrx_word' id='word_1_220' title='bbox 521 2312 735 2373; x_wconf 86' lang='lat' dir='ltr'><strong>illcinlerlecto</strong></span> <span class='ocrx_word' id='word_1_221' title='bbox 743 2312 855 2373; x_wconf 91' lang='lat' dir='ltr'><strong>Milone</strong></span> <span class='ocrx_word' id='word_1_222' title='bbox 867 2319 1060 2386; x_wconf 82' lang='lat' dir='ltr'><strong>regnaturum</strong></span> 
     </span>
     <span class='ocr_line' id='line_1_27' title="bbox 66 2393 1057 2471; baseline -0.004 -13"><span class='ocrx_word' id='word_1_223' title='bbox 66 2404 164 2458; x_wconf 86' lang='lat' dir='ltr'><strong>tarel!</strong></span> <span class='ocrx_word' id='word_1_224' title='bbox 183 2395 280 2467; x_wconf 82' lang='lat' dir='ltr'><strong>Quidt</strong></span> <span class='ocrx_word' id='word_1_225' title='bbox 299 2397 381 2470; x_wconf 87' lang='lat' dir='ltr'><strong>quod</strong></span> <span class='ocrx_word' id='word_1_226' title='bbox 394 2405 489 2471; x_wconf 79' lang='lat' dir='ltr'><strong>caput</strong></span> <span class='ocrx_word' id='word_1_227' title='bbox 509 2405 556 2456; x_wconf 88' lang='lat' dir='ltr'><strong>est</strong></span> <span class='ocrx_word' id='word_1_228' title='bbox 573 2396 735 2469; x_wconf 86' lang='lat' dir='ltr'><strong>audaciae,</strong></span> <span class='ocrx_word' id='word_1_229' title='bbox 750 2395 876 2469; x_wconf 88' lang='lat' dir='ltr'><strong>iudices,</strong></span> <span class='ocrx_word' id='word_1_230' title='bbox 892 2393 960 2470; x_wconf 87' lang='lat' dir='ltr'><strong>quis</strong></span> <span class='ocrx_word' id='word_1_231' title='bbox 973 2393 1057 2467; x_wconf 80' lang='lat' dir='ltr'><strong>igno·</strong></span> 
     </span>
    </p>
   </div>
   <div class='ocr_carea' id='block_1_5' title="bbox 66 2477 1151 2554">
    <p class='ocr_par' dir='ltr' id='par_1_6' title="bbox 66 2477 1151 2554">
     <span class='ocr_line' id='line_1_28' title="bbox 66 2477 1151 2554; baseline -0.001 -16"><span class='ocrx_word' id='word_1_232' title='bbox 66 2528 68 2538; x_wconf 71' lang='lat'><em>,</em></span> <span class='ocrx_word' id='word_1_233' title='bbox 84 2477 248 2538; x_wconf 83' lang='lat' dir='ltr'><strong>maximam</strong></span> <span class='ocrx_word' id='word_1_234' title='bbox 263 2477 436 2539; x_wconf 90' lang='lat' dir='ltr'><strong>illecebram</strong></span> <span class='ocrx_word' id='word_1_235' title='bbox 452 2496 522 2540; x_wconf 88' lang='lat' dir='ltr'><strong>esse</strong></span> <span class='ocrx_word' id='word_1_236' title='bbox 534 2479 682 2554; x_wconf 88' lang='lat' dir='ltr'><strong>peccandi</strong></span> <span class='ocrx_word' id='word_1_237' title='bbox 697 2477 881 2553; x_wconf 89' lang='lat' dir='ltr'><strong>impunitatis</strong></span> <span class='ocrx_word' id='word_1_238' title='bbox 897 2482 1006 2553; x_wconf 84' lang='lat' dir='ltr'><strong>spent</strong></span> <span class='ocrx_word' id='word_1_239' title='bbox 1025 2477 1057 2537; x_wconf 93' lang='lat' dir='ltr'><strong>lu</strong></span> <span class='ocrx_word' id='word_1_240' title='bbox 1148 2542 1151 2549; x_wconf 57' lang='grc'><strong>,</strong></span> 
     </span>
    </p>
   </div>
   <div class='ocr_carea' id='block_1_6' title="bbox 66 2561 1060 3536">
    <p class='ocr_par' dir='ltr' id='par_1_7' title="bbox 66 2561 1060 3536">
     <span class='ocr_line' id='line_1_29' title="bbox 66 2561 1060 2637; baseline -0.002 -15"><span class='ocrx_word' id='word_1_241' title='bbox 66 2581 94 2622; x_wconf 91' lang='lat' dir='ltr'><strong>·o</strong></span> <span class='ocrx_word' id='word_1_242' title='bbox 114 2561 207 2636; x_wconf 82' lang='lat' dir='ltr'><strong>igitur</strong></span> <span class='ocrx_word' id='word_1_243' title='bbox 226 2563 312 2622; x_wconf 85' lang='lat' dir='ltr'><strong>haec·</strong></span> <span class='ocrx_word' id='word_1_244' title='bbox 325 2564 400 2624; x_wconf 80' lang='lat' dir='ltr'><strong>luitt</strong></span> <span class='ocrx_word' id='word_1_245' title='bbox 418 2561 448 2621; x_wconf 93' lang='lat' dir='ltr'><strong>in</strong></span> <span class='ocrx_word' id='word_1_246' title='bbox 463 2564 595 2637; x_wconf 82' lang='lat' dir='ltr'><strong>Milone,</strong></span> <span class='ocrx_word' id='word_1_247' title='bbox 625 2562 677 2637; x_wconf 90' lang='lat' dir='ltr'><strong>qui</strong></span> <span class='ocrx_word' id='word_1_248' title='bbox 704 2562 792 2630; x_wconf 87' lang='lat' dir='ltr'><strong>etiarn</strong></span> <span class='ocrx_word' id='word_1_249' title='bbox 821 2578 901 2622; x_wconf 90' lang='lat' dir='ltr'><strong>nunc</strong></span> <span class='ocrx_word' id='word_1_250' title='bbox 920 2577 992 2621; x_wconf 88' lang='lat' dir='ltr'><strong>reus</strong></span> <span class='ocrx_word' id='word_1_251' title='bbox 1012 2565 1060 2620; x_wconf 84' lang='lat' dir='ltr'><strong>est</strong></span> 
     </span>
     <span class='ocr_line' id='line_1_30' title="bbox 66 2642 1060 2720; baseline -0.003 -16"><span class='ocrx_word' id='word_1_252' title='bbox 66 2644 99 2706; x_wconf 77' lang='grc' dir='ltr'>ιιί</span> <span class='ocrx_word' id='word_1_253' title='bbox 113 2653 167 2706; x_wconf 87' lang='lat' dir='ltr'><strong>aut</strong></span> <span class='ocrx_word' id='word_1_254' title='bbox 180 2645 329 2719; x_wconf 85' lang='lat' dir='ltr'><strong>praeclari</strong></span> <span class='ocrx_word' id='word_1_255' title='bbox 345 2653 397 2706; x_wconf 87' lang='lat' dir='ltr'><strong>aut</strong></span> <span class='ocrx_word' id='word_1_256' title='bbox 410 2654 491 2706; x_wconf 86' lang='lat' dir='ltr'><strong>certe</strong></span> <span class='ocrx_word' id='word_1_257' title='bbox 508 2645 692 2720; x_wconf 88' lang='lat' dir='ltr'><strong>necessarii,</strong></span> <span class='ocrx_word' id='word_1_258' title='bbox 712 2662 750 2705; x_wconf 83' lang='lat' dir='ltr'><strong>un</strong></span> <span class='ocrx_word' id='word_1_259' title='bbox 767 2645 796 2705; x_wconf 91' lang='lat' dir='ltr'><strong>in</strong></span> <span class='ocrx_word' id='word_1_260' title='bbox 812 2644 928 2717; x_wconf 82' lang='lat' dir='ltr'><strong>clodio,</strong></span> <span class='ocrx_word' id='word_1_261' title='bbox 948 2642 1060 2718; x_wconf 78' lang='lat' dir='ltr'><strong>quiite</strong></span> 
     </span>
     <span class='ocr_line' id='line_1_31' title="bbox 66 2728 1060 2803; baseline -0.007 -13"><span class='ocrx_word' id='word_1_262' title='bbox 66 2728 152 2790; x_wconf 88' lang='lat' dir='ltr'><strong>licia&#39;</strong></span> <span class='ocrx_word' id='word_1_263' title='bbox 169 2744 364 2803; x_wconf 87' lang='lat' dir='ltr'><strong>poenamque</strong></span> <span class='ocrx_word' id='word_1_264' title='bbox 391 2736 629 2803; x_wconf 77' lang='lat' dir='ltr'><strong>contempserat,</strong></span> <span class='ocrx_word' id='word_1_265' title='bbox 644 2737 687 2790; x_wconf 76' lang='grc' dir='ltr'><strong>ἰιι</strong></span> <span class='ocrx_word' id='word_1_266' title='bbox 712 2745 779 2789; x_wconf 91' lang='lat' dir='ltr'><strong>eum</strong></span> <span class='ocrx_word' id='word_1_267' title='bbox 802 2728 876 2788; x_wconf 89' lang='lat' dir='ltr'><strong>nihil</strong></span> <span class='ocrx_word' id='word_1_268' title='bbox 895 2728 1060 2786; x_wconf 83' lang='lat' dir='ltr'><strong>delectaret</strong></span> 
     </span>
     <span class='ocr_line' id='line_1_32' title="bbox 67 2810 996 2886; baseline -0.009 -12"><span class='ocrx_word' id='word_1_269' title='bbox 67 2813 113 2880; x_wconf 92' lang='lat' dir='ltr'><strong>od</strong></span> <span class='ocrx_word' id='word_1_270' title='bbox 129 2821 182 2872; x_wconf 87' lang='lat' dir='ltr'><strong>aul</strong></span> <span class='ocrx_word' id='word_1_271' title='bbox 195 2828 250 2885; x_wconf 88' lang='lat' dir='ltr'><strong>per</strong></span> <span class='ocrx_word' id='word_1_272' title='bbox 267 2822 403 2873; x_wconf 86' lang='lat' dir='ltr'><strong>naturam</strong></span> <span class='ocrx_word' id='word_1_273' title='bbox 419 2813 464 2870; x_wconf 88' lang='lat' dir='ltr'><strong>las</strong></span> <span class='ocrx_word' id='word_1_274' title='bbox 480 2819 563 2871; x_wconf 88' lang='lat' dir='ltr'><strong>essct</strong></span> <span class='ocrx_word' id='word_1_275' title='bbox 576 2820 628 2871; x_wconf 87' lang='lat' dir='ltr'><strong>aul</strong></span> <span class='ocrx_word' id='word_1_276' title='bbox 642 2814 795 2886; x_wconf 80' lang='lat' dir='ltr'><strong>perleges</strong></span> <span class='ocrx_word' id='word_1_277' title='bbox 812 2810 941 2871; x_wconf 65' lang='lat' dir='ltr'><strong>liceret?</strong></span> <span class='ocrx_word' id='word_1_278' title='bbox 994 2823 996 2827; x_wconf 48' lang='lat'><strong>¹</strong></span> 
     </span>
     <span class='ocr_line' id='line_1_33' title="bbox 86 2888 1058 2970; baseline -0.012 -13"><span class='ocrx_word' id='word_1_279' title='bbox 86 2893 141 2957; x_wconf 88' lang='grc'><strong>44.</strong></span> <span class='ocrx_word' id='word_1_280' title='bbox 170 2894 231 2955; x_wconf 89' lang='lat' dir='ltr'><strong>Sed</strong></span> <span class='ocrx_word' id='word_1_281' title='bbox 247 2895 321 2970; x_wconf 88' lang='lat' dir='ltr'><strong>quid</strong></span> <span class='ocrx_word' id='word_1_282' title='bbox 336 2911 393 2968; x_wconf 85' lang='lat' dir='ltr'><strong>ego</strong></span> <span class='ocrx_word' id='word_1_283' title='bbox 411 2901 625 2968; x_wconf 80' lang='lat' dir='ltr'><strong>argumentort</strong></span> <span class='ocrx_word' id='word_1_284' title='bbox 647 2893 719 2968; x_wconf 90' lang='lat' dir='ltr'><strong>quid</strong></span> <span class='ocrx_word' id='word_1_285' title='bbox 737 2895 823 2968; x_wconf 88' lang='lat' dir='ltr'><strong>plura</strong></span> <span class='ocrx_word' id='word_1_286' title='bbox 837 2892 983 2965; x_wconf 75' lang='lat' dir='ltr'><strong>disputet</strong></span> <span class='ocrx_word' id='word_1_287' title='bbox 1006 2888 1058 2961; x_wconf 87' lang='lat' dir='ltr'><strong>Tc,</strong></span> 
     </span>
     <span class='ocr_line' id='line_1_34' title="bbox 71 2971 1059 3053; baseline -0.009 -15"><span class='ocrx_word' id='word_1_288' title='bbox 71 2977 172 3052; x_wconf 88' lang='lat' dir='ltr'><strong>Petili,</strong></span> <span class='ocrx_word' id='word_1_289' title='bbox 187 2980 320 3052; x_wconf 82' lang='lat' dir='ltr'><strong>appello,</strong></span> <span class='ocrx_word' id='word_1_290' title='bbox 337 2977 481 3053; x_wconf 85' lang='lat' dir='ltr'><strong>optimum</strong></span> <span class='ocrx_word' id='word_1_291' title='bbox 496 2985 526 3038; x_wconf 89' lang='lat' dir='ltr'><strong>et</strong></span> <span class='ocrx_word' id='word_1_292' title='bbox 540 2975 733 3036; x_wconf 78' lang='lat' dir='ltr'><strong>fortissimum</strong></span> <span class='ocrx_word' id='word_1_293' title='bbox 746 2975 858 3035; x_wconf 82' lang='lat' dir='ltr'><strong>eivem=</strong></span> <span class='ocrx_word' id='word_1_294' title='bbox 874 2983 912 3044; x_wconf 89' lang='lat' dir='ltr'><strong>te,</strong></span> <span class='ocrx_word' id='word_1_295' title='bbox 924 2972 966 3031; x_wconf 83' lang='lat' dir='ltr'><strong>M.</strong></span> <span class='ocrx_word' id='word_1_296' title='bbox 977 2971 1059 3044; x_wconf 85' lang='lat' dir='ltr'><strong>Cato,</strong></span> 
     </span>
     <span class='ocr_line' id='line_1_35' title="bbox 66 3055 1058 3136; baseline -0.012 -12"><span class='ocrx_word' id='word_1_297' title='bbox 66 3071 141 3132; x_wconf 65' lang='lat' dir='ltr'><strong>utor,</strong></span> <span class='ocrx_word' id='word_1_298' title='bbox 165 3077 244 3136; x_wconf 91' lang='lat' dir='ltr'><strong>quos</strong></span> <span class='ocrx_word' id='word_1_299' title='bbox 259 3060 330 3120; x_wconf 82' lang='lat' dir='ltr'><strong>milri</strong></span> <span class='ocrx_word' id='word_1_300' title='bbox 346 3060 448 3120; x_wconf 89' lang='lat' dir='ltr'><strong>divina</strong></span> <span class='ocrx_word' id='word_1_301' title='bbox 464 3059 612 3133; x_wconf 81' lang='lat' dir='ltr'><strong>quaedam</strong></span> <span class='ocrx_word' id='word_1_302' title='bbox 630 3074 699 3127; x_wconf 88' lang='lat' dir='ltr'><strong>sors</strong></span> <span class='ocrx_word' id='word_1_303' title='bbox 717 3058 802 3117; x_wconf 82' lang='lat' dir='ltr'><strong>&#39;dedit</strong></span> <span class='ocrx_word' id='word_1_304' title='bbox 822 3055 949 3116; x_wconf 88' lang='lat' dir='ltr'><strong>iudices.</strong></span> <span class='ocrx_word' id='word_1_305' title='bbox 991 3055 1058 3113; x_wconf 88' lang='lat' dir='ltr'><strong>Vos</strong></span> 
     </span>
     <span class='ocr_line' id='line_1_36' title="bbox 81 3135 1058 3217; baseline -0.008 -12"><span class='ocrx_word' id='word_1_306' title='bbox 81 3146 124 3205; x_wconf 93' lang='lat' dir='ltr'><strong>M.</strong></span> <span class='ocrx_word' id='word_1_307' title='bbox 138 3143 274 3205; x_wconf 88' lang='lat' dir='ltr'><strong>Favonio</strong></span> <span class='ocrx_word' id='word_1_308' title='bbox 297 3142 425 3204; x_wconf 87' lang='lat' dir='ltr'><strong>audistis</strong></span> <span class='ocrx_word' id='word_1_309' title='bbox 441 3141 578 3203; x_wconf 87' lang='lat' dir='ltr'><strong>Clodium</strong></span> <span class='ocrx_word' id='word_1_310' title='bbox 599 3139 657 3214; x_wconf 87' lang='lat' dir='ltr'><strong>sibi</strong></span> <span class='ocrx_word' id='word_1_311' title='bbox 670 3139 786 3212; x_wconf 87' lang='lat' dir='ltr'><strong>dixisse</strong></span> <span class='ocrx_word' id='word_1_312' title='bbox 802 3147 831 3199; x_wconf 88' lang='lat' dir='ltr'><strong>et</strong></span> <span class='ocrx_word' id='word_1_313' title='bbox 845 3135 1058 3217; x_wconf 27' lang='lat' dir='ltr'><strong>audistislvivo</strong></span> 
     </span>
     <span class='ocr_line' id='line_1_37' title="bbox 66 3218 1059 3302; baseline -0.012 -11"><span class='ocrx_word' id='word_1_314' title='bbox 66 3229 137 3291; x_wconf 76' lang='lat' dir='ltr'><strong>adio</strong></span> <span class='ocrx_word' id='word_1_315' title='bbox 160 3227 322 3302; x_wconf 83' lang='lat' dir='ltr'><strong>periturum</strong></span> <span class='ocrx_word' id='word_1_316' title='bbox 337 3225 477 3285; x_wconf 88' lang='lat' dir='ltr'><strong>Milonem</strong></span> <span class='ocrx_word' id='word_1_317' title='bbox 495 3218 615 3285; x_wconf 78' lang='lat' dir='ltr'><strong>&#39;triduo&#39;</strong></span> <span class='ocrx_word' id='word_1_318' title='bbox 649 3222 721 3282; x_wconf 87' lang='lat' dir='ltr'><strong>Post</strong></span> <span class='ocrx_word' id='word_1_319' title='bbox 739 3222 817 3281; x_wconf 88' lang='lat' dir='ltr'><strong>diem</strong></span> <span class='ocrx_word' id='word_1_320' title='bbox 838 3222 956 3281; x_wconf 88' lang='lat' dir='ltr'><strong>tertium</strong></span> <span class='ocrx_word' id='word_1_321' title='bbox 972 3227 1059 3295; x_wconf 77' lang='lat' dir='ltr'><strong>gesta</strong></span> 
     </span>
     <span class='ocr_line' id='line_1_38' title="bbox 66 3302 1059 3386; baseline -0.01 -12"><span class='ocrx_word' id='word_1_322' title='bbox 66 3331 79 3374; x_wconf 85' lang='lat' dir='ltr'><strong>s</strong></span> <span class='ocrx_word' id='word_1_323' title='bbox 96 3318 145 3372; x_wconf 84' lang='lat' dir='ltr'><strong>est</strong></span> <span class='ocrx_word' id='word_1_324' title='bbox 161 3327 250 3386; x_wconf 87' lang='lat' dir='ltr'><strong>quam</strong></span> <span class='ocrx_word' id='word_1_325' title='bbox 266 3310 392 3371; x_wconf 88' lang='lat' dir='ltr'><strong>dixerat.</strong></span> <span class='ocrx_word' id='word_1_326' title='bbox 436 3308 532 3382; x_wconf 86' lang='lat' dir='ltr'><strong>Quum</strong></span> <span class='ocrx_word' id='word_1_327' title='bbox 547 3306 597 3368; x_wconf 91' lang='lat' dir='ltr'><strong>ille</strong></span> <span class='ocrx_word' id='word_1_328' title='bbox 612 3322 672 3366; x_wconf 89' lang='lat' dir='ltr'><strong>non</strong></span> <span class='ocrx_word' id='word_1_329' title='bbox 690 3303 830 3368; x_wconf 86' lang='lat' dir='ltr'><strong>dubitarit</strong></span> <span class='ocrx_word' id='word_1_330' title='bbox 852 3302 970 3378; x_wconf 87' lang='lat' dir='ltr'><strong>aperire</strong></span> <span class='ocrx_word' id='word_1_331' title='bbox 987 3304 1059 3378; x_wconf 86' lang='lat' dir='ltr'><strong>quid</strong></span> 
     </span>
     <span class='ocr_line' id='line_1_39' title="bbox 67 3383 1058 3536; baseline -0.012 -81"><span class='ocrx_word' id='word_1_332' title='bbox 67 3395 187 3470; x_wconf 63' lang='lat' dir='ltr'><strong>citaret,</strong></span> <span class='ocrx_word' id='word_1_333' title='bbox 204 3410 259 3456; x_wconf 91' lang='lat' dir='ltr'><strong>vos</strong></span> <span class='ocrx_word' id='word_1_334' title='bbox 270 3391 400 3470; x_wconf 83' lang='lat' dir='ltr'><strong>potestis</strong></span> <span class='ocrx_word' id='word_1_335' title='bbox 411 3389 548 3455; x_wconf 85' lang='lat' dir='ltr'><strong>dubitare</strong></span> <span class='ocrx_word' id='word_1_336' title='bbox 566 3388 640 3465; x_wconf 88' lang='lat' dir='ltr'><strong>quid</strong></span> <span class='ocrx_word' id='word_1_337' title='bbox 656 3387 780 3471; x_wconf 65' lang='lat' dir='ltr'><strong>lecerit?</strong></span> <span class='ocrx_word' id='word_1_338' title='bbox 793 3387 885 3536; x_wconf 55' lang='lat' dir='ltr'><strong>XXll.</strong></span> <span class='ocrx_word' id='word_1_339' title='bbox 902 3383 952 3448; x_wconf 49' lang='lat'><strong>45⁴.</strong></span> <span class='ocrx_word' id='word_1_340' title='bbox 966 3383 1058 3460; x_wconf 74' lang='lat' dir='ltr'><strong>Quem</strong></span> 
     </span>
    </p>
   </div>
   <div class='ocr_carea' id='block_1_7' title="bbox 0 0 1182 3854">
    <p class='ocr_par' dir='ltr' id='par_1_8' title="bbox 0 0 1182 3854">
     <span class='ocr_line' id='line_1_40' title="bbox 0 0 1182 3854; baseline 0 1"><span class='ocrx_word' id='word_1_341' title='bbox 0 0 1182 3854; x_wconf 95' lang='lat' dir='ltr'><strong> </strong></span> 
     </span>
    </p>
   </div>
  </div>
 </body>
</html>
