2356 3854
273 390 516 538 n.rnnnn
545 457 806 543 oronnonrs

102 609 201 702 ιιι
245 619 654 721 senatorio
697 623 991 712 ιιιιιιιιιιι

408 778 672 880 CRATiQ

480 972 600 989 *-

314 1056 735 1156 ,ΑΒαυΜΕΝιυΜ

104 1202 175 1262 Quum
186 1204 250 1267 ¹Sex.
268 1207 393 1269 Roscius,
407 1211 537 1275 municeps
553 1212 687 1263 Amerinus
704 1229 736 1263 ex
752 1214 867 1276 Umbria,
884 1215 960 1267 homo
977 1217 1048 1268 dives

58 1271 227 1335 tsptennidus,
247 1274 318 1324 finita
337 1278 388 1327 iam
409 1281 592 1343 proscriptione
607 1280 725 1342 Sullane,
747 1282 842 1333 Romae
858 1285 955 1335 occisus
971 1293 1047 1348 esset,

58 1350 119 1420 iones
129 1343 180 1392 eins
192 1344 218 1391 in
229 1343 329 1394 tabidas
340 1349 529 1412 proscriptionis
540 1348 646 1399 relatum
658 1357 709 1410 est,
725 1351 792 1401 hena
800 1354 942 1412 venierunt3
959 1353 1048 1415 fllium,

58 1422 91 1457 ex.
106 1409 236 1471 Roscium,
258 1413 363 1462 Erucius
378 1416 497 1477 quidam,
518 1417 669 1467 subornatus
685 1433 701 1467 a
716 1420 744 1470 L.
764 1418 940 1487 Chrysogono,
963 1421 1048 1472 Sullae
1097 1407 1112 1437 ⁸

58 1476 114 1528 herto
122 1515 129 1543 ,
145 1480 188 1541 qui
203 1481 271 1530 hona
286 1490 393 1542 emerat,
415 1491 439 1532 et
453 1484 517 1534 'ritis
533 1485 632 1534 Rosciis
648 1484 769 1550 Capitone
784 1495 808 1537 et
822 1490 929 1556 Magno,
950 1490 1048 1541 Ameri-

58 1545 82 1606 ἵε,
101 1548 208 1596 inimicis
231 1549 316 1598 Roscii
336 1553 429 1612 occisi,
454 1553 497 1615 qui
520 1553 630 1616 praedae
650 1556 787 1619 participes
808 1566 893 1618 erant,
919 1558 1049 1622 parricidii

58 1617 158 1666 cesavit.
193 1615 257 1665 Eum
274 1616 374 1679 Cicero,
391 1623 503 1682 quitum
520 1634 613 1670 annum
628 1623 780 1686 vigesimum
795 1627 931 1687 septimum
947 1626 1048 1690 agebat,
1131 1636 1140 1656 Ι

58 1685 92 1734 nd
110 1685 144 1744 Μ.
160 1684 283 1734 Fannium
301 1695 461 1750 praetorem,
482 1690 526 1750 qui
547 1691 688 1751 quaestioni
708 1691 773 1739 inter
798 1692 902 1740 sicarios
923 1700 1048 1755 praeerat,

58 1769 71 1802 c
88 1754 200 1803 oratione
215 1755 252 1802 ita
268 1753 397 1816 defendit,
419 1764 447 1805 ut
462 1756 598 1805 arimania
614 1755 803 1823 Chrysogonum
819 1766 843 1807 et
858 1759 929 1807 Titos
943 1757 1049 1808 Roscios
1121 1801 1124 1808 .

59 1822 145 1873 iceret.
181 1820 263 1871 Causa
286 1830 342 1872 aeta
366 1832 403 1873 est
423 1825 453 1873 L.
478 1822 592 1872 Cornelio
615 1821 684 1873 Sulla
699 1825 737 1884 ΙΙ,
760 1824 867 1874 Caecilio
890 1823 989 1876 Metello
1003 1825 1048 1876 Pio

58 1905 110 1951 ss.,
130 1891 160 1944 L.
179 1889 249 1940 Sulla
270 1891 404 1952 dictatore,
427 1906 493 1941 anno
516 1906 544 1955 p.
559 1907 584 1943 ιι.
602 1906 623 1943 c.
639 1890 787 1942 DCLXXIV
798 1893 887 1954 Vara,
908 1909 931 1944 a.
948 1892 1005 1946 Chr.
1022 1908 1048 1944 n.

58 1958 121 2009 XX,
163 1960 234 2008 Hane
260 1960 368 2023 primam
395 1962 422 2010 in
440 1960 534 2010 indicio
557 1959 658 2024 publico
685 1962 823 2012 orationem
845 1961 929 2013 Citero
950 1961 1047 2031 hahuit.

58 2029 97 2078 ide
115 2027 242 2077 Ciceronis
261 2027 335 2077 Brut,
359 2045 381 2079 o.
395 2034 430 2083 sd.
451 2030 476 2091 ς.
492 2034 538 2077 tta.
561 2029 674 2078 eiusdem
693 2030 738 2084 lib.
761 2030 792 2080 de
814 2031 903 2095 officiis
922 2033 953 2084 ΙΙ.
973 2046 995 2083 o.
1013 2035 1047 2080 lt.

59 2103 95 2146 si.
112 2095 240 2146 Ptutmchi
254 2097 295 2146 ott.
312 2097 362 2148 otc.
379 2113 401 2148 c.
415 2103 437 2150 a.
456 2096 529 2147 Gellii
544 2096 616 2146 Νοοι.
633 2096 688 2149 Act.
705 2099 749 2149 tib.
763 2099 820 2148 XV.
836 2115 858 2153 e.
873 2097 932 2163 ra.].

58 2300 64 2314 ·
103 2263 174 2326 1.1.
197 2229 303 2326 Credo
328 2282 385 2340 ego
406 2281 480 2337 vos,
508 2263 640 2336 iudices,
667 2262 768 2323 mirari
798 2262 872 2337 quid
895 2262 935 2326 sit
955 2261 1048 2345 quod,

58 2367 117 2410 nm
141 2356 186 2408 tot
207 2350 316 2409 summi
337 2356 473 2421 oratores
495 2347 697 2422 hominesque
717 2344 898 2405 nobilissimi
913 2345 1049 2419 sedeant,

58 2450 78 2493 o
98 2430 293 2507 potissimum
309 2430 507 2504 surrexerim,
524 2430 575 2506 qui
589 2446 690 2506 neque
706 2435 803 2488 aetate
815 2445 916 2504 neque
927 2429 1048 2503 ingenio

61 2531 127 2592 que
152 2515 330 2576 anctoritate
353 2514 410 2575 siin
438 2531 505 2580 cum
530 2513 595 2589 his,
627 2512 679 2588 qui
706 2512 846 2585 sedeant,
872 2529 1049 2586 comparari·
1135 2558 1138 2567 .

58 2617 90 2660 s.
123 2596 234 2658 Omnes
249 2598 295 2671 hi,
316 2614 396 2673 quos
411 2597 522 2658 videtis
537 2598 649 2657 adesse
663 2595 693 2655 in
707 2595 765 2655 hac
781 2611 887 2668 causa,
911 2594 1050 2654 iniuriam

58 2700 105 2743 >vo
128 2683 245 2741 scelere
265 2679 427 2743 conflatam
449 2688 555 2756 putant
569 2687 710 2755 oportere
725 2679 862 2753 defendi,
886 2678 1050 2737 defendere

58 2765 81 2827 si
106 2772 243 2840 propter⁴
255 2763 441 2839 iniquitatem
461 2772 631 2838 temporum
650 2779 712 2822 non
733 2762 854 2822 audent.
897 2761 943 2820 Ita
963 2760 996 2818 fit
1018 2763 1051 2817 ut

58 2848 142 2921 sint,
163 2850 327 2924 propterea
350 2848 433 2922 quod
453 2847 587 2907 officium
607 2854 790 2921 sequuntur,
810 2851 931 2904 taceant
951 2847 1050 2933 autern

58 2932 156 3003 circo,
180 2931 250 3007 quia
272 2929 440 3007 periculum
456 2929 575 2992 vitant·
602 2927 632 2987 2.
657 2927 734 3001 Quid
753 2933 849 3000 ergot
872 2922 1049 2982 Audaersst·

58 3033 92 3077 ns
116 3031 175 3089 ego
196 3031 236 3074 ex
258 3014 420 3075 omnibus?
445 3013 577 3072 Minime.
608 3013 649 3071 At
668 3017 751 3071 tanto
774 3004 942 3067 officiosior
960 3018 1051 3079 qnam

58 3097 162 3161 ,eterit
191 3098 235 3158 Ne
258 3096 346 3157 istius
369 3092 610 3169 quidem-tondis
627 3093 668 3152 ita
682 3109 749 3152 sum
763 3088 908 3163 cupidus,
930 3096 964 3147 ut
982 3087 1050 3148 aliis

58 3200 93 3243 m
116 3188 309 3258 praereptam
321 3179 422 3240 velim.
451 3177 534 3250 Quae
548 3191 596 3234 me
610 3173 700 3248 igitur
713 3189 763 3232 res
778 3179 898 3247 praeter
912 3178 1050 3231 caeteros

58 3265 145 3343 rpnlit
157 3272 191 3325 ut
204 3278 329 3324 causam
339 3262 411 3324 Sex.
421 3258 527 3321 Roscii
540 3256 730 3333 reciperemt
754 3253 844 3328 Quia,
856 3254 883 3316 si
895 3253 963 3329 quis
978 3253 1051 3313 isto-

58 3368 91 3410 m
111 3347 255 3420 dixisset,
277 3362 358 3427 quos
374 3341 626 3414 videtisadesse,
646 3337 801 3415 inquibus
816 3354 934 3403 summa
947 3342 1051 3395 aucto-

58 3447 216 3492 nacitor.
331 3490 335 3495 ,
867 3423 885 3486 l
1022 3516 1108 3584 fl
