2356 3854
88 155 152 229 2⁰8
182 147 183 150 ‘
217 108 222 119 ¹
291 98 294 107 ¹
388 147 508 215 raon.
523 147 649 208 snum
664 145 815 207 annno.
847 167 848 171 κ

88 304 148 364 hoc
160 315 299 376 regnare,
317 314 410 373 quum
424 313 530 358 verum
546 296 661 375 iuratus
679 293 774 371 dicas,
794 298 948 372 probare„
965 297 1043 359 Deh

32 423 37 435 =
89 392 266 462 spotantum
277 380 362 454 dico,
384 381 483 441 nullas
504 396 677 459 ame-opes
693 381 724 439 Ρ.
741 379 870 453 Sullam,
885 381 1043 456 nullampt

88 464 248 540 tiammihil
261 463 393 538 denique
410 472 530 538 praeter
544 464 634 523 fidem
648 462 839 525 detensionis
854 472 1043 538 exspectare.

88 549 153 612 Nisi
167 558 209 620 tu,
221 546 326 622 inquit,
341 550 464 620 causam
479 547 662 622 recepisses
681 563 845 622 numquam
859 546 935 607 mihi
950 546 1043 607 restiti

1 699 6 712 ,
90 633 147 694 sed
160 631 274 703 indicta
288 646 382 691 causo
395 629 591 704 profugisset.
626 628 658 688 Si
674 628 733 689 iam
746 629 876 708 tibihoc
891 631 1043 690 concedan

78 709 294 784 ‘'Hortensium,
308 721 391 773 tanta
402 712 550 788 gravitate
564 710 726 786 hominem,
743 712 779 784 si,
794 712 852 774 hos
867 715 947 774 tates
964 712 1043 774 viros

90 815 150 867 suo
165 807 246 859 stare
249 795 382 869 iudicio,
400 796 456 855 sed
471 812 555 856 meo:
578 812 604 854 st
596 793 674 855 hoc
690 795 744 857 tibi
758 796 839 868 dem,
857 796 943 870 quod
959 795 1040 856 credi

91 887 203 957 potest,
219 878 278 939 nisi
293 895 350 954 ego
366 870 437 938 huic
450 879 602 949 adessem,
609 878 736 938 host
682 880 736 938 adt
735 885 841 939 uturos
856 895 919 939 non
935 878 1040 950 fuisse,

92 965 212 1026 tandem
227 977 284 1022 rex
298 969 354 1035 est,
370 961 445 1034 isne,
466 961 515 1021 cui
530 959 708 1023 innocentes
715 956 863 1042 'homines
885 978 948 1025 non
970 961 1043 1022 rosis

92 1065 129 1107 an
146 1046 188 1120 is,
215 1044 267 1121 qui
294 1045 488 1104 calamitosos
503 1060 570 1104 non
579 1043 714 1104 deserit?
741 1032 1043 1118 Athicetiam,1d‹

93 1130 215 1190 minime
228 1126 281 1188 tibi
293 1143 422 1186 necesse
438 1127 508 1199 tuit,
527 1129 654 1192 facetus
658 1144 729 1187 esse
740 1127 866 1188 νοιιιίει”
842 1136 873 1200 ιι,
891 1145 987 1202 quum
1001 1128 1043 1186 To

91 1212 174 1277 nium
192 1219 222 1272 et
230 1210 357 1270 Numam
372 1216 402 1270 et
413 1226 461 1270 me
471 1209 588 1270 tertium
601 1211 793 1286 peregrinum
807 1227 912 1285 regem
924 1228 998 1271 esse
1014 1210 1041 1272 di

91 1293 208 1354 Mitto'
200 1280 260 1353 ia'm
279 1292 319 1355 de
339 1308 412 1366 rege
428 1308 591 1366 quaerere
613 1293 685 1353 iilud
702 1309 830 1368 quaero,
856 1294 1043 1368 peregrinum

92 1392 227 1443 maesse
242 1373 366 1436 dixeris.
408 1374 523 1434 Nam'
499 1393 526 1435 ει
541 1375 582 1436 ita
596 1392 678 1450 sum,
700 1394 760 1437 non
777 1387 837 1441 tam
853 1385 901 1437 est
915 1377 1043 1436 admiror

92 1475 194 1535 regern
216 1473 264 1519 me
286 1474 374 1530 esse,
399 1456 557 1534 quoniam,
579 1467 612 1519 ut
627 1467 660 1519 tu
677 1459 737 1531 ais,
758 1459 846 1520 etiam
867 1460 1043 1535 peregriniu

92 1544 208 1603 Romae
229 1542 362 1614 fuerunt,
384 1557 474 1616 quam
498 1543 653 1605 consulem
667 1543 782 1602 Rornae
803 1544 899 1603 fuisse
921 1543 1041 1618 peregri

92 1625 144 1688 23.
167 1625 234 1686 Hoc
249 1622 328 1695 dico,
346 1623 451 1699 inquit,
466 1631 496 1690 te
511 1641 581 1685 esse
596 1642 636 1685 ex
651 1624 824 1699 municipio.
861 1624 986 1697 Fateor,
999 1635 1028 1686 et

95 1707 185 1769 etiam
200 1722 292 1775 exeo
308 1707 483 1783 municipio,
501 1709 583 1769 unde
596 1707 701 1769 iterum
718 1709 777 1767 iam
800 1710 883 1768 salus
904 1709 978 1768 huic
992 1709 1043 1769 urb

93 1792 243 1866 perioque
262 1789 357 1859 missa
373 1798 430 1852 est.
453 1790 515 1853 Sed
530 1791 608 1851 scire
624 1808 663 1851 ex
685 1800 720 1852 te
735 1790 881 1865 pervelim
898 1808 992 1866 quam
1007 1792 1043 1851 ob

95 1874 148 1951 qui
158 1891 197 1934 ex
206 1872 380 1948 municipiis
394 1873 515 1935 veniant
531 1873 683 1949 peregrini
693 1873 747 1934 tibi
759 1890 831 1935 esse
842 1873 1013 1937 videantur.
1031 1875 1043 1932 i

93 1958 171 2018 istuc
194 1958 234 2015 M.
256 1955 298 2015 ilii
315 1955 421 2016 Catoni
443 1957 523 2029 seni,
549 1974 642 2032 quum
661 1955 807 2032 plurimos
827 1956 956 2018 haberet
979 1956 1043 2016 inin

94 2055 184 2100 nomo
200 2038 243 2098 Ti.
256 2040 454 2109 Coruncanio,
472 2057 560 2100 nemo
575 2041 625 2099 Μ’.
641 2040 739 2114 Curio,
754 2056 843 2099 nemo
858 2040 930 2100 huic
947 2040 1006 2115 ipsi
1021 2058 1043 2098 n·

95 2121 127 2182 G.
144 2121 250 2192 Mario,
268 2138 360 2194 quum
378 2120 406 2180 ei
420 2122 503 2182 multi
518 2122 695 2195 inviderent,
712 2122 824 2184 obiecit
838 2140 992 2198 umquam.
1033 2123 1043 2180 1

96 2204 164 2265 dem
176 2205 372 2265 vehementer
381 2205 477 2265 laetor
488 2223 557 2265 eum
571 2223 642 2268 esse
654 2223 712 2278 me,
723 2207 863 2282 imquem
873 2217 912 2278 tu,
928 2224 1021 2282 quum
1032 2222 1043 2264 ι

94 2304 155 2362 res,
172 2289 284 2347 nuliam
300 2287 510 2348 contumeliam
527 2288 627 2349 iacere
641 2289 786 2365 potueris
803 2306 883 2363 quae
898 2306 961 2350 non
978 2290 1043 2350 adn

37 2392 42 2404 ·
95 2387 174 2430 mam
197 2378 315 2445 partem
335 2370 446 2431 civium
464 2373 651 2433 conveniret.
693 2374 772 2433 Vlll.
796 2373 856 2432 Sed
880 2383 981 2434 tamen
999 2381 1043 2432 te:

96 2468 151 2526 pro
173 2454 290 2526 magnis
312 2453 414 2514 causis
438 2463 560 2516 nostrae
580 2455 816 2516 necessitudinis
843 2457 1029 2516 monendum

72 2533 187 2595 setiam
202 2544 294 2609 atque
308 2536 398 2596 etiam
415 2546 498 2610 puto.
540 2537 604 2599 Non
627 2548 757 2613 possunt
777 2555 883 2599 omnes
903 2557 975 2600 esse
996 2545 1042 2615 pat

96 2617 123 2677 si
137 2634 242 2677 verum
259 2621 389 2694 quaeris,
402 2636 440 2679 ne
453 2627 559 2680 curant
570 2621 707 2696 quidem:
723 2638 780 2681 nec
795 2639 829 2682 se
841 2626 988 2697 aequales
1002 2620 1041 2682 tui

96 2707 163 2787 pter
179 2699 277 2765 istam.
283 2718 407 2761 causam
422 2703 478 2764 abs
493 2712 522 2765 te
539 2704 646 2765 anteiri
664 2713 778 2779 putant.
822 2701 872 2764 24.
896 2708 944 2766 Ac
962 2724 989 2766 s1
981 2705 1043 2765 tib

97 2783 249 2858 peregrini
265 2783 418 2860 videmur,
441 2801 569 2860 quorum
584 2787 642 2847 iam
661 2804 771 2848 nomen
787 2794 818 2848 et
833 2788 934 2848 honos
950 2789 1043 2848 invete

97 2877 127 2928 et
142 2867 208 2927 urbi
224 2866 293 2927 huie
308 2876 338 2928 et
353 2868 508 2930 hominum
523 2872 620 2930 famae
635 2887 670 2930 ac
687 2870 904 2944 sermonibuS,
920 2889 1009 2948 quam
1024 2869 1042 2928 ti

97 2953 144 3011 ios
161 2950 376 3025 competitores
393 2961 462 3013 tuos
472 2953 649 3027 peregrinos
665 2953 758 3012 videri
775 2970 906 3015 necesse
922 2950 1044 3028 erit'qui

86 3050 136 3094 ¹eu
150 3043 212 3095 tota
235 3033 320 3094 Italia
339 3036 447 3097 delecti
469 3045 568 3096 tecum
582 3037 622 3095 de
636 3037 752 3097 honore
774 3053 810 3096 ac
827 3039 867 3097 de
884 3037 967 3097 omni
984 3034 1043 3109 dign

98 3118 296 3185 contendente
319 3136 447 3195 quorum
464 3126 496 3179 tu
513 3136 588 3179 cave
609 3136 791 3194 quemqnam
813 3112 1043 3195 peregrinum‘n

98 3196 158 3268 ies,
179 3217 217 3260 ne
237 3201 466 3276 peregrinorum
493 3202 646 3277 suffragiis
667 3204 806 3265 obrucre.
851 3204 907 3277 Qui
930 3205 956 3264 si
977 3198 1043 3262 attut

99 3293 211 3342 nervos
228 3292 259 3344 et
272 3284 460 3358 industriam,
475 3285 546 3345 mihi
563 3287 662 3357 crede,
679 3286 834 3348 excutient
849 3288 900 3347 tibi
916 3287 1000 3347 istum
1013 3294 1042 3340 ve

98 3375 164 3420 rmn
188 3363 378 3429 iactationem
401 3377 432 3428 et
450 3375 480 3429 te
495 3384 534 3427 ex
557 3384 665 3429 somno
686 3386 781 3444 saepe
802 3369 976 3430 excitabunt
994 3376 1039 3427 net
