2356 3854
46 178 50 183 ’
108 174 168 263 'aa
349 192 433 254 mc.
450 192 612 252 vanarum
626 191 709 249 nor.
728 193 764 251 n.
781 193 851 252 nm.
867 194 919 254 1v.
979 264 982 268 ,

125 345 200 407 lani=
213 346 252 407 de
265 360 324 418 qua
337 341 436 418 priore
448 341 566 401 actione
579 349 672 401 testes
680 340 781 400 dicere
792 340 921 403 audistis
931 366 939 397 ι
951 361 1034 407 nunc
1043 349 1130 409 eaden

123 430 190 500 illa,
207 441 339 501 quaeso,
354 423 454 484 audite
471 432 500 482 et
517 423 683 501 diligenter,
701 422 779 482 sicut
793 423 894 483 adhuc
910 425 1040 501 lecistis,
1055 438 1130 491 atlon·

125 511 195 572 dite.
218 507 287 570 103.
304 508 402 567 lnsula
419 514 466 565 est
481 505 589 577 Melita,
606 504 736 575 iudices,
755 505 828 565 satis
842 507 903 567 lato
918 523 938 566 a
957 507 1063 569 Sicilia
1073 513 1131 572 marl

125 592 363 668 periculosoque
374 587 519 651 diiuncta:
549 587 655 662 imqua
670 596 717 646 est
728 588 836 647 eodem
851 590 977 651 nomine
991 592 1130 666 oppidum

123 691 185 750 quo
201 676 259 734 iste
276 687 438 749 numquam
453 669 597 730 accessitr
620 670 703 744 quod
720 678 819 729 tamen
840 670 890 731 isti
912 673 1080 734 textrinum
1091 672 1150 751 p'er·

124 756 282 818 triennium
296 755 336 814 ad
349 753 523 814 muliebrem
536 760 650 812 vestem
662 751 881 816 conficiendam
893 755 960 815 luit.
983 756 1035 817 Ab
1046 773 1082 817 eo
1091 774 1132 835 op
1168 820 1173 829 ,

122 840 195 916 pido
210 854 275 909 non¹
287 840 377 911 longe
392 835 420 894 in
435 833 640 909 promontorio
653 835 753 894 lanum
771 842 817 895 est
831 835 958 897 lunonis
976 834 1133 915 'antiquum

123 923 206 997 quod
220 930 300 983 tanta
317 918 461 992 religione
477 932 596 991 semper
613 915 681 985 luit,
705 925 737 976 ut
758 933 818 975 non
832 919 924 997 modo
945 919 1008 981 illis
1027 922 1132 985 Punico

120 1004 217 1077 bellis,
233 1002 355 1078 quaein
371 999 417 1060 his
430 1001 492 1059 lere
506 998 582 1059 locis
594 997 692 1058 navali
710 998 798 1073 copia
812 1008 899 1074 gesta
915 1002 1133 1076 atque'versala

121 1094 199 1157 sunt,
217 1083 376 1145 sedetiam
397 1081 453 1140 hac
471 1083 657 1155 praedonum
675 1080 862 1141 multitudine
879 1099 1007 1160 semper
1022 1085 1131 1149 inviolo

120 1175 392 1239 transuectumque
408 1163 504 1223 luerit.
536 1164 612 1238 Quin
628 1162 717 1223 etiam
732 1163 791 1223 hoc
806 1165 973 1227 memoriae
991 1170 1131 1245 proditum

120 1259 176 1320 est,
189 1251 288 1308 classe
301 1246 453 1320 quondam
464 1245 645 1306 Masinissae
659 1245 740 1321 regis
757 1247 796 1305 ad
807 1264 876 1307 eum
887 1249 993 1311 locum
1002 1255 1130 1329 appulsu,

119 1332 305 1406 praelectum
319 1328 553 1402 regium'dentes
567 1329 727 1401 eburneos,
742 1328 911 1390 incredibili
925 1334 1131 1411 magnitudine,

21 1476 24 1493 ,
119 1414 221 1474 elano
243 1410 403 1473 sustulisse
421 1418 451 1469 et
475 1426 529 1470 eos
546 1408 576 1471 in
592 1410 723 1470 Africam
742 1420 881 1485 portasse
895 1413 1131 1495 Masinissaeque

118 1495 263 1555 donasse.
293 1495 406 1566 Regem
418 1493 520 1566 primo
536 1487 714 1571 delectatum
731 1510 801 1553 esse
816 1511 959 1559 munere:
982 1492 1070 1574 posi,
1090 1498 1131 1563 ubi

117 1576 255 1638 audisset
267 1577 347 1637 unde
364 1583 481 1648 essent,
497 1574 594 1636 statim
609 1583 708 1636 certos
725 1575 864 1637 homines
884 1577 916 1637 in
931 1580 1131 1659 quinqueremi

117 1659 239 1721 misisse
255 1657 306 1734 qui
324 1674 378 1719 eos
390 1659 496 1719 dentes
510 1666 700 1732 reponerent.
720 1659 824 1732 ltaque
835 1659 865 1719 in
881 1659 919 1721 iis
935 1663 1083 1741 scriptum
1095 1665 1131 1727 lit·

35 1752 38 1757 '
115 1743 189 1804 teris
202 1740 323 1802 Punicis
338 1739 406 1801 luit:
429 1757 528 1800 aranu
543 1741 735 1801 Musmrssuu
751 1757 959 1804 rnnaunuurau
973 1740 1132 1821 accurissr,

116 1841 154 1885 nu
169 1841 295 1886 comum
309 1840 519 1884 eunomianos
537 1839 675 1883 cuanssr.
704 1824 776 1883 Erat
793 1834 953 1898 praeterea
967 1844 1080 1907 magna
1093 1829 1131 1890 vis

116 1908 229 1981 eboris,
243 1907 336 1966 multa
347 1914 531 1977 ornamenta,
541 1908 577 1975 ,in
593 1906 702 1981 quibus
718 1907 869 1967 eburneae
883 1909 1052 1986 Victoriae,
1066 1911 1131 1974 anti

115 2004 178 2063 quo
197 2004 291 2063 opere
308 2003 344 2047 ac
359 2003 475 2049 summa
489 1996 552 2059 arte
567 1990 728 2062 perlectae.
760 1986 830 2049 104.
851 1991 934 2052 Haeo
954 1992 1016 2061 iste
1033 1988 1132 2068 omnia,

115 2086 154 2129 ne
172 2069 271 2130 multis
292 2085 405 2141 morer,
426 2087 487 2129 uno
508 2069 622 2144 impetu
642 2079 733 2146 atque
753 2088 814 2132 uno
830 2073 943 2135 nuncio
959 2093 1018 2150 per
1032 2094 1131 2141 servos

113 2151 275 2225 Venerios,
292 2167 370 2227 quos
386 2150 451 2220 eius
466 2150 509 2211 rei
524 2167 618 2212 causa
631 2154 761 2224 miserat,
776 2155 910 2215 tollenda
924 2166 1130 2241 atqueaspor
1167 2208 1173 2239 ,

113 2236 204 2297 tanda
220 2234 343 2295 curavit.
1169 2284 1173 2291 -

195 2318 311 2383 XLVII.
327 2317 384 2378 Pro
400 2314 431 2375 di
444 2315 642 2377 immortales!
660 2333 749 2392 quem
764 2334 821 2392 ego
836 2319 991 2387 hominem
1006 2324 1132 2387 accusot
1171 2398 1173 2403 Ι

113 2416 203 2474 quem
219 2399 336 2474 legibus
350 2408 402 2460 aut
415 2397 547 2459 iudiciali
562 2399 626 2459 iure
641 2408 830 2477 persequor?
852 2402 890 2462 de
909 2423 971 2479 quo
990 2423 1050 2469 vos
1070 2423 1131 2470 sen·
1171 2440 1173 2445 ·

114 2483 236 2542 tentiam
257 2499 312 2556 per
333 2483 472 2542 tabellam
490 2482 613 2543 leretis‘l
644 2483 752 2544 Dicunt
773 2483 864 2556 legati
882 2485 1063 2551 Melitenses
1083 2507 1131 2567 pu·

112 2563 200 2635 blico,
217 2563 378 2637 spoliatum
393 2566 533 2638 templum
545 2565 761 2627 esselunonis=
776 2564 850 2625 nihil
864 2565 956 2628 istum
971 2570 1003 2632 in
1019 2571 1131 2651 religio·

109 2644 233 2706 sissimo
251 2647 320 2706 lano
332 2645 501 2720 reliquisse,
515 2664 604 2722 quem
615 2647 644 2708 in
657 2649 753 2709 locum
767 2649 883 2708 classes
894 2649 1032 2715 hostium
1044 2669 1131 2731 saepo

112 2727 306 2800 accesserint,
322 2727 371 2786 ubi
387 2728 500 2802 piratae
513 2730 575 2790 lere
591 2729 752 2804 quotannis
764 2729 897 2792 hiemare
909 2737 1043 2812 soleant,
1055 2736 1130 2815 quod

110 2827 210 2887 neque
226 2811 339 2886 praedo
353 2810 509 2872 violaverit
524 2821 591 2872 ante
606 2828 706 2887 neque
719 2830 859 2887 umquam
874 2809 974 2878 hostis
996 2818 1129 2897 attigerit,

110 2893 143 2954 id
156 2895 194 2954 ab
210 2911 270 2956 uno
286 2891 344 2953 isto
362 2891 406 2952 sic
428 2893 587 2967 spoliatum
608 2903 692 2968 esse,
717 2903 750 2955 ut
772 2894 844 2953 nihil
868 2899 992 2961 omnino
1012 2903 1053 2963 sit
1068 2902 1128 2963 reli·
1171 2904 1173 2909 '

109 2986 198 3038 ctum.
219 2976 274 3039 Hic
291 2991 370 3037 nunc
384 2975 441 3035 iste
451 2974 525 3037 'reus
542 2985 592 3038 aut
607 2993 663 3051 ego
678 2985 837 3037 accusator
851 2988 903 3039 aut
917 2980 1127 3046 hoc-iudicium

109 3060 330 3132 appellabiturt
352 3056 530 3119 Criminibus
547 3059 626 3119 enim
642 3059 813 3135 coarguitur
827 3069 879 3120 aut
900 3066 1127 3138 suspicionibus

108 3138 138 3198 in
153 3138 294 3202 iudicium
309 3149 444 3202 vocatur.
467 3142 503 3201 Di
524 3141 628 3214 ablati,
652 3142 721 3201 lana
735 3150 858 3212 vexata,
886 3147 1021 3209 nudatae
1041 3150 1126 3210 urbes

106 3221 313 3294 reperiuntur:
334 3240 436 3285 earum
457 3234 556 3286 autem
573 3241 673 3285 rerum
690 3225 798 3285 nullam
815 3223 873 3284 sibi
890 3226 947 3287 iste
971 3247 1074 3308 neque
1087 3233 1124 3290 in·

106 3301 221 3364 fitiandi
241 3304 386 3366 rationem
401 3323 500 3382 neque
518 3306 699 3368 defendendi
720 3307 890 3366 facultatem
906 3311 1045 3386 reliquit:
1068 3329 1119 3374 om·
1169 3312 1173 3325 '

105 3383 195 3447 nibus
209 3385 238 3446 in
254 3381 345 3447 rebus
361 3389 532 3464 coarguitur
546 3407 563 3449 a
578 3405 633 3461 me,
650 3387 868 3455 convincitura
884 3391 1024 3469 testibus,
1039 3409 1118 3471 urge
1169 3394 1173 3403 '
