2356 3854
340 497 424 548 cicere
442 512 474 546 ex
495 498 582 546 itinere
604 498 630 546 in
649 496 778 548 Graeciam
795 496 923 545 stisiam
940 497 1072 545 revertitur
1124 542 1127 549 ,

306 573 330 615 et
345 565 484 615 Terentiam
500 579 604 614 uxerem
618 565 696 614 ducit.
1110 594 1145 682 31

339 702 366 750 iu
377 701 498 767 ffispania
514 701 635 750 adversus
650 699 787 750 Sertorium
802 700 921 749 acerrime
937 707 1071 764 pugnatur.

339 768 424 819 Cicera
448 781 538 818 causas
556 767 697 833 complures
719 770 745 817 in
763 768 817 818 inre
840 769 909 832 agit,
935 767 961 815 in
982 768 1071 832 primis

305 837 442 887 craticnmn
458 836 533 886 hahet
549 851 595 900 pro
607 837 697 887 doado
718 833 863 887 Gcrrmcdo.²
881 834 977 885 Deinde
993 850 1070 897 quae-

303 913 398 955 sturam
413 912 516 970 petens,
538 905 564 953 in
576 901 689 954 ‘comitiis
706 904 807 953 tributis
828 902 922 953 cunctis
943 901 1071 968 suffragiis

305 983 422 1035 quaestor
439 973 490 1020 titt
1172 1008 1177 1021 .

256 1039 263 1050 ‘
305 1041 376 1092 (loss.
411 1040 445 1090 L.
463 1038 586 1100 Octavius,
605 1039 633 1090 0.
651 1039 771 1090 Aureliae
786 1039 865 1090 Cotta.
1109 1033 1147 1089 32

339 1107 425 1159 Cicero
454 1116 572 1169 quaestor
594 1108 620 1156 in
644 1106 730 1158 Sicilia
753 1106 929 1173 lilybaetanus
954 1114 1071 1172 praetore

305 1175 364 1226 Sex.
381 1175 538 1226 Peducaeo.⁴

144 1241 195 1296 680
237 1238 271 1292 74
306 1243 376 1294 Coss.
411 1244 444 1294 L.
465 1243 578 1295 Licinias
595 1243 722 1304 Lumdlua
740 1244 780 1294 M.
800 1242 920 1293 Aurelius
935 1241 1014 1294 Getta
1109 1236 1145 1290 33

338 1313 371 1361 Μ.
391 1312 515 1362 Antonius
534 1310 658 1371 Creticus,
680 1312 714 1363 M.
731 1311 854 1360 triumviri
874 1320 946 1375 pater
963 1311 1070 1360 curatio-

305 1395 361 1431 nem
379 1395 438 1431 crac
453 1381 592 1431 maritimae
607 1388 695 1430 nactus
713 1378 826 1430 Siciliam
843 1378 954 1442 aliasque
970 1381 1070 1443 pruvin-

305 1450 356 1500 cias
373 1449 553 1514 depopulatur,
572 1448 663 1498 deinde
679 1447 838 1498 Cretensibus
855 1446 921 1497 bellu
937 1445 1021 1508 illato,
1043 1462 1070 1499 re

305 1517 369 1565 male
387 1526 459 1582 gesta
476 1516 589 1566 moritur.

339 1583 425 1635 Cicero
443 1600 476 1634 ex
494 1592 627 1647 quaestura
644 1583 770 1634 Siciliensi
786 1585 820 1634 ad
835 1581 924 1634 Urbem
940 1584 1028 1633 redit.⁶

144 1649 192 1704 681
238 1646 268 1697 73
306 1650 376 1702 Coss.
418 1652 458 1702 M.
486 1651 616 1702 Terentius
640 1655 726 1703 Varro
752 1652 885 1712 Lucullus,
915 1651 943 1702 0.
969 1652 1070 1703 Careias
1108 1641 1143 1694 34

382 1750 385 1757 ‹
408 1722 504 1772 Varus.

325 1789 365 1837 'In
392 1789 464 1839 Italia
487 1788 580 1839 bellum
603 1805 619 1838 a
649 1790 831 1855 gladiatoribus
858 1789 980 1837 excitatur
1006 1774 1075 1838 duce

304 1854 431 1920 Spartaco.
472 1859 502 1908 L.
526 1857 647 1908 Lucullus
669 1857 762 1909 bellum
790 1864 876 1907 contre
898 1855 1069 1907 Mithridatem

142 1987 193 2041 n
235 1982 268 2034 ῃ
303 1935 376 2040 tt:
409 1993 928 2056 a.
1105 1981 1137 2036 a

405 2061 548 2111 Gudianus.

337 2126 455 2177 Lucullus
466 2127 635 2178 Mithridatem
648 2128 675 2177 in
686 2129 791 2178 Pontum
805 2131 969 2194 persequitur.
991 2128 1068 2194 Spar-

303 2203 373 2246 tacus
390 2205 523 2259 utrumque
539 2197 666 2246 consulem
682 2197 778 2262 prcclic
797 2198 880 2246 vincit.
1161 2212 1166 2221 ·

304 2261 373 2314 coss.
404 2265 451 2382 ga.
471 2264 586 2327 amna
607 2263 720 2327 orem,
744 2266 778 2316 Ρ.
799 2265 928 2317 emaum
950 2263 1069 2315 cenatus
1105 2248 1139 2306 36

384 2372 387 2377 .
424 2349 481 2386 nra.

336 2400 493 2452 Mithridates
510 2403 544 2452 ad
560 2417 680 2467 generum
696 2417 770 2452 suum
785 2401 918 2468 Tigranem
935 2401 961 2451 in
978 2403 1067 2451 Arme-

302 2469 369 2518 niam
391 2470 465 2534 iugit.
501 2470 636 2534 Spartacus
660 2487 676 2520 a
692 2470 725 2522 M.
749 2471 847 2521 Licinis
868 2469 977 2520 Crassc⁶
995 2484 1067 2534 prae·

301 2544 354 2585 tore
378 2538 473 2603 proelio
496 2541 578 2589 victus
600 2541 675 2604 perit.
709 2540 827 2589 Extremo
849 2553 914 2588 annu
933 2537 1068 2603 Pompeius
1135 2594 1145 2609 .

301 2605 408 2670 Magnus
422 2606 488 2657 belle
504 2605 646 2657 Sertoriano
662 2607 776 2658 coniecta
792 2623 825 2657 ex
840 2607 961 2671 Hispania
978 2606 1066 2665 redux,

301 2673 391 2723 deletis
407 2674 521 2738 reliquiis
538 2675 714 2740 gladiatorum,
733 2674 893 2740 triumphat*

139 2726 193 2782 ⁶84
233 2725 266 2779 7⁰
301 2738 372 2790 θοις.
408 2743 453 2793 Ua.
472 2744 603 2806 Poapeus
619 2743 743 2809 Menneu,
763 2742 802 2793 M.
822 2743 934 2793 Licinias
950 2742 1068 2793 Craterus
1104 2723 1138 2780 37

335 2807 420 2860 Cicera
431 2810 521 2861 aeddis
535 2813 691 2877 designatus,
705 2810 845 2862 Sicularum
857 2811 996 2878 patrocinio
1011 2823 1067 2858 sus·
1160 2831 1173 2855 .=

300 2884 387 2940 cepta,
404 2877 432 2928 0.
442 2879 560 2940 Verrem,
577 2882 621 2942 qui
634 2880 746 2930 Siciliam
761 2881 917 2945 provinciam
931 2894 977 2945 per
990 2880 1066 2927 trien-

300 2945 368 2994 nium
386 2947 481 3011 rapinis
497 2956 522 2998 et
540 2947 687 2998 crudelitate
704 2956 854 3008 vexaverat,
873 2946 1067 3014 repetundarum

297 3013 452 3077 postulatum
476 3016 503 3063 in
525 3016 647 3065 iudicium
671 3018 769 3066 vccal.⁸
806 3015 848 3066 Ac
869 3019 943 3067 istam
965 3027 1067 3066 cansam

326 3208 345 3254 l)
364 3207 392 3248 de
406 3209 452 3253 Fir.
468 3209 495 3254 ll.
511 3210 546 3254 28.
561 3213 620 3253 extr.
663 3210 686 3260 2)
707 3209 734 3251 de
749 3210 829 3252 Rosclc
845 3208 885 3252 cir.
901 3208 928 3249 dc
943 3208 982 3252 or.
998 3209 1015 3249 Ι.
1029 3207 1065 3252 28.

296 3259 345 3300 val.
361 3261 421 3305 Max.
437 3261 493 3306 Vlll.
507 3265 528 3306 7.
556 3263 578 3316 3)
592 3265 654 3308 Brut.
668 3263 704 3306 un.
720 3264 742 3305 ln
756 3265 802 3307 Pu.
815 3264 835 3306 1.
867 3266 889 3312 ll)
904 3263 1023 3304 luVemn
1037 3261 1065 3305 ll.

296 3311 323 3356 V.
341 3312 372 3358 tt.
388 3314 453 3359 Tunc.
468 3316 495 3361 V.
510 3317 544 3361 Ἀ.
579 3317 601 3369 ll)
615 3326 657 3370 pro
671 3314 798 3361 rimae
828 3314 913 3366 llicit.
929 3317 951 3357 iu
965 3315 1013 3359 ru.
1028 3315 1065 3358 2⁴.

295 3364 386 3462 'threni
395 3378 435 3461 ⁹:⁸3⁰
448 3367 498 3422 lege
513 3369 572 3414 Man.
590 3371 623 3414 ll.
638 3378 678 3423 pre
693 3368 754 3413 sut.
769 3369 804 3413 dl.
838 3368 861 3420 ll)
876 3369 958 3412 Brutus
970 3364 1007 3414 ss.
1022 3367 1064 3411 cit.
