2356 3854
291 168 517 231 onaan-aa.
538 175 709 255 §.ea-eet
945 133 948 138 ’
982 172 1026 243 aa
1055 226 1059 231 .

70 335 114 376 nm
141 333 200 391 ego
226 312 353 383 forsitan
377 327 501 393 propter
526 316 743 379 multitudinem
769 330 962 395 patronorum
993 321 1023 379 in

70 417 93 466 :e
109 401 306 459 adnumerata
320 406 349 459 tc
364 416 465 474 pugna
481 400 648 483 Cannensis
671 413 880 464 accusatorem
902 411 949 463 sat
968 403 1022 462 bo·

70 507 72 541 l
95 482 174 542 fecit.
223 482 334 543 lllnltos
347 498 456 542 caesos
473 500 534 543 non
549 484 589 542 ad
602 484 808 556 „Trasimenum
829 488 945 558 lacum,
967 487 1024 545 sed

70 565 219 625 lervllium
232 565 372 625 vidimus.
405 563 456 625 90.
480 567 550 637 Quis
563 566 605 626 ibi
616 585 674 628 non
687 576 731 629 cst
748 564 918 632 uulneratus
932 563 1024 640 'ferro

70 646 155 722 lob?
187 650 254 707 Non
282 664 411 709 necesse
433 658 480 709 est
502 654 609 711 omnes
630 665 866 713 commemorare
889 652 1022 722 Curtios,

70 732 128 802 ins,
157 731 330 805 deniquei
359 732 539 805 Mammeos,
563 749 643 807 quos
664 731 722 792 iam
745 744 829 794 aelus
853 752 872 794 a
898 733 1025 807 proeliis

70 815 159 886 sabat,
174 815 487 887 postremoPrlamum
503 815 602 889 ipsum
617 831 730 887 senem,
743 816 914 887 Antistium,
933 832 1023 891 quem

80 899 172 957 modo
189 905 289 968 aetas,
307 897 462 958 sedetiam
478 899 562 972 leges
575 914 711 972 pugnare
724 899 931 972 prohibebant.
961 901 1025 957 lam

70 996 81 1037 s
108 997 197 1040 nemo
227 989 352 1054 propter
381 980 597 1055 ignobilitatem
624 982 757 1042 nominat
780 981 913 1041 sescenti
938 989 1025 1052 sunt,

72 1062 148 1122 inter
168 1063 297 1130 sicarios
319 1072 348 1123 et
373 1065 412 1124 de
432 1063 591 1123 veneficiis
611 1065 810 1124 accusabant:
834 1064 886 1139 qui
908 1076 1027 1134 omnes,

70 1147 85 1204 d
105 1146 144 1204 ad
165 1162 213 1204 me
237 1146 355 1220 attinet,
379 1149 486 1206 uellem
506 1146 651 1206 viverent.
684 1146 761 1205 Nihil
785 1147 864 1206 enim
888 1145 956 1205 mali
978 1153 1029 1204 est

70 1243 95 1287 es
108 1228 148 1287 ibi
164 1246 255 1302 quam
269 1229 415 1302 plurimos
429 1245 514 1299 esse,
529 1229 581 1289 ubi
597 1230 734 1304 permulti
749 1229 933 1290 observandi
950 1228 1024 1286 mul-

70 1313 262 1371 reservanda
283 1320 361 1372 sunt.
392 1310 442 1373 et.
476 1313 605 1383 Verum,
621 1322 654 1373 ut
670 1313 719 1384 fit,
739 1315 831 1372 mulla
852 1329 947 1386 saepe
970 1312 1024 1370 im-

70 1394 200 1453 lentibus
223 1394 454 1469 Imperatorlbus
474 1394 522 1454 vis
538 1396 607 1455 belli
624 1412 660 1455 ac
675 1397 763 1456 turba
782 1395 912 1455 molitur.
947 1397 1026 1454 llum

70 1476 156 1536 taliis
171 1478 264 1537 rebus
280 1488 344 1537 erat
362 1484 544 1552 occupatus,
568 1472 619 1552 qui
639 1495 787 1538 summam
808 1494 908 1538 rerum
929 1475 1026 1537 admi-

70 1560 160 1632 ·abat,
178 1568 263 1619 erant
276 1561 389 1619 interea
402 1561 453 1635 qui
472 1560 536 1620 suis
546 1561 723 1621 vulneribus
736 1563 943 1631 mederentur;
963 1559 1031 1634 qni,

70 1643 206 1725 quamsi
227 1642 329 1702 offusa
349 1643 394 1702 rei
415 1644 555 1718 publicae
577 1645 760 1718 sempiterna
780 1660 842 1703 nox
864 1651 961 1714 esset,
984 1642 1026 1701 ita

70 1734 128 1784 nant
141 1725 179 1783 'in
194 1726 328 1785 tenebris
343 1727 506 1799 omniaque
522 1727 700 1786 miscebant.
734 1730 761 1786 A
784 1725 896 1798 quibus
916 1725 1022 1793 miror,

70 1810 136 1882 quod
151 1807 330 1868 iudiciorum
352 1817 435 1868 esset
454 1802 629 1881 vestigium,
650 1825 710 1868 non
734 1807 880 1868 subsellia
901 1820 1027 1880 quoque

70 1892 261 1951 combusta:
285 1908 355 1951 nam
375 1898 404 1950 et
423 1899 619 1949 accusatores
640 1899 670 1950 et
692 1891 809 1951 iudices
830 1890 1025 1949 sustulerunt.

89 1973 242 2055 commodi
259 1983 321 2046 est,
349 1974 432 2049 quod
451 1973 491 2032 ita
505 1973 660 2045 vixerunt,
683 1981 716 2033 nt
732 1982 825 2033 testes
848 1989 969 2045 omnes,
999 1969 1026 2029 si

70 2066 164 2127 erent,
180 2056 350 2121 interficere
366 2074 427 2116 non
449 2066 592 2130 possent=
613 2067 682 2115 nam
703 2058 774 2116 dum
796 2057 951 2116 hominum
973 2070 1024 2129 ge·

89 2140 160 2210 erit,
192 2139 243 2214 qui
267 2147 392 2201 accuset
416 2156 471 2199 eos
497 2156 558 2198 non
585 2139 694 2199 deerit:
728 2142 799 2199 dum
823 2139 929 2198 ciuitas
953 2137 1024 2207 erit,

70 2222 110 2282 :in
129 2224 212 2282 fient.
256 2225 385 2298 Verum,
416 2232 448 2282 ut
476 2222 566 2297 coepi
588 2222 705 2294 dicere,
733 2230 762 2282 et
784 2222 927 2291 Erucius,
949 2220 1027 2280 haec

70 2307 171 2364 aberet
185 2305 215 2364 in
232 2322 341 2378 causa,
358 2323 436 2380 quae
448 2304 697 2379 commemoravi,
713 2312 820 2381 posset
834 2320 871 2363 ea
884 2301 1026 2375 quamvis

75 2388 193 2460 dicere,
214 2396 244 2448 et
267 2405 341 2464 ego,
363 2389 495 2460 iudices,
519 2404 656 2464 possum.
690 2387 752 2447 Sed
778 2387 808 2445 in
835 2386 936 2445 animo
963 2393 1024 2455 est,

70 2472 261 2530 nadmodum
288 2481 358 2532 ante
377 2472 456 2544 dixi,
478 2471 586 2533 leviter
608 2471 738 2532 transire
758 2485 795 2529 ac
815 2469 1027 2530 tantummodo

70 2553 205 2628 ‚tringere
221 2571 312 2614 unam
334 2572 486 2630 quamque
506 2572 585 2628 rem,
607 2563 640 2615 ut
662 2570 768 2614 omncs
790 2553 955 2627 intelligant
976 2566 1026 2609 nne

76 2637 176 2696 studio
192 2653 354 2709 accusare,
371 2639 427 2698 sed
440 2639 542 2698 officio
559 2639 733 2698 defendere.
756 2637 886 2695 XXXlll.
902 2634 952 2694 92.
971 2634 1024 2692 Vi·

86 2719 177 2792 igitur
198 2736 308 2780 causas
330 2737 400 2780 esse
426 2723 591 2794 permultas
615 2737 693 2795 quae
715 2720 803 2781 istum
825 2719 1026 2792 impellerent.

70 2819 169 2863 eamus
186 2820 266 2862 nunc
290 2820 408 2877 ecquae
423 2804 550 2863 facultas
563 2803 751 2878 suscipiendi
766 2801 907 2862 maleficii
927 2798 1024 2858 fuerit.

73 2888 196 2945 occisus
212 2895 259 2947 est
275 2887 347 2947 Sex.
361 2887 514 2948 Roscius?
530 2888 652 2946 Romae.
687 2886 778 2959 Quid,
794 2894 840 2956 tu,
852 2882 958 2950 Rosci,
973 2880 1024 2938 ubi

84 2977 174 3028 erast
195 2971 318 3029 Romae.
346 2972 461 3030 Verum
476 2970 548 3043 quid
561 2971 599 3028 ad
613 2977 697 3029 rem?
711 2977 741 3028 et
751 2967 801 3027 alii
814 2963 906 3024 multi.
932 2962 1025 3035 Quasi

70 3052 125 3111 tid
140 3061 247 3126 agatur
276 3055 344 3127 quis
371 3068 410 3111 ex
427 3061 508 3112 tanta
529 3052 717 3112 multitudine
738 3046 885 3110 occiderit
906 3061 943 3106 ac
962 3062 1024 3106 non

73 3145 246 3209 quaeratur,
262 3152 341 3207 eum,
357 3135 409 3208 qui
418 3135 535 3194 Romae
551 3135 591 3194 sit
604 3136 735 3204 occisus,
750 3141 849 3191 utrum
864 3130 928 3189 veri
943 3130 1023 3190 simi·

74 3218 114 3277 sit
128 3219 166 3277 ab
181 3232 219 3279 ee
235 3234 305 3278 asse
321 3217 468 3287 occisum,
485 3219 535 3291 qui
547 3217 695 3275 adsiduus
707 3231 745 3274 eo
759 3222 893 3289 tempore
908 3215 1026 3274 Romae

70 3303 103 3373 lt,
118 3317 156 3359 an
169 3301 207 3360 ab
222 3316 274 3374 eo,
288 3298 340 3375 qui
356 3299 456 3359 multis
471 3298 558 3377 annis
570 3300 696 3358 Bonnam
708 3298 829 3358 omnino
846 3315 906 3359 non
918 3312 1023 3357 acces-

70 3426 81 3441 ,
117 3383 168 3444 93.
191 3387 271 3458 Age,
287 3398 366 3443 nunc
382 3389 519 3442 caeteras
532 3396 657 3455 quoque
672 3381 830 3442 facultates
846 3381 1020 3442 considere·
