2356 3854
316 191 400 260 cni),
412 199 445 252 ιι
457 197 545 251 -aa
566 196 593 257 s.
609 200 773 254 roo—rra.
998 189 1071 295 451

35 341 168 419 legavit,
185 357 237 401 eas
252 341 302 400 hic
316 341 466 415 partimin
482 341 588 400 hortos
603 340 736 416 Pompeii
752 334 934 416 deportarit,
952 343 1060 420 partim

35 425 65 488 iu
83 425 182 484 villam
198 423 372 498 Scipionis.-

97 508 198 567 XLlll.
218 505 287 567 110.
307 507 345 567 Ει
357 514 390 567 tu
404 505 434 568 in
450 504 587 566 Caesaris
603 505 747 565 memoria
763 506 913 580 diligensr
932 516 965 570 ιιι
978 507 1061 568 illum

33 607 121 653 amas
138 596 310 650 mortuum?
324 589 417 663 Quem
435 588 462 648 is
477 589 623 648 honorem
637 587 780 648 maiorem
793 599 975 650 consecutus
987 599 1058 662 erat,

34 689 128 749 quarn
142 682 175 733 ut
186 672 314 733 'haberet
328 670 477 747 pulvinar,
492 671 692 744 simulacrum,
711 670 871 744 fastigium,
888 671 1061 732 llamincml

32 757 91 817 Est
107 755 323 830 ergotlamen,
338 761 371 814 ut
385 756 464 826 lovi,
481 761 514 814 ut
527 754 628 825 Marti,
644 761 677 814 ut
688 753 827 828 Quirino,
843 755 888 812 sic
903 755 973 814 divo
984 757 1059 817 lulio

13 839 75 905 ,hl
104 839 277 899 Antoniust
316 838 393 910 Quid
418 838 507 910 igitur
532 843 659 896 cessas?
691 837 749 895 cur
773 853 833 897 nou
859 832 1061 910 inauguraret

33 920 130 983 Sume
153 920 247 981 diem:
270 919 415 993 videnqui
435 927 464 981 te
485 920 657 992 inaugura:
678 920 812 992 collegae
828 933 948 978 sumus:
970 935 1060 980 nemo

32 1003 167 1079 negabit.
201 1004 224 1064 0
241 1000 448 1063 detestabilem
460 1002 630 1074 hominem,
647 1000 712 1069 sive
727 1003 808 1076 quod
826 1003 943 1077 tyranni
960 1016 1061 1061 sacer·

32 1089 94 1148 dos
116 1103 150 1146 es
166 1084 232 1146 sive
248 1085 329 1158 quod
345 1083 469 1145 rnortuil
493 1085 614 1161 Quaero
626 1084 788 1158 deinceps,
809 1101 880 1144 num
894 1079 1061 1144 hodiernus

33 1170 102 1231 dies
125 1167 177 1242 qui
198 1169 238 1229 sit
257 1167 401 1240 ignorcsr
420 1168 527 1227 Nescis
540 1167 604 1225 heri
622 1174 759 1243 quartum
770 1166 802 1226 in
819 1167 904 1227 Circo
922 1167 1000 1226 diem
1016 1167 1060 1226 lu·

30 1253 144 1313 dorum
158 1252 362 1310 Romanorum
384 1248 502 1309 luisset
521 1257 551 1309 te
571 1254 691 1309 autem
684 1266 782 1324 ipsum
798 1251 835 1310 ad
854 1252 999 1337 populum
1015 1257 1060 1310 tu-

30 1335 111 1394 lisse
128 1340 161 1392 ut
178 1333 300 1407 quintus
315 1340 472 1406 practerea
486 1331 553 1392 dies
571 1333 691 1393 Caesari
705 1317 917 1393 tribueretur?
927 1333 984 1393 Cur
999 1348 1058 1392 non

10 1422 141 1479 'sumus
164 1424 251 1489 praet
239 1414 364 1477 tentati?
392 1414 450 1476 Cur
468 1415 615 1475 honorem
637 1417 774 1476 Caesaris
798 1424 847 1477 tua
869 1417 936 1490 lege
958 1416 1060 1477 datum

30 1497 136 1560 deseri
149 1498 299 1572 patimur?
318 1514 355 1558 an
368 1497 608 1573 supplicationes
620 1500 761 1559 addendo
774 1499 851 1559 diem
864 1496 1060 1559 contaminari

31 1597 147 1659 passus
164 1596 213 1654 cs,
228 1579 397 1655 pulvinaria
411 1580 556 1641 noluisti?
576 1583 635 1641 Aut
649 1581 784 1655 undiquc
798 1582 973 1654 religionem
988 1582 1060 1641 tolle

31 1671 87 1725 aut
108 1679 344 1737 usquequaque
365 1678 523 1723 conserva.
567 1660 637 1722 111.
660 1664 786 1736 Quaeris
806 1665 964 1737 placeatne
988 1661 1059 1724 mihi

31 1744 175 1823 pulvinar
189 1762 275 1817 esse,
292 1745 457 1819 fastigium,
473 1743 633 1804 flaminem.
666 1745 738 1805 Mihi
755 1762 828 1805 vero
844 1743 915 1802 nihil
934 1744 1059 1803 istorum

31 1831 145 1908 placet.
170 1828 232 1890 Sed
247 1836 288 1898 ιιι,
308 1827 359 1902 qui
374 1835 442 1887 octa
453 1826 590 1887 Caesaris
606 1825 753 1901 delendis,
770 1825 842 1901 quid
856 1825 1060 1900 potesdicerc

32 1929 90 1974 cur
104 1911 353 1982 ,aliadeleudas
381 1908 440 1969 alia
459 1926 519 1969 non
541 1917 652 1970 cures?
676 1908 741 1968 Nisi
760 1910 836 1970 forte
856 1908 904 1968 vis
925 1909 1010 1969 lateri
1030 1914 1060 1968 tc

30 1995 281 2069 omnia-quaestu
295 2002 362 2066 tuo,
377 2009 436 2052 non
452 1991 530 2051 illius
546 1992 688 2066 dignitate
702 1991 807 2052 metiri.
836 1991 914 2065 Quid
930 1993 970 2052 ud
980 1991 1060 2051 haec

29 2076 179 2141 tondent
198 2078 352 2150 Exspecto
377 2074 454 2135 enim
477 2074 679 2150 eloquentiam
700 2084 789 2135 tuam.
823 2074 1074 2135 Disertissimum‘

30 2159 168 2234 cognovi
194 2176 283 2218 avum
308 2167 406 2219 tuum:
439 2166 469 2218 at
491 2157 634 2218 teetiam
657 2157 836 2231 apertiorem
863 2157 893 2216 in
918 2157 1059 2219 diceudo
1141 2158 1145 2175 ¹

30 2243 88 2305 Ille
104 2259 265 2317 numquam
282 2243 444 2302 nudust
397 2249 444 2301 est
458 2239 663 2302 contionatus.
681 2249 762 2300 tuum
774 2237 904 2300 hominis
916 2235 1061 2312 simplicis

31 2333 146 2403 pectus
158 2325 296 2386 vidimus
319 2323 573 2399 Respondehrsnc
585 2323 624 2383 ad
635 2323 733 2383 hacct
748 2331 798 2383 aut
808 2319 930 2381 omnmo
941 2320 1067 2382 hiscere¹

17 2406 188 2470 'audebisr
208 2407 326 2482 Ecquid
348 2406 485 2484 reperies
506 2424 544 2467 ex
565 2415 624 2467 tam
646 2407 737 2480 longa
752 2406 892 2466 oratione
905 2419 988 2477 mea,
1010 2400 1060 2463 cui
1109 2432 1110 2437 ι

30 2498 66 2552 te
93 2492 281 2565 respondere
308 2505 403 2564 posse
425 2492 584 2565 confidas?
615 2489 675 2549 Sed
696 2487 857 2564 praeterita
879 2486 1059 2547 omittamus

31 2573 141 2636 XLIV.
169 2573 238 2634 112.
260 2573 347 2632 Hunc
367 2590 459 2633 unum
481 2575 575 2645 diem,
595 2588 703 2644 unum,
724 2572 860 2645 inquam,
882 2570 1060 2649 hodiernum

33 2655 134 2729 diem,
148 2656 207 2716 hoc
222 2663 365 2730 punctum
378 2657 538 2730 temporis,
558 2672 618 2731 quo
633 2658 751 2730 loquor,
767 2653 906 2727 defende,
921 2653 948 2712 si
963 2661 1073 2728 potes,

33 2739 98 2803 eur
119 2748 299 2812 armatorum
320 2754 434 2798 corona
457 2747 580 2798 senatus
595 2747 720 2812 saeptus
736 2745 804 2798 estt
825 2753 878 2797 cur
892 2751 940 2795 me
956 2733 998 2796 tui
1013 2749 1061 2793 sa·

33 2820 147 2884 tellites
169 2839 237 2882 cum
251 2819 360 2896 gladiis
375 2819 520 2881 audiuntt
542 2835 595 2879 cur
610 2822 717 2880 valvae
732 2818 918 2879 Concordiae
932 2832 992 2876 nou
1008 2831 1061 2889 pa·
1078 2856 1081 2862 ·

34 2911 120 2967 lenit
141 2922 195 2965 cur
217 2905 354 2964 homines
376 2903 508 2963 omnium
528 2901 660 2976 gentium
675 2903 804 2961 maxime
818 2901 981 2970 barbaros,
1001 2898 1063 2957 Itu·
1135 2928 1138 2935 ·

35 3002 138 3059 raeos,
158 3003 226 3048 cum
241 2986 358 3060 sagittis
372 2984 500 3045 deducis
517 2984 547 3044 io
563 2987 682 3045 lorumt
694 2981 841 3043 Praesidii
857 2981 904 3041 sui
920 2996 1013 3040 causa
1027 2993 1063 3039 sc
1101 2987 1104 2995 ’

36 3070 140 3131 iacere
160 3069 241 3130 dicit
272 3069 379 3129 Nonne
398 3066 488 3142 igitur
501 3066 618 3129 miliens
634 3067 731 3141 perire
745 3072 792 3126 est
805 3063 912 3124 molius
928 3079 1017 3136 quam
1031 3062 1062 3121 iu

14 3168 19 3177 ·
39 3168 96 3215 sua
110 3151 230 3214 civitate
242 3151 309 3213 sinc
320 3160 501 3212 armatorum
513 3149 667 3225 praesidio
678 3165 738 3208 non
751 3163 845 3224 posse
857 3143 980 3205 viveret
1001 3143 1063 3205 Sed
1156 3196 1158 3207 .

39 3234 152 3297 nullum
177 3244 224 3296 est
247 3233 339 3307 istuc,
368 3232 441 3294 mihi
467 3234 571 3305 crede,
601 3231 797 3306 praesidium.
840 3227 966 3290 caritate
984 3235 1014 3288 te
1034 3233 1065 3287 et

37 3315 251 3380 benevolentia
287 3317 396 3377 civium
428 3320 565 3391 saeptum
596 3322 715 3389 oportet
746 3330 832 3385 esse,
873 3327 934 3371 non
962 3308 1074 3375 armis¹
1150 3338 1153 3345 ·

39 3398 112 3465 113.
126 3400 241 3477 Eripiet
255 3407 285 3463 et
298 3386 492 3474 'extorquebit
501 3396 573 3459 tihi
565 3405 623 3458 ista
633 3397 937 3472 populusltomanus,
952 3394 1063 3456 utinam

1065 3602 1116 3632 in·
