2356 3854
378 163 459 222 car.
475 171 606 226 ao-aa
627 172 798 232 §aa-or.
981 240 991 247 ,
1037 172 1100 236 ooo

72 267 236 382 liberatus,
252 327 331 386 quae
345 311 436 372 habet
450 323 640 385 ornamenta,
658 333 736 390 quae
759 318 873 377 solacia
888 318 1005 407 reliqua
1020 321 1101 382 vitae

73 393 598 492 quibuslaetarietperlruipossitl
613 398 808 471 Domuserit,
821 402 928 475 credo,
939 402 1100 464 exornata·

72 476 249 571 aperientur
272 475 418 536 maiorum
444 476 606 553 imagines:
637 479 704 554 ipse
734 489 870 541 ornatum
899 500 936 542 ac
959 485 1100 546 vestitum

71 559 235 634 pristinum
249 559 450 632 recuperabit.
486 560 607 632 Omnia,
628 560 760 632 iudices,
785 564 862 623 haec
883 566 996 626 amissa
1015 577 1100 629 sunt:

72 640 176 701 omnia
196 641 333 715 generis,
353 642 498 718 nominis,
520 643 644 703 honoris
666 643 796 718 insignia
815 654 907 720 atque
927 652 1101 711 ornamenta

70 724 165 784 unius
175 723 280 784 iudicii
289 724 456 785 calamitate
469 725 654 787 occiderunt.
678 724 739 785 Sed
751 741 789 784 ne
800 728 966 790 exstinctor
977 735 1100 806 patriae,

71 824 111 866 ne
127 807 280 880 proditor,
299 823 338 866 ae
354 807 452 867 hostis
470 809 651 882 appelletur,
666 824 705 867 nc
717 809 797 867 hanc
809 810 907 869 labem
921 813 994 872 muti
1006 817 1098 874 seele-

70 890 114 949 ris
127 889 160 948 iu
177 888 287 947 familia
303 889 468 963 relinquat,
483 890 515 949 id
528 892 659 962 laborat,
674 891 704 950 id
719 891 836 963 metuit,
850 908 889 952 ne
904 893 1037 968 denique
1050 897 1100 956 hic

71 973 167 1032 miser
183 971 330 1033 coniurati
347 980 377 1030 et
394 970 592 1033 conscelerati
607 982 637 1033 et
646 974 808 1047 proditoris
820 974 901 1034 lilius
916 974 1099 1038 nominetur:

71 1054 154 1114 huie·
166 1070 278 1128 puero,
302 1054 354 1128 qui
378 1065 425 1115 est
445 1055 473 1115 ei
493 1055 555 1115 vita
577 1073 632 1115 sua
652 1057 744 1125 musto
772 1056 885 1130 carior,
912 1059 1028 1131 metuit,
1052 1061 1099 1120 cui

70 1135 200 1197 honoris
214 1136 349 1213 integros
364 1138 479 1199 fructus
495 1139 801 1211 nonsittraditums,
817 1157 856 1200 ne
870 1149 1023 1201 aeternam
1038 1159 1100 1202 rne-

70 1220 200 1282 moriam
215 1220 375 1280 dedecoris
389 1220 548 1295 rclinquat.
577 1221 627 1283 89.
644 1222 700 1281 Hic
714 1239 772 1282 vos
789 1231 867 1303 orat,
883 1223 1016 1295 iudices,
1032 1242 1100 1299 par·
1133 1246 1136 1251 ·

74 1319 149 1374 vus,
173 1310 207 1362 ιιι
222 1319 257 1362 se
272 1304 436 1376 aliquando
464 1303 491 1363 si
513 1321 572 1364 non
589 1304 705 1378 integra
722 1307 856 1378 fortuna,
881 1313 911 1365 at
924 1314 957 1366 ιιι
968 1306 1099 1381 adflicta,

72 1385 155 1462 patri
169 1402 225 1446 suo
245 1385 388 1460 gratulari
402 1386 523 1447 sinatis:
540 1387 610 1446 huic
632 1387 742 1447 misero
764 1388 886 1448 notiora
904 1398 974 1449 sunt
993 1389 1100 1450 itinera

72 1467 256 1529 iudiciorum
277 1476 307 1528 et
327 1470 384 1529 lori
408 1486 498 1544 quarn
519 1469 618 1545 campi
641 1479 670 1530 et
687 1470 924 1544 disciplinarum.
954 1472 1021 1533 Non
1041 1473 1100 1541 iarn

74 1554 114 1612 de
129 1549 192 1611 vita
205 1551 236 1614 P.
248 1550 365 1624 Sullae,
381 1551 513 1625 iudices,
531 1553 637 1613 sedda
649 1555 804 1626 sepultura
819 1554 1024 1614 contenditur:
1040 1555 1101 1617 vita

73 1642 181 1709 erepta
191 1641 238 1694 est
252 1634 549 1709 superioreiudicio:
568 1650 648 1695 nunc
662 1651 700 1694 ne
712 1630 970 1709 corpus'eiiciatur
982 1637 1100 1696 labora-

71 1734 151 1777 mus.
181 1715 257 1788 Quid
270 1718 349 1777 enim
363 1725 410 1778 est
420 1717 491 1777 huic
503 1717 613 1791 reliqui·
623 1716 706 1791 quod
721 1733 790 1776 eurn
804 1717 834 1774 in
845 1717 902 1775 hac
918 1718 978 1776 vita
992 1727 1099 1792 teneat,

72 1809 126 1860 aut
149 1799 224 1874 quid
250 1807 299 1860 est
323 1816 412 1875 quam
441 1800 480 1859 ob
505 1817 568 1860 rem
596 1800 672 1857 haec
692 1797 833 1873 cuiquam
858 1799 921 1858 vita
943 1799 1102 1859 videaturt

70 1882 191 1947 XXXII
208 1882 311 1957 Nuper
324 1882 350 1942 is
364 1883 456 1942 horno
472 1882 527 1942 fuit
541 1881 571 1940 in
586 1881 706 1940 civitate
719 1880 750 1938 P.
769 1880 860 1952 Sulla,
878 1890 911 1940 ut
921 1897 1010 1941 nemo
1026 1881 1055 1940 ei
1066 1898 1102 1941 se

73 1982 177 2040 neque
192 1965 310 2026 honore
327 1981 428 2039 neque
442 1972 508 2039 grat
509 1965 537 2024 ia
557 1979 664 2039 neque.
678 1963 807 2040 torturus
823 1970 875 2023 ant
863 1964 999 2037 t,elerret
1021 1980 1102 2024 nunc

73 2048 224 2125 spoliatus
239 2046 491 2137 omnidignitate‚
505 2053 795 2122 quaeereplasunt,
807 2047 1001 2123 nonrepetit·
1018 2048 1101 2123 quod
1173 2070 1175 2075 ι

72 2130 225 2193 fortuna
217 2148 248 2190 ιιι
270 2130 357 2191 malis
377 2116 486 2204 reliqui
506 2130 591 2201 lecit,
612 2137 645 2190 ut
662 2145 730 2189 cum
744 2138 885 2204 parente,
902 2147 972 2191 cum
988 2129 1100 2199 liberis,

73 2231 144 2276 cum
172 2215 277 2287 bauo,
299 2231 368 2274 oum
388 2213 437 2272 his
460 2211 643 2282 necessariis
667 2214 771 2286 lugere
794 2229 881 2272 suam
903 2211 1101 2272 calamitatem

72 2298 179 2370 licem,
195 2296 227 2357 id
248 2259 306 2356 sl’br
326 2312 365 2355 ne
382 2295 534 2371 eripiatis,
551 2313 623 2369 vos‚·
638 2295 772 2368 iudices,
790 2297 965 2355 obtestatur.
993 2293 1044 2354 90
1060 2293 1103 2352 Te

73 2381 178 2456 ipsum
192 2379 261 2452 iam,
277 2379 438 2454 Torquate,
452 2381 605 2475 expletum
621 2378 710 2438 buius
725 2376 854 2437 miseriis
869 2393 939 2437 esse
954 2392 1009 2452 par
1022 2385 1100 2436 erat

73 2463 132 2524 etsi
147 2463 221 2523 nihil
235 2461 318 2522 aliud
331 2461 473 2522 Sullae
444 2462 503 2522 nrsi
518 2463 709 2535 consulatum
719 2459 938 2532 abstulissetis,
954 2455 1054 2520 tamen
1064 2474 1100 2518 eo

74 2553 237 2607 contentos
251 2561 308 2605 vos
324 2560 395 2605 esse
407 2547 579 2640 oportebat:
596 2543 721 2604 honoris
733 2545 812 2602 enim
827 2545 977 2604 contentio
991 2559 1047 2602 vos
1061 2545 1100 2601 ad
1127 2552 1131 2560 “
1160 2606 1162 2610 ,

74 2646 218 2701 causam,
233 2646 295 2689 non
309 2627 481 2688 inimicitiae
496 2629 693 2688 deduxerunt.
728 2625 790 2685 Sed
806 2643 898 2701 quum
916 2626 985 2686 huic
1002 2625 1102 2685 omnia

75 2729 144 2773 cum
162 2712 279 2772 bonore
296 2712 430 2771 detracta
445 2711 516 2782 sint,
535 2727 627 2784 quum
641 2709 671 2768 in
682 2710 740 2769 hac
756 2710 874 2769 fortuna
888 2708 1056 2779 miserrima
1066 2724 1102 2766 ac
1148 2751 1158 2758 .

74 2793 303 2857 luctuosissima
318 2793 478 2854 destitutus
496 2792 548 2864 sit,
566 2793 638 2867 quid
652 2792 794 2865 estquod
809 2801 936 2865 expetas
953 2790 1103 2864 amplius?

77 2877 207 2945 Lucisne
223 2876 301 2936 hanc
317 2893 441 2936 usuram
456 2874 573 2948 eripere
590 2875 635 2933 vis
644 2876 786 2948 ,plenam
807 2873 996 2932 lacrimarum
1011 2879 1103 2943 atque

77 2959 239 3034 maeroris,
254 2959 285 3018 in
301 2976 361 3033 qua
379 2975 448 3017 cum
462 2956 593 3016 maximo
610 2957 724 3015 cruciat
726 2975 745 3014 ιι
760 2971 795 3014 ae
817 2956 923 3014 dolore
940 2953 1104 3013 retinetur?

78 3043 218 3103 Libenter
238 3041 405 3102 reddiderit
423 3037 591 3112 adempta
584 3038 749 3113 ignominia
770 3035 941 3096 foedissimi
961 3032 1103 3092 criminis.

79 3127 122 3185 ιιι
140 3142 214 3185 vero
229 3123 383 3185 inimicum
403 3130 436 3181 ut
456 3122 614 3194 expellas?
637 3120 730 3179 cuius
742 3134 781 3178 ex
797 3117 954 3188 miseriis,
967 3116 998 3176 si
1015 3132 1103 3177 esses

83 3205 324 3278 crudelissimus,
338 3205 472 3265 videndo
489 3205 617 3262 fructum
632 3201 775 3260 maiorem
793 3215 920 3274 caperes
942 3216 1032 3275 quam
1051 3216 1103 3259 au-

84 3289 201 3367 diendo.
232 3288 282 3352 al.
298 3288 321 3348 Ο
336 3288 480 3349 miserum
495 3294 525 3346 et
539 3285 690 3344 infelicem
704 3281 787 3342 illum
807 3282 902 3354 dienr,
919 3299 979 3356 quo
997 3282 1104 3343 consul

84 3373 221 3434 omnibus
238 3371 381 3433 centuriis
395 3371 426 3430 P.
441 3369 524 3429 Sulla
544 3367 739 3428 renunciatus
754 3372 815 3424 est!
838 3380 856 3426 o
877 3364 983 3425 falsam
1001 3369 1102 3440 spem!
