2356 3854
335 201 753 271 CAP.1a-1a.t.3‘t-4t.
799 275 802 283 .
1000 203 1059 268 113

66 352 89 411 is
98 336 248 426 'gentibus
262 353 360 410 lucem
375 353 493 411 adferre
507 351 623 426 coepit=
638 369 717 413 nunc
732 352 900 430 intelligunt
913 370 974 413 non
991 354 1057 414 sine
1127 424 1130 431 ‚

70 451 127 494 usa
144 432 276 493 maiores
299 451 372 494 snos
394 443 470 507 tum,
495 451 587 509 quum
603 450 639 493 ea
654 437 849 512 temperantia
864 436 1055 510 magistratus

66 517 239 587 babemus,
265 517 380 577 servire
403 518 519 592 populo
539 519 676 577 Romano
702 537 792 592 quam
818 520 966 594 imperare
989 519 1055 579 aliis

66 598 188 658 aluisse.
226 599 287 657 lam
309 616 381 660 vero
404 599 445 659 ita
466 600 570 660 tacites
591 598 690 659 aditus
712 603 751 661 ad
771 617 840 663 enm
861 603 1053 677 privatorum,

66 706 71 741 ι
91 682 210 742 liberae
234 682 442 756 querimoniae
463 685 501 742 de
525 681 652 742 aliorum
673 681 789 744 iniuriis
812 701 883 745 esse
906 685 1054 757 dicuntur,
1133 756 1136 761 ¹

76 764 113 837 is,
131 763 186 839 qui
200 764 344 849 dignitate
357 765 546 840 principibus
566 765 694 837 excellit,
717 766 858 827 facilitate
874 767 984 826 infimis
999 784 1056 841 par
1137 788 1147 795 ·

67 863 101 907 se
115 848 266 907 videatur.
302 847 352 910 42.
371 848 433 908 Iam
448 858 590 922 quantum
606 847 750 923 consitio,
775 858 918 923 quantum
935 848 1054 909 dicendi

66 930 179 990 evitate
194 938 224 990 et
235 929 327 1005 'copia
343 932 448 1004 valeat,
462 933 491 990 iu
507 928 567 1006 quo
583 924 651 1006 ipso
667 930 746 991 inest
762 933 910 1006 quaedam
924 931 1053 1004 dignitas

66 1012 237 1088 operatoria,
254 1030 321 1084 vos,
340 1013 478 1093 Quirites,
500 1015 558 1074 hoc
575 1015 643 1088 ipso
660 1011 784 1074 erdtoco
800 1031 893 1089 saepe
910 1014 1053 1087 eognovi-

66 1096 108 1157 is..
136 1095 242 1157 Fidem
262 1112 335 1156 vero
353 1096 419 1156 eius
441 1105 583 1170 quantam
602 1096 680 1156 inter
697 1097 799 1158 socios
816 1096 979 1158 existimari
998 1114 1053 1171 pu-

66 1179 110 1253 tis‚
123 1194 214 1253 quam
225 1176 329 1238 hos'tes
342 1180 473 1240 omnium
487 1197 630 1254 generum
643 1180 864 1240 sanctissimam
876 1180 1054 1240 iudicarint?

66 1260 229 1335 amaritate
238 1260 297 1320 iarn
313 1270 395 1322 tanta
410 1271 469 1335 est,
490 1270 522 1322 ut
541 1262 664 1324 difficile
685 1264 766 1323 dictu
784 1264 822 1324 sit
835 1273 933 1324 utrum
948 1258 1052 1324 hostes

68 1344 128 1417 agis
142 1346 282 1404 virtutem
302 1345 367 1404 eius
382 1356 551 1420 pugnantes
565 1336 722 1407 timuerint
735 1364 773 1406 an
792 1346 1051 1407 mansuetudinem

67 1426 103 1486 eti
117 1426 286 1487 dilexerint.
314 1428 351 1487 Et
365 1428 525 1502 quisquam
540 1429 686 1489 dubitabit
701 1429 773 1504 quin
784 1430 854 1490 huic
865 1430 924 1490 hoc
939 1440 1053 1491 tantum

66 1511 141 1570 allum
154 1509 416 1571 transmittendum
438 1511 491 1584 sit,
513 1512 564 1586 qni
585 1513 623 1571 ad
639 1512 738 1571 omnia
752 1523 874 1573 nostrae
891 1513 1052 1574 memoriae

66 1593 108 1652 >lla
120 1593 312 1653 conficienda
324 1594 425 1654 divino
440 1594 571 1668 quodam
583 1594 708 1654 consilio
722 1604 809 1655 natus
817 1611 887 1657 esse
895 1594 1053 1655 videatur?

110 1675 178 1735 XV.
192 1674 243 1737 43.
264 1677 302 1736 Et
323 1677 464 1752 quoniam
485 1676 648 1736 auctoritas
672 1694 795 1751 quoque
812 1677 841 1735 in
856 1676 944 1736 bellis
958 1677 1051 1736 admi-

66 1759 194 1819 strandis
208 1761 333 1820 multum
351 1770 442 1835 atque
458 1760 487 1818 in
502 1759 629 1833 imperio
652 1759 770 1819 militari
789 1760 881 1831 vaiet,
905 1768 986 1817 certe
1001 1775 1050 1816 ne-

66 1842 99 1901 ini
121 1841 249 1904 dubium
269 1852 316 1903 est
335 1845 405 1918 quin
427 1859 463 1902 ea
484 1858 518 1901 re
539 1841 618 1900 idem
637 1841 687 1900 itte
707 1841 869 1916 imperator
893 1840 1051 1916 plurimum

66 1927 135 1986 ›ssit
165 1924 371 1986 Vehementer
385 1934 484 1985 eutem
504 1923 653 1998 pertinere
668 1925 707 1984 ad
721 1925 801 1984 bella
815 1923 1051 1984 administranda

66 2011 99 2068 id
121 2009 246 2080 hostes,
269 2009 343 2083 quid
357 2008 432 2068 socii
454 2009 492 2067 de
508 2007 738 2082 imperatoribus
754 2008 865 2068 nostris
881 2007 1052 2068 existiment

66 2093 95 2152 is
114 2091 250 2169 ignorat,
274 2109 365 2166 quum
388 2091 519 2152 sciamus
535 2090 672 2151 homines
689 2089 718 2149 in
736 2089 827 2151 tantis
842 2092 934 2151 rebus
952 2099 984 2151 ut
1000 2100 1052 2150 aut

66 2182 224 2236 ntemnant
234 2183 285 2234 aut
296 2183 428 2235 metuant
438 2183 489 2234 aut
504 2174 622 2234 oderint
636 2184 686 2234 aut
700 2182 813 2244 ament,
832 2173 974 2249 opinione
989 2190 1050 2233 non

66 2275 125 2318 nus
141 2258 267 2318 etfama
284 2273 374 2332 quam
389 2257 490 2331 aliqua
504 2255 620 2317 ratione
636 2264 716 2317 certa
732 2256 937 2318 commoverit
964 2256 1050 2328 Quod

65 2352 115 2403 tur
129 2356 244 2417 nomeu
258 2356 401 2415 umquam
420 2339 546 2400 inorbo
566 2349 711 2400 terrarum
733 2340 844 2399 clarius
865 2339 939 2399 tuito
963 2336 1049 2399 cuius

66 2443 73 2486 t
88 2433 198 2501 gestae
211 2430 325 2499 purast
341 2425 380 2482 de
396 2440 456 2498 quo
474 2422 595 2483 homine
609 2440 676 2496 vos,
692 2422 723 2482 id
739 2424 821 2498 quod
835 2422 965 2482 maxime
979 2422 1058 2483 iacit,

66 2509 245 2580 ctoritatem,
258 2514 340 2569 tauta
354 2515 383 2566 et
397 2517 456 2566 tarn
472 2507 628 2580 praeclara
644 2505 755 2565 iudicia
770 2504 906 2566 fecistis?
934 2503 984 2567 44.
999 2507 1047 2566 An

66 2607 99 2650 ro
116 2593 209 2651 ultam
225 2605 352 2665 usquam
369 2605 438 2649 esse
454 2606 537 2649 oram
552 2599 611 2650 tarn
624 2590 773 2649 desertam
785 2591 897 2664 putatis
913 2606 972 2664 quo
988 2605 1049 2648 non
1150 2614 1153 2620 ·

66 2691 107 2734 us
118 2673 180 2733 diei
192 2674 270 2732 tama
282 2671 459 2748 pervaserit,
475 2689 566 2746 quum
577 2664 738 2733 universus
750 2675 883 2748 populus
894 2674 1048 2733 Romanus

66 2758 139 2818 ierto
161 2756 227 2816 foro
248 2755 467 2831 completisque
489 2756 627 2816 omnibus
649 2755 783 2830 templis,
808 2773 848 2815 ex
870 2756 980 2830 quibus
1000 2753 1048 2812 hic

66 2855 115 2899 eus
131 2838 271 2915 conspici
284 2847 399 2914 potest,
420 2856 513 2899 unum
530 2838 587 2898 sibi
602 2838 641 2897 ad
657 2854 815 2898 commune
830 2839 962 2898 omnium
977 2850 1047 2909 gen-

66 2939 101 2980 rm
115 2923 228 2982 bellurn
241 2920 291 2982 Cn.
303 2922 476 2996 Pompeium
491 2922 702 2996 imperatorem
715 2920 917 2996 depoposcit?
944 2921 1048 2991 ltaque

79 3006 163 3078 ptura
174 3022 234 3066 non
247 3004 345 3065 dicam
359 3021 459 3079 neque
469 3005 595 3065 otiorum
606 3004 754 3078 exemplis
767 3003 942 3063 confirmem
955 3014 1048 3074 quau-

66 3103 93 3145 m
105 3088 195 3149 huius
209 3088 371 3149 auctoritas
388 3089 488 3147 valeat
501 3087 530 3146 in
549 3087 643 3158 bello,
660 3088 698 3146 ab
715 3084 822 3145 eodem
839 3084 890 3143 Cn.
905 3082 1048 3164 Pompeio

66 3171 161 3230 unium
177 3189 276 3232 rerum
298 3171 485 3247 egregiarum
502 3170 642 3243 exempta
661 3175 829 3229 sumantur:
855 3165 982 3242 quiquo
999 3165 1047 3227 die

70 3254 149 3314 vobis
168 3254 315 3316 maritimo
337 3254 416 3312 betto
432 3253 622 3327 praepositus
643 3259 690 3311 est
703 3252 879 3325 imperator,
899 3259 982 3310 tanta
1001 3266 1047 3310 re·

66 3344 121 3396 ente
143 3337 241 3399 vilitas
261 3353 399 3397 annonae
420 3352 458 3395 ex
479 3351 595 3403 summa
616 3334 719 3410 inopia
742 3341 771 3393 et
786 3334 908 3395 caritate
927 3333 971 3393 rei
987 3335 1046 3392 iru-

66 3419 190 3480 tentariae
205 3428 369 3480 consecuta
383 3428 430 3481 est
444 3418 532 3479 unius
544 3416 672 3479 hominis
685 3432 741 3494 spe
757 3433 793 3477 ac
808 3417 937 3490 nomine,
954 3431 1047 3491 quan·

86 3512 135 3558 erc.
154 3516 245 3560 oanr.
834 3504 854 3568 8

1069 3570 1112 3632 Α
