2356 3854
122 148 219 229 eta
419 159 493 220 reo
508 161 539 218 r.
556 157 687 219 susrro
703 157 854 219 cunno.

121 292 307 390 potuissent,
321 308 353 368 hi
373 307 481 369 summi
501 308 618 384 imperii
637 307 759 369 nomine
778 306 885 369 armati
914 279 1136 385 rempublicam

19 380 22 391 ’
122 392 375 456 contmcidamnt.
409 392 531 452 Foedus
548 392 684 451 lecemnt
703 407 772 453 cum
785 391 906 451 tribuno
924 393 1027 468 plebis
1044 397 1136 470 palam

121 487 154 538 ut
168 477 206 537 ab
221 491 257 534 eo
274 474 448 548 provincias
464 474 637 549 acciperent
657 491 734 549 quas
751 473 811 548 ipsi
824 476 955 536 vellent:
985 477 1134 539 exercitum
1153 472 1157 485 '

121 569 151 620 et
174 558 331 634 pecuniam
348 565 488 631 quantam
507 559 618 616 vellent
639 574 675 617 oa
695 559 776 632 lege,
800 557 826 615 si
846 555 907 631 ipsi
925 557 1014 633 prius
1032 559 1134 622 tribum
1172 614 1174 618 Α

121 641 220 718 plebis
241 640 392 718 adflictam
414 641 444 700 et
467 640 742 715 constrictamrem
763 639 916 714 publicam
937 641 1134 704 tradidissent:
1172 682 1174 702 2

120 726 153 785 id
166 732 266 784 autem
282 724 391 784 foedus
407 739 474 783 meo
492 722 640 797 sanguine
653 722 744 783 ictum
761 721 872 793 sanciri
886 739 985 798 pesse
1001 725 1133 787 dicebant
1172 779 1174 801 ἰ

120 807 170 868 25.
194 807 306 880 Quare
321 806 527 880 patefacta-
541 822 641 881 neque
655 805 734 864 enim
752 804 941 865 dissimulari
955 815 1071 868 tantum
1082 824 1133 869 sce
1172 833 1174 837 ·

121 893 169 950 lus
185 898 303 965 poterat
316 906 373 948 nec
389 890 482 949 latere
495 922 551 961 -,
570 890 797 963 promulgantur
811 904 872 947 uno
887 889 1066 966 eodemque
1078 899 1132 952 um

120 991 196 1048 pore
208 971 383 1047 rogationes
397 973 436 1030 ab
450 973 558 1031 eodem
570 971 690 1031 tribuno
704 962 743 1031 de
755 986 822 1031 mea
833 971 973 1046 pernicie
988 974 1069 1034 etde
1080 989 1131 1049 pro

120 1056 228 1117 vinciis
246 1056 405 1127 consulum
421 1053 604 1114 nominatim.
772 1052 774 1059 ’

202 1139 261 1196 XI:
274 1137 330 1196 Hic
349 1145 412 1196 tum
433 1146 557 1198 senatus
579 1134 741 1208 sollicitus,
771 1152 843 1208 vos,
871 1134 995 1211 equites
1015 1135 1129 1210 Romu

121 1219 257 1289 excitati,
280 1218 365 1278 ltalia
380 1228 487 1279 cuncta
504 1229 654 1295 permota,
678 1234 782 1278 omnes
798 1217 932 1293 denique
948 1221 1129 1295 omniumge-

121 1320 226 1363 nerum
237 1310 329 1375 atque
341 1302 480 1361 ordinum
490 1302 574 1362 cives
586 1318 720 1362 summae
731 1299 775 1360 rei
787 1302 928 1376 publicae
940 1319 959 1360 a
971 1303 1133 1364 consulibus

120 1392 212 1460 atque
226 1400 245 1443 a
260 1399 376 1444 summo
392 1384 518 1459 imperio
538 1385 701 1458 petendum
716 1400 786 1444 esse
804 1382 950 1443 auxilium
963 1386 1133 1463 arbitraban-

120 1477 181 1539 tur,
207 1483 297 1542 quum
318 1467 358 1525 illi
381 1467 439 1528 soli
459 1476 563 1527 essent
582 1477 702 1542 praeter
722 1467 868 1527 furiosum
890 1466 978 1527 illum
999 1469 1135 1530 tribunam

120 1548 237 1610 duo-rei
249 1549 387 1624 publicae
398 1550 548 1621 turbines,
568 1552 618 1624 qui
633 1567 693 1610 non
708 1551 799 1610 modo
811 1548 1026 1624 praecipitanti
1039 1551 1136 1628 patrita

103 1701 104 1705 Ἰ
120 1649 181 1692 non
195 1632 404 1706 subvenirent,
420 1634 476 1694 sed
488 1650 554 1693 earn
565 1634 686 1705 nimiunn
698 1633 783 1692 tarde
795 1631 959 1692 concidere
971 1641 1136 1695 maererent

119 1715 322 1790 Flagitabatur
342 1717 380 1775 ab
399 1716 438 1777 iis
458 1716 568 1777 cotidie
584 1733 675 1791 quum
694 1715 826 1790 querelis
844 1715 1001 1777 bonorum
1019 1717 1138 1778 omnium

24 1827 27 1834 ·
119 1799 291 1860 tumeliam
312 1799 453 1874 precibus
474 1809 612 1873 senatus,
634 1808 667 1858 ut
687 1815 784 1858 meam
805 1814 931 1858 causam
948 1801 1138 1876 susciperent,

120 1892 252 1957 agerent,
267 1882 380 1958 aliquid
407 1883 539 1956 denique
554 1883 593 1941 ad
608 1891 745 1941 senatum
760 1882 923 1941 referrent:
942 1881 964 1940 ii
982 1900 1046 1944 non
1060 1883 1139 1944 modo

120 1967 276 2039 negando,
297 1966 356 2044 ‘sed
379 1966 468 2025 etiam
488 1965 648 2024 irridendo
659 1962 877 2038 amplissimum
894 1981 1056 2041 quemque
1071 1965 1140 2026 illius

120 2047 235 2106 ordinis
255 2047 502 2122 insequebantur.
538 2046 589 2107 26.
611 2047 666 2106 Hic
688 2047 788 2107 subito
807 2063 900 2121 quum
914 2046 1139 2109 incredibilisin

121 2128 298 2204 Capitolium
312 2131 469 2190 multitudo
486 2146 525 2189 ex
537 2137 600 2190 tota
614 2130 689 2189 urbe
703 2137 873 2203 canemque
886 2129 975 2190 ltalia
990 2129 1139 2193 convenis
1164 2200 1167 2205 ¹

120 2220 181 2283 set,
206 2222 322 2273 vestem
344 2214 515 2272 mutandam
538 2229 642 2272 omnes
664 2228 774 2286 meque
799 2212 889 2272 etlam
914 2214 1003 2274 omni
1026 2217 1140 2285 rationo,

118 2296 237 2370 privato
253 2294 396 2367 consilio,
416 2295 559 2370 quoniam
574 2294 704 2370 publicis
718 2294 848 2354 ducibus
858 2312 910 2355 res
923 2297 1052 2371 publica
1070 2312 1139 2358 carc·
1172 2354 1174 2359 .

118 2385 178 2448 ret,
202 2379 425 2438 defendendum
445 2387 598 2453 putarunt.
641 2378 713 2437 Erat
733 2378 841 2437 eodem
863 2385 1007 2454 tempore
1029 2388 1139 2441 senatus

119 2459 149 2517 in
171 2461 248 2533 aede
269 2461 471 2533 concordiae,
496 2463 582 2535 quod
605 2460 705 2534 ipsum
730 2462 873 2534 templum
897 2462 1140 2537 repraesentabat

119 2543 294 2602 memoriam
311 2545 486 2604 consulatus
508 2545 581 2616 mei,
607 2561 699 2618 quum
714 2542 793 2602 ilcns
814 2542 982 2605 universus
1000 2547 1076 2608 ordo
1089 2543 1140 2604 cin

119 2623 270 2684 cinnatum
285 2628 441 2685 consulem
455 2627 574 2686 orabat:
590 2643 658 2685 nam
673 2628 748 2686 alter
758 2626 808 2684 ille
819 2625 966 2687 horridus
982 2637 1016 2688 et
1026 2640 1138 2688 severas

120 2709 258 2767 consulto
275 2722 310 2766 se
325 2708 406 2767 domi
418 2708 598 2768 continebat.
628 2708 692 2781 Qua
703 2716 764 2768 tum
777 2708 922 2782 superbia
934 2725 1068 2772 coenum
1078 2706 1138 2770 illud

118 2805 155 2849 ac
176 2791 260 2850 labes
275 2789 454 2864 amplissimi
471 2791 584 2851 ordinis
602 2806 710 2864 preces
732 2799 762 2850 et
777 2790 1022 2853 clarissimorum
1043 2792 1135 2853 civim

118 2873 258 2933 lacrimas
270 2872 456 2948 repudiavit!
483 2891 531 2932 me
547 2873 649 2947 ipsum
665 2881 696 2933 ut
710 2874 892 2948 contempsit
905 2874 1002 2936 heluo
1021 2874 1132 2952 patrie!
1171 2914 1174 2949 2

118 2972 188 3016 nam
201 2957 274 3032 quid
286 2973 343 3031 ego
356 2956 527 3030 patrimonii
540 2957 652 3028 dicam,
669 2956 752 3030 quod
763 2955 829 3028 ille,
847 2974 941 3031 quum
954 2960 1047 3033 quasi
1060 2955 1129 3033 qrat-

119 3047 197 3098 stum
217 3042 346 3113 laceret,
374 3038 494 3099 amisit?
534 3040 616 3108 νος,
641 3037 781 3113 inquam,
807 3039 928 3113 equites
950 3039 1132 3112 Romani‚et

119 3135 224 3182 omncs
237 3121 310 3182 boni
328 3131 413 3183 veste
428 3130 541 3183 mutata
554 3137 610 3180 vos
625 3137 681 3195 pro
701 3136 768 3181 mco
786 3120 885 3195 capite
902 3123 943 3182 ad
955 3124 1056 3197 pedes
1066 3124 1132 3181 leno

119 3199 167 3257 nis
192 3203 388 3278 impurissimi
412 3203 598 3280 proiecistisa
632 3219 698 3262 cum
728 3203 839 3262 vestris
867 3203 1015 3277 precibus
1042 3205 1079 3264 ab
1100 3202 1131 3258 lt·

118 3289 204 3340 trone
225 3284 448 3360 illo'repudiatl
463 3288 548 3348 estis.
575 3285 640 3344 Vir,
654 3284 822 3344 incredibili
838 3285 917 3358 ride,
941 3284 1132 3364 magnitudine
1172 3326 1174 3365 ἵ

118 3360 225 3436 animi,
252 3369 436 3442 constantia,
463 3370 497 3428 L.
516 3369 658 3440 Ninnius,
686 3367 726 3426 ad
746 3375 886 3428 senatum
909 3369 950 3428 de
971 3386 1008 3430 re
1027 3364 1131 3444 publia
