2356 3854
82 213 144 278 182
363 209 437 270 PRO
454 211 487 269 L.
505 211 668 271 MURENA
685 210 837 272 ORATIO.
916 298 917 304 ι

84 360 261 458 gratificatio
283 332 485 435 reprehensa,
506 362 590 421 multi
612 359 667 420 viri
686 365 779 421 lortes
795 370 824 421 et
840 378 942 458 prope
956 379 1022 438 pars
1035 361 1087 422 civi

82 446 152 507 tatis
174 445 293 504 offensa
317 453 377 504 est·
406 443 472 504 lites
499 461 607 504 severe
632 444 824 517 aestimatae,
850 446 898 505 cui
921 447 1017 520 placet
1034 445 1086 505 obli·

84 515 223 601 viscitur,
241 527 290 587 cui
312 528 394 587 dolet
414 527 556 586 meminit.
588 526 778 587 Postremot
766 535 798 587 tu
819 528 848 586 in
866 527 1087 623 provinciaram

18 663 22 675 .
83 611 215 672 noluisti.
245 611 310 670 Non
323 627 448 684 possum
464 610 513 669 id
506 627 536 669 ιιι
549 617 578 669 te
589 610 824 684 reprehendere,
841 612 944 685 quod
937 628 966 670 ιι
982 626 1027 669 me
1039 609 1086 685 ipso

84 703 114 755 et
132 703 270 768 praetore
288 702 317 754 et
336 693 463 767 consule
480 691 617 766 probavi.
652 693 714 752 Sed
731 702 829 752 tamen
842 694 875 752 L.
888 694 1030 753 Murenae
1040 709 1087 768 pro·

69 777 184 841 ›vincia
197 779 306 836 multas
321 777 420 836 bonas
435 775 547 850 gratias
564 791 630 833 cum
647 775 760 849 optima
772 777 997 836 existimatione
1008 775 1087 835 attuit.

82 860 192 920 Habuit
209 858 408 933 proficiscens
426 860 566 918 dilectum
581 859 611 915 in
626 858 764 917 Umbria:
790 858 873 918 dedit
894 859 923 918 ei
943 860 1087 918 facultatem

6 958 11 966 ’
82 952 133 1003 res
155 937 281 1017 publica
296 942 498 1013 liberalitatis,
522 957 583 1015 qua
604 958 680 1001 usus
698 942 808 1000 multas
824 941 882 1000 sibi
899 942 1009 1013 tribus,
1032 955 1087 1014 quae

83 1025 256 1099 municipiis
280 1025 417 1084 Umbriae
439 1024 652 1093 conficiuntur,
682 1022 833 1083 adiunxit:
865 1025 934 1098 ipsa
961 1032 1051 1084 autem
1066 1021 1086 1079 in

84 1109 180 1168 Gallia
196 1117 230 1166 ut
250 1106 346 1165 nostri
366 1107 504 1166 homines
520 1108 699 1180 desperatas
720 1107 778 1164 iam
796 1107 943 1180 pecunias
960 1106 1087 1180 exigerent

84 1191 236 1266 aequitate
257 1188 472 1262 diligentiaque
493 1190 628 1262 perfecit.
662 1191 705 1248 Tu
727 1189 842 1248 interea
860 1190 978 1248 Romae
1000 1187 1086 1255 scilicet

84 1273 203 1332 amicisr
210 1279 333 1344 praesto
354 1272 446 1331 fuisti.
476 1271 600 1332 Fateor:
623 1273 678 1331 sed
697 1279 797 1331 tamen
819 1272 894 1331 illud
917 1270 1028 1346 cogita,
1046 1283 1086 1328 non

84 1356 236 1415 nullorum
251 1353 415 1414 amicorum
430 1354 530 1413 studia
544 1354 637 1414 minui
652 1356 752 1415 solere
765 1356 795 1413 in
808 1371 872 1428 eos,
889 1373 907 1414 a
923 1354 1029 1430 quibus
1039 1367 1086 1428 pro·

86 1438 202 1498 vincias
218 1436 369 1496 contemni
384 1437 559 1533 intelligant.
655 1488 657 1497 .

100 1554 103 1565 ·
168 1520 244 1579 xxt.
262 1518 364 1580 43.Ε
365 1520 536 1595 tquoniam
552 1521 687 1593 ostendi,
711 1518 843 1592 iudices,
868 1537 975 1594 parem
990 1504 1086 1611 dignita·

84 1615 145 1664 tem
165 1604 204 1663 ad
226 1604 365 1663 consulat
354 1613 402 1662 tus
424 1603 615 1679 petitionem,
641 1603 794 1677 disparem
816 1605 970 1662 fortunam
994 1599 1086 1677 provin

85 1687 216 1747 cialium
212 1679 419 1782 negociorum
440 1686 471 1745 in
486 1687 614 1746 Murena
629 1694 721 1761 atque
738 1685 768 1743 in
786 1685 923 1760 Sulpicio
940 1685 1079 1755 luisset
1058 1679 1086 1739 ιι·
1120 1707 1123 1753 5

85 1787 151 1830 cam
171 1769 231 1829 iam
251 1769 386 1845 apertius
411 1769 441 1828 in
464 1787 525 1844 quo
550 1786 637 1828 meus
659 1768 853 1828 necessarius
880 1768 972 1829 luerit
993 1765 1088 1826 interior

86 1853 221 1925 Servius,
238 1861 319 1912 elea
334 1852 433 1912 dicam
450 1853 538 1913 vobis
551 1852 755 1922 audientibus
771 1850 885 1911 amisso
897 1851 959 1912 iam
971 1858 1086 1924 tempora
1121 1850 1123 1855 '

72 1953 166 2010 .quae
183 1935 244 2010 ipsi
262 1936 319 1995 soli
333 1952 367 1994 re
383 1936 500 2009 integra
515 1952 609 2010 saepe
624 1934 696 1993 dixi.
730 1934 837 1993 Petere
854 1936 1087 1995 consulatuum

1 2025 6 2050 ’
87 2018 166 2077 scire
181 2027 225 2088 te,
244 2017 340 2089 Servi,
359 2035 509 2093 persaepe
522 2019 576 2077 tibi
590 2018 669 2076 dixi:
685 2026 715 2077 et
728 2015 757 2075 in
773 2017 811 2077 iis
827 2019 920 2077 rebus
936 2017 1020 2093 ipsis,
1034 2025 1086 2088 quat

86 2110 115 2162 te
131 2117 241 2174 magno
257 2110 287 2160 et
304 2100 373 2160 ιοιιι
388 2101 487 2174 animo
503 2109 533 2160 et
548 2117 639 2175 agere
654 2109 684 2159 et
698 2099 802 2160 dicere
815 2099 975 2196 videbant,
999 2097 1045 2160 tibi
1055 2109 1086 2154 st·

85 2185 120 2245 lit
108 2192 156 2245 tus
172 2201 239 2244 sum
253 2184 354 2243 dicere
369 2184 467 2257 magis
481 2192 510 2244 te
523 2186 630 2244 fortem
640 2192 813 2243 senatorem
827 2183 901 2242 mihi
916 2183 1014 2243 videri
1023 2189 1087 2270 quart

87 2264 255 2343 sapientem
278 2267 479 2326 candidatum
515 2266 645 2325 Primum
668 2266 834 2326 accusandi
857 2274 992 2339 terrores
1012 2273 1038 2325 et
1053 2257 1087 2320 ni

86 2368 157 2423 nae,
182 2351 292 2425 quibus
312 2349 477 2421 tucotidie
499 2349 542 2432 uti
562 2348 700 2422 sclebaS,
724 2357 794 2409 sunt
815 2349 882 2409 lor
863 2359 902 2410 rs
918 2350 992 2419 viri,
1011 2346 1088 2408 sedet

86 2396 192 2508 populi
219 2433 393 2507 opinionem
415 2450 433 2491 a
455 2449 511 2506 spe
517 2426 722 2505 adipiscendi
746 2441 886 2492 avertunt
900 2443 932 2493 et
952 2433 1087 2499 amicorum

87 2516 187 2576 studia
208 2515 372 2575 debilitant.
408 2515 519 2575 Nescio
542 2532 602 2588 quo
626 2524 714 2588 pacto
731 2531 853 2589 semper
868 2515 929 2575 hoc
945 2518 992 2587 fit,
1016 2520 1088 2584 neque

5 2624 9 2632 ·
87 2600 197 2659 inuno
222 2606 274 2657 aut
297 2600 391 2657 altero
414 2598 658 2657 animadversum
677 2607 737 2668 est,
761 2599 817 2656 sed
833 2597 893 2656 iam
916 2599 947 2658 in
967 2596 1088 2673 pluribus:

87 2682 175 2742 simul
197 2689 288 2753 atque
307 2682 486 2741 candidatus
505 2680 731 2739 accusationem
749 2679 887 2739 meditari
905 2681 993 2741 visus
1010 2677 1089 2748 estrl

85 2766 232 2824 honorem
249 2765 434 2859 desperasse
449 2763 596 2823 videatur.
634 2762 684 2823 tt.
698 2762 775 2835 Quid
791 2771 886 2836 ergo?
901 2772 1051 2838 acceptam
1062 2757 1089 2815 ιι·

85 2848 192 2907 iuriam
214 2845 359 2921 persequi
379 2865 439 2906 non
469 2845 618 2920 placet?
610 2863 701 2904 immo
719 2846 915 2905 vehementer
930 2849 1040 2921 placet,
1053 2834 1090 2899 sed

85 2932 195 2992 aliudt
184 2941 303 3026 tempus
319 2939 365 2989 est
381 2929 513 3005 petendi,
529 2929 611 2988 aliud
626 2929 843 3003 persequendi.
872 2929 1058 2990 Petitoreme
1045 2937 1089 2998 egl.

86 3012 266 3111 praesertim
290 3015 484 3081 consulens
509 3028 619 3085 magna
635 3028 706 3085 spe
732 3028 842 3085 magno
860 3012 979 3086 animo,
1002 3001 1089 3082 magnii

87 3097 184 3167 copiis
209 3105 239 3156 et
259 3095 289 3155 in
315 3097 414 3155 lorum
435 3093 674 3168 clincampum
698 3094 807 3154 deduci
825 3097 912 3154 volo:
941 3113 1003 3156 non
1018 3089 1091 3186 placet

87 3174 159 3234 mihi
178 3177 333 3251 inquisitio
360 3178 512 3237 candidati
491 3177 720 3250 tpraenuncia
740 3180 899 3252 repulsae,
920 3188 1009 3240 nont
998 3173 1091 3240 testium

87 3257 301 3332 potiusquam
325 3261 560 3335 suffragatorum
583 3261 783 3335 comparatio,
811 3278 872 3320 non
894 3262 995 3322 minae
1020 3249 1091 3348 magis

89 3354 179 3410 quam
194 3340 373 3414 blanditiae,
397 3360 457 3402 non
481 3343 660 3403 declamatio
677 3343 779 3416 potius
802 3361 893 3417 quam
909 3335 1091 3420 perscrutatio,

88 3421 266 3496 praesertim
295 3440 387 3496 quum
411 3425 471 3484 iarn
491 3425 550 3486 hcc
577 3442 657 3485 novo
683 3442 767 3485 more
790 3443 897 3487 omnes
918 3429 984 3488 lere
1008 3427 1091 3486 dom⁰⁵
