2356 3854
304 126 307 133 ’
370 172 597 234 carm-a.
618 179 792 237 §.n-re.
1033 172 1097 237 aas

10 310 13 317 ι
63 310 69 319 x

70 337 164 398 quum
182 329 318 396 peterent
333 320 426 380 armis
440 320 476 393 ii,
502 337 631 395 quorum
646 331 730 383 erant
744 321 861 397 legibus
876 323 988 386 -etsi
1005 326 1035 386 in
1049 343 1096 387 re·

68 405 128 465 bus
143 402 340 479 iniquissimis
353 404 426 477 quid
436 412 538 478 potest
549 419 620 463 esse
632 405 742 478 nequi?
751 439 801 479 —,
814 416 913 466 tamen
930 425 1019 482 quem
1034 419 1098 471 erat

26 526 28 533 ·
70 487 290 561 aequissimum
316 496 421 547 contra
442 487 494 545 cn.
516 485 652 560 Pompeii
677 488 789 547 llberos
814 505 963 562 pugnare,
986 499 1098 566 queml

69 571 124 643 Te,
140 578 300 630 sectorem.
343 567 393 631 76.
414 571 462 628 An
485 585 576 642 quum
600 578 631 629 tu
646 570 785 628 Narbone
805 586 928 631 mensas
942 574 1096 649 hospitum

69 668 287 728 convomeres,
304 651 461 713 Dolabella
475 666 530 726 pro
547 659 575 709 le
589 651 619 711 in
633 651 781 726 Hispania
798 651 973 713 dimicaret?

132 735 189 807 Qui
205 752 279 796 vero
298 733 440 794 Narbone
462 733 592 793 reditus!
610 735 705 795 Etiam
729 735 894 808 quaerebat
913 752 967 795 cur
981 753 1038 811 ego
1056 755 1097 799 ex

67 816 138 892 ipso
155 834 247 879 cursu
267 826 327 877 lam
348 816 449 876 subito
465 817 668 876 revertissem.
711 816 849 891 Exposui
863 832 973 890 nuper,
994 830 1096 892 patres

20 964 23 969 ,
68 900 245 975 conscripti,
260 915 384 960 causam
399 898 515 959 reditus
530 899 599 958 mei.
625 901 725 970 Volui,
738 900 764 958 si
779 898 913 972 possem,
928 898 1017 958 etiam
1028 912 1096 962 ante

18 1010 23 1015 ·
65 982 222 1043 Kalendas
236 983 392 1042 lanuarias
408 981 619 1055 prodesserei
634 981 783 1057 publicae.
805 982 888 1052 Nam,
906 982 989 1054 quod
1006 998 1097 1054 quoe-

12 1089 22 1099 *
41 1092 49 1103 ·
65 1065 168 1136 rebus,
181 1082 241 1138 quo
254 1065 345 1124 modo
357 1062 515 1136 redissem,
529 1063 657 1138 primum
668 1065 745 1134 luce,
759 1080 818 1123 non
827 1063 975 1122 tenebris=
987 1063 1098 1124 deinde

10 1170 34 1195 ²-
67 1164 138 1208 curn
155 1146 266 1205 calceis
282 1155 312 1205 et
329 1154 408 1220 toga,
424 1147 514 1205 nullis
525 1163 581 1205 nec
599 1144 721 1205 Gallicis
736 1162 792 1205 neo
807 1148 937 1204 lacerna.
956 1146 1099 1207 Atellam

18 1228 21 1263 ³
65 1227 185 1302 aspicis
199 1244 246 1286 me
261 1236 291 1287 et
306 1227 491 1301 quidem‚ut
507 1227 633 1300 videris,
655 1228 759 1288 iratus.
795 1227 964 1303 -Netuiam
979 1245 1097 1288 mecum

10 1311 27 1349 ἒ·
66 1313 99 1371 in
115 1309 242 1383 gratiam
261 1311 384 1382 redeas,
407 1309 433 1369 si
460 1310 541 1370 scias
557 1327 647 1385 quarn
662 1327 710 1373 me
725 1311 838 1384 pudeat
852 1311 1005 1386 nequitiae
1019 1319 1098 1385 tuae,

67 1394 157 1453 cuius
178 1401 207 1451 te
229 1393 328 1466 ipsum
350 1409 411 1452 non
434 1394 537 1466 pudet.
586 1394 632 1451 llx
660 1393 792 1453 omnium
814 1393 955 1453 omnibus
975 1393 1110 1469 flagitiis

14 1474 16 1479 ’
65 1476 184 1536 nullum
199 1474 316 1549 turpius
333 1475 404 1548 vidi,
422 1476 534 1535 nullum
551 1475 664 1537 audivi.
733 1476 792 1549 Qui·
803 1475 948 1551 magister
965 1478 1098 1552 equitum

10 1558 13 1567 '
65 1557 166 1619 luisse
179 1556 232 1617 tibi
249 1556 396 1630 viderere,
415 1557 446 1618 in
460 1557 633 1633 proximum
647 1576 758 1620 annum
770 1562 959 1619 consulatum
976 1569 1100 1634 peteres

17 1688 22 1697 .
67 1642 118 1700 vel
140 1641 241 1715 potius
261 1656 402 1715 rogares,
422 1641 449 1701 is
471 1658 525 1714 per
546 1641 709 1716 municipia
723 1642 922 1717 coloniasque
938 1641 1098 1713 Galilaea

67 1740 131 1798 qua
145 1740 203 1783 nos
217 1730 286 1794 tum,
304 1740 397 1796 quum
409 1725 585 1783 consulatus
599 1725 765 1797 petebatur,
782 1740 843 1783 non
858 1724 1030 1798 rogabatur,
1045 1740 1097 1797 pe·

64 1814 132 1866 tere
154 1807 344 1865 consulatum
370 1805 560 1878 solebamus,
575 1820 644 1864 cum
661 1804 782 1864 Gallicis
806 1814 836 1867 et
854 1807 977 1867 lacerna
991 1822 1097 1866 cueur-

65 1886 144 1948 risti.
187 1887 290 1947 XXXI.
306 1884 357 1949 77.
378 1889 418 1946 At
440 1887 541 1947 videle
561 1887 712 1946 levitatem
725 1887 866 1948 bominis.
911 1889 1008 1961 Quum
1023 1889 1098 1947 hora

65 1969 131 2032 diei
152 1971 214 2030 lere
235 1967 354 2029 decima
372 1970 412 2029 ad
428 1969 510 2029 Saxa
523 1970 615 2030 rubra
630 1969 773 2042 venisset,
788 1969 905 2031 delituit
918 1971 949 2031 in
966 1972 1098 2047 quadarn

66 2053 243 2126 cauponula
262 2061 355 2126 atque
373 2052 414 2111 ibi
440 2069 475 2111 se
496 2053 652 2112 occultans
674 2053 846 2126 perpotavit
866 2054 906 2114 ad
922 2069 1097 2130 vesperam:

64 2136 142 2198 inde
160 2134 235 2196 cisio
252 2134 390 2194 celeriter
413 2135 452 2193 ad
467 2136 573 2195 orbern
588 2136 751 2209 advectus,
766 2136 889 2195 domum
904 2137 986 2197 venit
999 2137 1097 2208 capite

64 2219 226 2280 obvoluto.
268 2217 395 2277 Ianitor:
422 2217 494 2290 Quis
521 2226 568 2278 tut
590 2219 620 2276 A
638 2213 740 2277 Marco
762 2217 946 2277 tabellarius.
991 2217 1098 2276 Conl-

50 2300 141 2383 ,stim
160 2302 198 2360 ad
214 2313 296 2374 eam,
318 2299 405 2360 cuius
427 2316 521 2361 causa
536 2308 671 2373 venerat,
686 2299 777 2374 eique
793 2299 952 2373 epistolam
967 2297 1098 2359 tradidit.

65 2385 165 2458 Quum
182 2399 273 2457 quum
288 2381 338 2443 illa
353 2384 467 2458 legeret
481 2383 558 2443 ilens
578 2415 613 2427 -
637 2391 700 2444 erat
715 2382 795 2442 enim
811 2380 925 2455 scripta
939 2381 1097 2441 amatorie=

63 2474 164 2540 caput
186 2473 286 2526 autem
304 2465 467 2527 litterarum
490 2467 547 2526 sibi
569 2483 637 2526 cum
651 2468 702 2525 illa
715 2465 805 2525 mima
820 2465 949 2540 posthae
963 2462 1036 2523 nibil
1052 2464 1097 2523 lu-

64 2559 183 2611 turum=
200 2563 330 2623 ,omnem
358 2565 392 2608 se
418 2566 551 2609 amorem
578 2547 730 2609 abiecisse
756 2549 837 2606 illine
855 2555 947 2622 atque
966 2545 996 2606 in
1019 2545 1098 2606 hanc

65 2629 274 2693 transfudisse
287 2664 324 2676 -
338 2648 429 2705 quum
445 2631 550 2691 mulier
565 2630 651 2692 fleret
667 2630 801 2705 uberius,
810 2631 909 2692 bomo
924 2627 1098 2697 misericors

67 2716 152 2774 serre
172 2730 233 2773 non
249 2713 358 2788 potuit,
369 2722 471 2788 caput
487 2713 614 2787 aperuit,
630 2715 659 2772 in
673 2716 782 2775 collum
797 2714 917 2775 invasit.
961 2712 984 2770 0
1003 2712 1098 2770 homi-

67 2799 142 2857 n'em
168 2805 314 2872 nequam!
340 2796 416 2870 Quid
437 2795 516 2855 enim
535 2795 617 2854 aliud
637 2795 756 2856 dicam?
775 2797 873 2871 Magis
890 2794 1013 2870 proprie
1026 2792 1100 2853 nibil

67 2897 201 2956 possum
221 2880 343 2940 dicere.
376 2880 466 2954 Ergo,
482 2887 515 2938 ut
534 2887 564 2938 te
581 2878 766 2950 Catamitum,
789 2878 983 2952 necopinato
1007 2891 1099 2950 quurn

70 2962 281 3035 ostendisses,
301 2971 421 3036 praeter
441 2978 525 3038 spem
550 2959 656 3020 mulier
674 2959 841 3034 aspiceret,
863 2959 978 3019 ideirco
993 2958 1099 3018 urbem

69 3056 188 3107 terrore
204 3054 360 3119 nocturno,
375 3045 489 3107 ltaliam
503 3046 661 3106 multorum
673 3044 787 3102 dierum
805 3050 887 3102 metu
898 3040 1100 3117 perturbasti?

41 3140 45 3145 '
71 3126 125 3205 ta.
148 3128 186 3188 llt
205 3127 288 3188 domi
308 3130 427 3203 quidem
444 3145 566 3189 causam
583 3126 696 3187 amoris
711 3124 830 3196 babuit,
846 3124 921 3186 loris
936 3125 1026 3186 etiam
1041 3131 1099 3183 tur-

63 3209 207 3286 piorem,
228 3226 267 3270 ne
285 3212 318 3270 L.
337 3211 464 3272 Plancus
483 3213 612 3285 praedes
633 3227 707 3271 suos
728 3210 881 3269 venderet.
930 3207 1099 3287 Productus

71 3302 176 3355 autem
191 3295 219 3353 in
241 3292 410 3352 contionem
426 3293 578 3354 atribuno
601 3293 697 3369 plebis
720 3309 811 3368 quum
832 3291 1049 3367 respondisses
1069 3299 1100 3349 te
