2356 3854
249 176 714 267 ἰιιμιι-ιιιιι-ιιι
891 206 894 213 ·
928 207 1005 278 ἰιι

66 355 255 440 potestesse
273 356 451 410 antusr—
465 350 521 410 sed
541 367 580 410 ne
599 352 680 413 hunc
694 353 844 428 quidem
833 371 952 432 ιριιιιιι,
971 369 1006 422 ιιι
1032 412 1039 418 „
1070 361 1074 369 '

66 432 142 490 iscar
163 432 268 526 quanti
288 447 337 490 me
362 448 484 506 semper
505 434 646 494 lecerius.
690 435 774 511 Quae
792 438 821 499 si
844 454 901 500 vos
924 442 1006 538 cepit

69 531 86 573 0
102 521 154 573 aut
169 512 196 572 si
210 513 242 570 in·
255 529 303 572 me
319 514 432 589 aliquid
447 514 632 588 offendistis,
642 533 696 577 cur
710 534 770 579 non
782 520 813 579 id
823 538 892 583 meo
904 524 1004 599 capite

66 594 182 656 eluitur
197 611 287 690 quam
303 596 448 656 Milonist
470 598 629 658 Praeclare
649 589 728 660 enim
750 601 866 677 vixero,
888 606 1004 680 siquid

67 678 215 738 acciderit
237 678 322 753 prius
341 696 430 753 quam
451 680 509 743 hoc
536 689 649 742 tanturn
670 683 740 742 mali
766 685 1001 750 videro-100.

71 777 120 821 me
134 778 196 821 una
208 762 377 823 consolatio
389 771 546 836 sustentat,
562 765 644 839 quod
659 764 720 839 tibi,
736 767 768 831 T.
777 767 869 840 Auni,
888 772 1001 831 nullum

69 843 201 916 amoris,
221 846 334 904 nullum
352 845 456 919 studii,
479 847 592 906 nullum
607 848 727 922 pietatis
748 849 882 909 cilicium
895 852 1001 914 deluit

71 926 230 986 nimicitias
251 928 418 1002 potentium
433 945 488 1022 pro
509 936 538 988 te
549 929 701 1026 appetiti,
720 945 778 1024 agn
792 948 892 993 meum
905 950 1002 1010 saepe

66 1028 87 1069 s
110 1019 141 1069 et
160 1009 252 1069 vitam
280 1010 378 1070 obieci
404 1009 495 1071 armis
515 1011 705 1073 inimicorum
726 1013 860 1089 tuorum,
881 1030 939 1089 ego
953 1033 1002 1078 mc

66 1094 111 1152 nis
126 1108 183 1182 pro
196 1100 225 1152 te
238 1093 407 1189 supplicem
418 1093 534 1167 abieci,
552 1095 647 1167 bona,
665 1098 800 1157 fortunas
814 1113 899 1157 meas
914 1114 951 1159 ac
967 1099 1001 1160 li·

66 1192 114 1235 um
134 1174 268 1237 meorum
290 1176 321 1235 in
341 1177 581 1237 communionem
603 1187 720 1241 tuorum
740 1187 909 1257 temporum
929 1196 1002 1243 con·

65 1274 116 1317 roc
131 1257 283 1334 denique
275 1276 344 1333 rpso
362 1258 426 1330 die,
448 1259 482 1320 si
499 1277 559 1333 qua
574 1260 620 1320 vis
632 1270 818 1343 amparate,
840 1265 866 1324 si
883 1264 1001 1339 quadi·

66 1340 93 1400 io
109 1340 215 1416 capitis
231 1343 345 1415 lutura,
360 1343 507 1416 deposco.
551 1339 703 1416 Quidnam
725 1353 840 1406 restam
860 1346 933 1421 quid
948 1348 1001 1408 ιιι·
1022 1339 1025 1343 ’
1052 1390 1053 1395 ι

66 1423 143 1498 ιιιοά
163 1423 271 1505 inciam
295 1442 352 1500 pro
375 1425 434 1486 tuis
448 1424 478 1484 in
498 1442 545 1486 me
565 1427 680 1487 meritis
694 1427 760 1488 ‘nisi
778 1438 811 1490 ut
825 1444 892 1491 eam
907 1432 1000 1491 lurtu-

80 1523 291 1582 quaecumque
312 1508 366 1568 erit
380 1516 445 1582 tua,
466 1510 574 1569 ducam
589 1517 708 1570 meaml
732 1513 798 1571 Non
813 1514 924 1587 abnuo,
939 1529 1001 1573 non

66 1607 97 1661 o,
119 1607 239 1665 vosque
254 1592 399 1664 obsecro,
416 1591 548 1662 indicem
574 1601 608 1653 ut
621 1602 723 1653 vestra
737 1595 900 1668 beneficia,
922 1610 1000 1670 qnae

66 1673 265 1745 contulistis,
277 1683 328 1734 aut
343 1674 373 1734 in
386 1675 475 1735 huius
494 1676 589 1734 salute
604 1675 742 1763 augeatis
756 1685 807 1735 aut
823 1676 853 1735 in
864 1678 1000 1736 eiusdem
1085 1700 1092 1704 ·

81 1772 230 1816 occasura
245 1773 315 1817 esse
328 1756 466 1817 videatis.
600 1796 603 1807 ·

66 1840 180 1899 XXVII.
195 1838 265 1901 101.
280 1839 334 1900 His
345 1839 478 1899 lacrimis
494 1856 554 1900 non
570 1847 708 1899 movetur
722 1837 795 1899 Milo
806 1871 849 1884 -
859 1835 907 1898 est
924 1854 999 1914 quo·

66 1922 228 1982 ¹incredibili
242 1925 353 1983 robore
369 1922 458 1982 animi
468 1954 526 1994 ·—‚
539 1923 595 1982 sed
611 1922 750 1982 exsilium
765 1920 806 1980 ibi
820 1934 893 1982 esse
906 1929 1000 1997 putat,
1070 1939 1074 1946 ·

66 2005 138 2066 rtuti
158 2022 218 2066 non
235 2006 280 2068 'sit
300 2006 405 2067 locus=
430 2013 556 2066 mortem
578 2013 702 2066 naturae
720 2005 811 2063 linem
825 2019 915 2075 esse,
938 2020 1000 2066 non
1071 2006 1081 2022 ⁸

66 2105 111 2146 tm.
141 2088 186 2149 Sit
202 2089 250 2155 hic
265 2096 421 2160 comente,
437 2106 497 2163 qua
512 2097 599 2148 natus
614 2096 674 2149 est:
693 2087 766 2161 quid
780 2103 846 2160 vos,
861 2084 1003 2147 indicens

66 2172 180 2230 landem
211 2172 310 2232 animo
330 2171 441 2231 eriis?
471 2171 646 2233 Memoriam
670 2169 791 2240 Milonis
822 2166 999 2243 retinebitis,

66 2271 75 2311 ι
89 2255 234 2314 encrensi
255 2263 286 2316 et
305 2256 361 2315 erit
383 2254 501 2329 dignior
515 2257 601 2315 locus
615 2253 717 2315 ullus
710 2271 740 2312 ιιι
752 2252 840 2314 terris
856 2253 907 2327 qui
921 2253 1000 2311 hanc

66 2351 111 2396 em
133 2338 266 2413 excipiat
279 2355 382 2434 quam
403 2337 468 2411 bic,
491 2337 542 2413 qul
556 2338 752 2413 procreavit?
769 2338 859 2409 Vos,
866 2350 924 2395 vos
945 2351 999 2409 ap·

66 2421 242 2486 ‚tortissimi
258 2421 329 2491 viri,
353 2421 405 2496 qui
415 2424 545 2481 multum
561 2436 666 2495 prore
683 2418 805 2494 publica
819 2416 1000 2494 sanguinem

66 2500 139 2564 lstis=
156 2520 212 2564 vos
226 2504 257 2564 in
271 2503 327 2563 viri
345 2513 375 2563 et
388 2504 416 2564 in
433 2504 508 2565 civis
525 2503 627 2564 invicti
639 2502 773 2587 periculo
786 2503 916 2577 appello,
928 2514 998 2561 cen-

66 2600 122 2659 tes,
151 2603 285 2662 uosque,
305 2585 430 2652 milites=
455 2587 545 2647 vobis
566 2603 628 2647 non
644 2587 734 2647 modo
742 2582 999 2661 inspectantibus

66 2667 130 2728 tiam
147 2671 270 2730 armatis
285 2679 315 2729 et
335 2669 405 2728 huic
426 2669 538 2730 iudicio
559 2668 801 2744 praesidentibus
820 2668 898 2728 baec
918 2675 999 2728 tanta

66 2788 67 2796 ι
90 2770 129 2813 ex
149 2754 206 2813 bac
227 2755 301 2813 arbe
322 2752 504 2824 expellatur,
527 2752 785 2823 exterminabitur,
805 2749 1001 2825 proiicicturt

66 2831 83 2890 0
102 2853 149 2895 me
165 2837 318 2905 miserum,
334 2850 410 2894 ome
427 2833 590 2893 infelicem!
607 2836 763 2894 Revoeare
783 2842 816 2893 tu
837 2831 930 2891 mein
945 2845 994 2904 pa·

66 2919 160 2984 ,Milo
169 2919 322 2993 ‚potuisti
338 2933 391 2991 per
408 2916 481 2987 lros,
503 2931 561 2990 ego
582 2926 612 2977 te
632 2917 662 2974 in
684 2915 781 2988 patria
802 2931 857 2989 per
873 2911 997 2973 eosdem

67 3016 100 3062 re
118 3019 177 3060 nou
199 3008 328 3076 potero?
347 2999 424 3072 Quid
444 2992 638 3071 r'espondebo
660 2996 762 3056 liberis
778 2995 869 3067 meis,
891 2991 943 3088 qui
969 2999 999 3051 te

66 3090 128 3144 tem
143 3087 268 3145 alterum
286 3089 411 3159 putanti
433 3081 505 3156 quid
525 3081 590 3150 tibi,
616 3078 723 3153 Quinte
739 3081 838 3149 irater,
851 3075 901 3152 qui
919 3090 999 3133 nunc

89 3170 224 3228 consorti
252 3182 369 3226 mecum
397 3172 563 3237 temporum
589 3163 727 3222 illorumt
749 3176 837 3223 mene
862 3174 923 3218 non
944 3173 1000 3232 po-

81 3250 205 3311 Milonis
220 3252 347 3311 salutem
363 3249 438 3308 tueri
456 3263 509 3320 per
523 3247 664 3316 eosdem,
690 3259 745 3318 per
765 3259 844 3317 quos
864 3249 999 3302 nostram

66 3330 218 3393 arvassetl
245 3337 284 3393 At
315 3331 344 3390 in
371 3347 432 3405 qua
456 3344 548 3388 causa
573 3344 632 3399 non
659 3325 823 3422 potuisset
854 3332 1002 3400 quaeest

78 3459 150 3481 .....
171 3416 311 3490 gentibus
327 3431 388 3511 non
402 3409 629 3488 potuissetis,
651 3409 703 3486 qui
720 3408 890 3470 maximeP.
903 3398 1000 3468 clodii
1092 3412 1098 3424 ¹
