2356 3854
45 110 155 225 'no'
226 188 228 191 .
321 159 359 216 tn
377 140 406 216 c.
423 156 585 216 vanarn
600 126 733 212 noun.
748 154 819 212 nro.
835 126 909 213 rv.'
1017 113 1019 116 ⁴

76 307 159 384 'quid
180 304 301 380 gravius
320 306 350 364 in
371 306 477 365 Heium
500 303 642 364 statuisse
665 303 873 362 Mamertinos:
902 319 992 377 quam
1012 311 1058 376 put

85 381 291 450 auctoritatem
305 388 485 447 laudationis
506 384 609 446 eorum
630 387 771 457 suturam,
795 385 821 443 si
847 386 877 444 in
899 402 984 457 eum,
1012 400 1058 460 qut

86 479 203 532 constet
217 486 320 529 verum
335 475 390 545 pr'o
401 469 572 529 testimonio
584 467 714 540 dixisse,
729 483 856 541 poenam
873 467 1058 530 constituerin

86 552 214 629 Tametsi
230 569 308 626 quae
328 561 375 611 est
390 553 448 611 ista
463 552 610 623 laudatio,
631 568 722 625 quum
743 551 880 610 laudator
900 550 1058 622 interrogat

3 642 7 653 ¹
88 637 188 709 laedat
209 649 337 693 necesse
357 641 423 694 esta
451 634 548 706 Quid?
569 632 619 692 isti
638 634 810 693 laudatores
830 632 872 691 tui
892 647 992 690 nonna
1006 638 1058 691 test

87 718 145 778 mei
160 723 248 775 sunt?
271 717 365 776 Heius
382 723 428 775 est
442 716 593 776 laudator:
615 716 702 774 laesit
715 714 902 788 gravissime.
934 714 1058 772 Produoa

89 806 240 860 caeteros:
255 798 422 857 reticebunt
437 816 515 872 quae
532 800 672 873 poterunt
688 798 823 883 libenter,
841 797 941 879 dicent
956 811 1058 868 quaen

89 897 178 951 cesse
199 878 254 940 erit
275 879 408 952 ingratis.
440 882 555 954 Negent
574 879 621 938 isti
640 879 805 938 onerariam
819 895 927 937 navem
942 877 1058 935 maxima

88 963 275 1026 aedificatam
290 977 360 1019 esse
374 961 555 1021 Messanae?
571 971 695 1035 negent,
717 963 743 1018 si
765 969 902 1034 possunt.
935 960 1045 1034 Negent

89 1045 159 1105 navi
176 1051 344 1104 senatorem
357 1043 564 1104 Mamertinum
578 1043 697 1118 publice
715 1044 907 1117 praefuisset
922 1044 1030 1102 utinam
1043 1056 1057 1097 n

91 1135 175 1201 gent!
209 1125 284 1183 Sunt
298 1123 386 1183 etiam
402 1135 534 1198 caetera,
553 1139 630 1200 quae
644 1127 721 1184 malo
737 1126 852 1199 integra
873 1139 1041 1194 reservare,

20 1237 26 1241 ·
91 1224 180 1283 quam
191 1206 342 1265 minimum
354 1205 422 1263 dem
432 1205 490 1263 illis
504 1208 646 1279 temporis
659 1209 696 1267 ad
707 1208 912 1266 meditandum
923 1207 1058 1267 confirma

80 1292 223 1363 ‘dumque
242 1287 413 1361 periurium.
436 1286 486 1346 20.
506 1288 588 1345 Haec
609 1289 661 1347 tibi
673 1290 804 1350 laudatio
825 1291 973 1364 procedat
994 1288 1021 1346 in
1040 1303 1058 1344 n

91 1388 218 1430 merum:
235 1369 263 1427 hi
277 1378 306 1428 te
322 1369 459 1428 homines
472 1368 649 1431 auctoritate
663 1389 719 1431 sua
738 1373 912 1446 sublevent,
936 1373 987 1446 qui
1002 1372 1056 1428 ten

91 1469 150 1527 que
165 1453 281 1543 debent
301 1451 460 1523 adiuvare,
481 1453 506 1509 si
529 1451 660 1524 possint,
680 1469 777 1527 neque
791 1463 934 1530 possunt,
954 1454 981 1513 si
1000 1450 1058 1510 velit

82 1535 201 1609 quibus
216 1542 248 1592 tu
262 1533 399 1607 privatim
416 1533 538 1592 iniurias
564 1532 706 1605 plurimas
728 1537 985 1609 contumeliasque
1004 1537 1057 1606 imp

18 1632 22 1638 ’
91 1615 192 1692 suisti,
211 1617 313 1690 quoin
330 1615 442 1689 oppido
462 1616 569 1674 multas
583 1614 709 1672 lamilias
724 1623 801 1677 totas
818 1619 849 1676 in
863 1614 1058 1692 perpetuumi

92 1701 187 1759 lames
204 1698 263 1757 tuis
278 1699 389 1770 stupris
405 1696 586 1771 flagitiisque
602 1696 708 1755 fecisti.
739 1702 780 1756 At
793 1701 912 1771 publice
928 1697 1058 1759 commod

92 1782 138 1842 sti.
168 1781 234 1840 Non
251 1780 315 1840 sine
329 1795 437 1852 magno
455 1779 574 1852 quidem
588 1777 633 1838 rei
646 1770 784 1851 pibtlcae
804 1778 1058 1856 provinciaequei

92 1864 177 1923 ciliae
198 1863 384 1922 detrimento.
422 1861 520 1920 Tritici
543 1861 675 1921 modium
699 1876 737 1917 Lx
760 1861 840 1920 milia
864 1874 963 1938 empta
986 1880 1058 1938 popu

90 1946 226 2004 Romano
241 1946 312 2003 dare
326 1944 474 2003 debebant
489 1953 518 2002 et
528 1944 673 2014 solebant,
688 1943 743 2001 abs
757 1951 786 2001 te
798 1944 863 2002 solo
873 1948 1031 2006 remissum
1040 1961 1058 2002 e:

91 2025 286 2098 Respublica
307 2025 513 2084 detrimentum
535 2024 618 2095 lecit,
640 2025 722 2097 quod
742 2041 796 2098 per
815 2033 844 2084 te
864 2025 981 2100 imperii
1002 2030 1046 2087 ius

93 2122 153 2165 una
179 2106 296 2164 civitate
321 2106 504 2164 imminutum
532 2113 591 2166 est:
621 2105 728 2176 Siculi,
755 2108 837 2180 quod
861 2106 960 2180 ipsum
982 2127 1058 2169 non*

95 2204 210 2249 summa
222 2186 362 2246 frumenti
379 2187 542 2246 detractum
558 2195 613 2260 est,
630 2189 690 2246 sed
703 2190 875 2248 translatum
890 2189 920 2246 in
936 2191 1058 2264 Centurip

94 2286 150 2330 nos
165 2279 194 2328 et
204 2269 397 2340 Halaesinos,
413 2268 558 2328 immunes
575 2270 716 2342 populos,
734 2280 763 2330 et
778 2271 834 2330 lroo
850 2271 917 2344 plns
930 2272 1058 2348 impositu

96 2369 185 2425 quam
200 2352 276 2411 le'rre
295 2359 430 2424 possent.
459 2348 508 2414 21.
540 2352 652 2410 Navem
667 2352 814 2426 imperare
830 2352 959 2412 debuisti
980 2373 1018 2415 ex
1036 2357 1058 2413 lo

94 2435 179 2492 dere=
193 2432 334 2492 remisisti
347 2433 375 2491 in
392 2432 562 2493 triennium:
583 2433 704 2493 militem
720 2437 831 2494 nullum
846 2452 988 2509 umquam
1005 2454 1058 2510 pop

94 2514 178 2573 scisti
193 2501 248 2587 p&
260 2524 303 2574 tot
317 2531 423 2575 annos.
454 2515 563 2574 Fecisti
577 2515 662 2588 item,
684 2524 716 2576 ut
733 2519 901 2589 praedones
917 2519 1027 2577 solent:
1046 2537 1058 2590 q

94 2613 186 2669 quum
201 2596 303 2655 hostes
319 2613 492 2655 communes
510 2594 569 2656 sint
580 2598 720 2668 omnium,
737 2608 835 2658 tamen
850 2601 969 2673 aliquos
984 2602 1038 2660 sibi
1053 2600 1058 2658 l

94 2677 218 2738 stituunt
239 2678 366 2750 amicoS,
394 2678 502 2751 quibus
531 2696 590 2738 non
606 2680 696 2739 modo
720 2690 856 2753 parcant,
884 2699 987 2740 verum
1012 2682 1058 2741 etia

96 2760 207 2834 praeda
224 2777 301 2833 quos
318 2766 455 2832 augeant,
472 2768 502 2821 et
516 2777 569 2820 eos
586 2763 728 2833 maxime,
750 2763 803 2836 qui
821 2763 933 2840 habent
955 2765 1058 2838 oppidi

94 2850 262 2917 opportuno
292 2844 375 2912 loco,
410 2859 470 2916 quo
496 2859 589 2917 saepe
613 2844 783 2903 adeundum
808 2843 846 2904 sit
869 2846 1011 2918 navibus,
1040 2863 1055 2903 n

93 2942 255 2999 numquam
276 2923 363 2984 etiam
383 2922 565 2984 necessario.
594 2927 630 2984 X.
659 2920 794 2986 Phaselis
815 2927 878 2999 illa,
906 2946 995 3002 quam
1023 2944 1058 3000 ce,

92 3008 122 3065 P.
140 3006 299 3079 Servilius,
320 3024 379 3065 non
400 3007 495 3067 luerat
514 3008 585 3066 urbs
606 3016 692 3066 antea
708 3008 829 3069 Cilicum
850 3018 879 3069 et
898 3012 1058 3084 praedonut

93 3089 177 3164 Lycii
199 3091 294 3162 illam,
319 3089 424 3148 Graeci
447 3090 598 3162 homineS,
623 3089 802 3150 incolebant.
840 3091 901 3151 Sed
929 3094 1013 3166 quod
1037 3109 1058 3152 et

95 3170 159 3228 eius
176 3172 339 3231 modiloco
354 3180 444 3245 atque
462 3173 500 3230 ila
516 3170 648 3244 proiecta
662 3171 691 3230 in
705 3173 804 3242 altum,
826 3183 858 3233 ut
873 3182 899 3232 et
915 3184 1058 3235 exeuntes

94 3249 194 3309 Cilicia
214 3256 383 3326 praedones
403 3270 496 3328 saepe
513 3255 552 3312 ad
574 3270 638 3311 eam
654 3255 825 3314 necessario
844 3257 1034 3328 devenirent,

91 3348 184 3406 quum
199 3350 233 3391 se
247 3351 284 3393 ex
301 3336 384 3395 hisce
398 3334 473 3394 locis
489 3336 671 3410 reciperent,
686 3337 792 3395 eodem
808 3337 1058 3414 deterrentur,as⁴
