2384 3854
259 181 484 245 CAP.18—20.
500 189 669 248 §.ao-ar.
790 210 794 219 =
915 258 919 265 ¹
946 179 986 245 15

81 328 197 405 aliquid
219 331 324 390 saltem
344 333 518 405 commode,
538 340 629 393 utne
649 335 739 408 plane
755 332 886 395 videaris
895 334 929 394 id
943 335 986 394 la-

73 413 159 487 quod
173 420 277 493 aperte
296 414 386 483 lacis,
408 414 498 475 huius
516 414 619 474 miseri
634 414 764 477 fortunis
778 417 928 477 ethorum
942 416 987 475 vi·

89 495 193 554 talium
222 495 357 570 dignitati
381 496 516 557 illudere.
538 532 578 542 —
598 498 793 558 Exheredare
816 501 910 560 lilium
931 515 985 558 vo-

62 577 195 651 -Quam
211 579 250 638 ob
265 586 465 641 oausamt—
480 579 657 640 Nescio—
670 581 934 642 Exheredavitnet
944 576 1010 626 -‘

62 693 97 706 -
126 659 199 733 Quis
221 661 449 747 prohibuitt—
471 662 691 736 cogitabat—
649 663 908 740 -lcogitaltatal
932 664 985 723 Cui

77 776 120 790 --
144 743 330 803 Nemini-
330 736 431 817 Quid
453 753 500 805 est
519 745 602 804 aliud
621 743 733 804 iudicio
756 761 792 804 ac
813 747 930 821 legibus
949 762 985 805 ac

62 833 118 885 late
132 832 237 885 vestra
251 826 332 886 abuti
350 827 389 886 ad
405 835 564 901 quaestum
582 835 672 901 atque
688 827 728 885 ad
742 827 909 901 libidinem,
926 828 984 888 nisi

62 909 138 967 rodo
164 924 311 968 accusare
325 917 416 983 atque
430 909 461 968 id
478 910 625 989 obiicere,
649 910 732 993 quod
745 910 868 982 planum
884 912 984 969 ιιεειε

62 992 128 1050 odo
144 1007 205 1050 non
217 991 340 1064 possis,
354 1008 456 1051 verum
470 1009 508 1051 ne
525 992 644 1054 coneris
657 982 800 1066 quidem?
825 991 875 1053 55.
890 993 984 1051 Nemo

62 1091 97 1132 rm
114 1081 176 1144 est,
192 1073 296 1144 Eruci,
315 1074 386 1147 quin
404 1072 480 1135 sciat
493 1075 546 1134 tibi
560 1073 730 1135 inimicitias
747 1091 815 1133 cum
836 1074 909 1134 Sex.-
923 1076 983 1135 Ro-

62 1156 146 1216 rullas
168 1171 254 1215 esse:
278 1155 380 1216 vident
400 1173 506 1217 omues
528 1175 588 1231 qua
610 1159 647 1217 de
664 1173 757 1217 causa
771 1156 852 1216 huc
845 1156 985 1216 mimicus

62 1257 81 1298 r:
101 1237 202 1297 sciunt
213 1237 340 1298 huiusce
354 1238 483 1312 pecunia
497 1248 524 1298 te
538 1240 700 1299 adductum
715 1256 796 1300 esse.
819 1239 896 1313 Quid
910 1255 983 1313 ergo

65 1329 92 1380 la
111 1329 212 1380 tamen
235 1329 380 1394 quaestus
400 1329 429 1380 ιε
445 1322 587 1396 cupidum
601 1339 672 1383 esse
688 1323 860 1396 oportebat,
881 1329 914 1382 ut
928 1322 982 1382 ho-

62 1402 297 1463 xistimationem
319 1412 348 1464 et
367 1405 465 1481 legem
478 1404 643 1465 Remmiam
665 1412 787 1479 putares
802 1404 917 1479 aliquid
931 1399 982 1463 ira-

62 1493 190 1559 porterc.
217 1485 280 1544 XX.
295 1488 501 1547 Accusatores
519 1488 629 1548 multos
645 1505 716 1548 esse
731 1488 761 1546 in
778 1488 896 1547 civitate
910 1487 982 1547 utile

62 1575 74 1626 t
94 1575 176 1627 metu
199 1567 385 1628 contineatur
406 1568 547 1629 audacia:
568 1587 674 1629 verum
689 1580 789 1630 tamen
804 1570 864 1630 hoe
880 1569 921 1630 ita
935 1577 985 1630 est

61 1659 93 1710 ut
110 1667 149 1709 nc
164 1651 254 1724 plane
268 1651 427 1711 illudamur
443 1653 481 1711 ab
497 1652 736 1713 accusatoribus.
770 1655 920 1712 Innocens
936 1659 984 1712 est

62 1749 119 1803 am,
138 1741 365 1805 verumtamen,
378 1750 560 1808 quamquam
569 1734 656 1794 abest
666 1751 684 1792 a
696 1735 794 1808 culpa,
807 1733 982 1807 suspicione

72 1831 134 1874 non
152 1822 243 1875 caret.
277 1817 407 1877 Tametsi
421 1816 564 1876 miserum
581 1823 641 1888 εει,
662 1824 761 1875 tamen
777 1815 820 1887 ei,
837 1815 888 1889 qui
901 1815 982 1875 hunc

62 1905 96 1969 ιι,
113 1897 231 1972 possim
245 1899 347 1972 aliquo
362 1899 453 1958 modo
469 1898 638 1972 ignoscere.
659 1897 755 1970 Quum
774 1898 851 1957 enim
867 1897 982 1972 aliquid

62 2001 65 2040 r
87 1980 172 2054 quod
192 1981 291 2055 possit
312 1981 473 2040 criminose
494 1997 529 2040 ac
550 1979 722 2054 suspiciose
738 1980 854 2053 dicere,
878 1987 982 2055 aperte

62 2061 106 2120 ari
127 2070 158 2123 et
180 2063 354 2123 calumniari
375 2063 476 2123 sciens
492 2079 552 2123 non
566 2064 712 2123 videatur.
751 2061 800 2124 56.
824 2063 921 2136 Quare
937 2065 980 2122 ia-

62 2161 137 2205 nnes
153 2145 283 2240 patimur
298 2162 367 2206 esse
386 2162 475 2219 quam
495 2146 642 2221 plurimos
663 2155 874 2217 accusatores,
898 2146 980 2220 quod

62 2245 119 2301 ns
135 2243 161 2286 ει
177 2237 339 2289 accusatus
358 2227 410 2301 sit,
426 2228 545 2290 absolvi
559 2236 675 2303 potest
699 2245 830 2299 nocens,
852 2228 910 2287 nisi
930 2243 979 2286 ac-

63 2311 212 2394 ειιιειιι,
242 2311 436 2371 condemnari
457 2328 517 2370 non
539 2320 593 2385 pot
581 2319 653 2371 t=est
685 2310 788 2371 utilius
809 2318 857 2370 εει
881 2318 980 2370 autem

62 2410 71 2451 ι
86 2392 281 2453 innocentem
297 2410 385 2468 quam
401 2403 559 2453 nocentem
575 2410 697 2453 causam
711 2410 784 2452 non
789 2393 898 2452 dicere.
917 2394 979 2450 An-

62 2491 75 2534 s
99 2475 213 2535 cibaria
234 2477 354 2551 publice
369 2477 507 2537 locantur
522 2484 551 2536 et
568 2492 660 2536 canes
677 2474 819 2535 aluntur'
811 2493 840 2535 m
861 2474 979 2550 Capito-

62 2567 68 2617 t
92 2558 265 2633 significent
286 2560 312 2618 si
333 2560 415 2618 iures
430 2559 577 2619 venerint.
611 2560 652 2619 At
675 2558 816 2618 lurest
771 2550 802 2617 ιιι
804 2567 979 2618 ternoscere

62 2650 183 2701 essunt:
213 2642 383 2714 significant
399 2650 512 2711 tamen,
535 2641 562 2700 si
583 2641 634 2715 qui
649 2650 741 2703 noctu
756 2642 785 2699 ιιι
802 2640 979 2719 Capitolium

62 2731 107 2797 ιιι,
129 2732 159 2783 ει
180 2724 251 2798 quia
273 2724 304 2783 id
325 2733 371 2785 est
388 2724 608 2799 suspiciosum,
630 2723 748 2788 tametsi
770 2723 886 2783 bestiae
901 2730 978 2795 sunt,

62 2805 95 2867 in
108 2816 302 2881 campartem
315 2806 417 2882 potius
428 2815 571 2881 peccant,
585 2815 722 2882 quaeest
735 2807 858 2867 cautior.
878 2805 979 2879 Quod·
1031 2848 1037 2855 x

62 2904 221 2964 equoque
245 2906 336 2950 canes
359 2891 482 2963 latrent,
508 2908 599 2965 quum
616 2892 692 2950 deos
709 2890 870 2951 salutatum
884 2883 978 2959 aliqui

62 2976 106 3045 ut,
122 2972 240 3047 opinor,
248 2972 285 3032 iis
293 2989 380 3033 crura
391 2973 570 3061 sullringant
570 2990 615 3047 ur,
624 2973 708 3048 quod
720 2988 807 3031 aeres
819 2971 879 3030 sint
889 2968 978 3027 etiam

62 3071 147 3131 ιιιιιιιι
172 3055 306 3129 suspicio
328 3057 409 3116 nulla
427 3054 473 3116 sit.
514 3053 563 3117 57.
586 3055 741 3116 Simillima
756 3061 802 3112 est
819 3059 988 3130 accusato-x

62 3134 121 3201 olo
149 3139 209 3198 Alii
226 3147 358 3201 vestrum
374 3154 498 3198 anseres
515 3145 597 3210 sunt,
615 3138 674 3233 qui·
684 3145 798 3199 tantum
812 3134 901 3194 modo
918 3135 977 3193 ela·
1032 3154 1034 3159 ·

64 3204 180 3301 ιιοεειε
192 3239 253 3282 non
271 3228 421 3297 possunt,
436 3219 486 3279 alii
502 3235 607 3291 canes,
624 3220 676 3294 qui
691 3227 720 3278 et
731 3220 838 3276 latrare
853 3225 883 3277 ει
898 3234 976 3278 mor-
1038 3289 1043 3305 Ι

104 3306 188 3365 unt
218 3304 335 3364 Cibaria
358 3292 444 3362 vobis
466 3301 606 3376 praeberi
630 3300 782 3360 ridemus:
802 3309 975 3360 vosautem

62 3372 253 3463 'sdeiielis
245 3404 275 3447 m
291 3403 346 3448 eos
364 3385 507 3461 impetum
522 3385 638 3459 locere,
657 3382 707 3458 qui
721 3391 837 3445 merent
837 3399 882 3442 ιιι
911 3383 978 3441 Hoc
