2356 3854
93 187 158 252 458
232 190 270 248 IN
283 189 323 246 Μ.
336 185 538 247 ANTONIUM
553 183 694 246 ORATIO
710 183 931 245 PHILIPPICA
947 184 1026 243 xlv.

96 341 242 417 populum
256 338 423 397 Romanum
440 333 566 395 liberum
582 317 747 409 relinquam
762 333 875 394 —hoc
890 332 967 394 mihi
982 331 1073 394 mains
1083 332 1114 392 ab

96 425 143 484 dis
164 418 380 481 immortalibus
403 418 467 477 dari
490 417 562 477 nihil
578 424 679 491 potest
691 451 734 463 -
746 418 893 490 alterum,
915 426 952 478 ut
966 419 1007 478 ita
1021 416 1115 490 cuique

94 507 228 574 eveniat,
251 512 284 563 ut
296 503 336 562 do
351 517 384 561 ro
399 500 522 576 publica
538 500 669 574 quisque
685 509 845 561 mercatur.

386 790 429 871 M·
461 789 595 871 TULLII
622 787 832 871 CICERONIS

156 932 202 1025 IN
233 934 282 1027 tt.
313 929 560 1028 tototttttt
590 929 768 1024 tattttt
798 931 1068 1033 PHILIPPICA

402 1073 598 1180 ablata
625 1074 817 1169 llllClMtl.

440 1344 771 1431 Aaoumnnrntt.

164 1478 236 1537 Quod
254 1478 287 1530 M.
313 1476 398 1528 Cicero
426 1495 502 1542 quum
527 1495 603 1545 saepe
627 1488 684 1530 ante
705 1488 757 1531 lum
779 1481 894 1529 oratioue
919 1483 1053 1548 superiore
1070 1483 1112 1546 ipra

96 1546 164 1597 ellici
182 1546 301 1603 voluerat,
317 1554 344 1595 ut
362 1561 418 1596 cnm
435 1548 467 1596 Μ.
487 1550 596 1597 Antonio
612 1550 664 1597 iam
681 1549 756 1598 armis
772 1561 812 1597 res
830 1550 1034 1614 transigeretur,
1050 1562 1110 1614 nuper

96 1621 147 1666 erat
161 1629 188 1663 re
207 1629 266 1664 vera
284 1613 388 1667 Iactum.
424 1614 473 1665 Sed
490 1632 567 1679 quum
585 1616 630 1665 ille
647 1616 677 1666 Α.
696 1617 804 1664 Rittium
821 1623 846 1664 et
863 1613 893 1667 0.
913 1617 1050 1668 Caesarem
1064 1617 1112 1667 ado·

95 1684 236 1743 lescentem,
254 1683 376 1744 aquibus
393 1699 456 1746 quas
479 1684 530 1735 illis
549 1685 680 1735 obtulisset
700 1685 859 1733 condiciones
884 1694 958 1736 erant
974 1686 1112 1751 repudiant

96 1752 213 1801 scaonis
230 1752 283 1800 suis
302 1750 430 1809 elicuisset
446 1766 496 1801 non
513 1754 574 1802 satis
585 1762 686 1817 paratos
703 1766 795 1814 eosque
809 1751 859 1800 levi
873 1766 966 1818 pugna
990 1754 1112 1810 retectnet,

96 1822 150 1869 eius
163 1821 236 1869 amici
248 1819 343 1869 Romae
359 1820 520 1884 vulgaverant
541 1823 572 1870 Α.
589 1821 696 1870 Hirtium
714 1829 738 1869 et
759 1819 786 1869 O.
802 1817 936 1869 Caesarem
958 1822 1029 1871 iusta
1042 1834 1113 1887 pugna

95 1903 151 1937 esse
169 1889 263 1951 vinias,
284 1897 335 1936 tum
351 1887 384 1939 M.
405 1885 548 1939 Ciceronem
572 1890 646 1938 minis
672 1888 797 1937 atrocibus
819 1890 947 1951 persemiti
976 1897 1053 1938 erant.
1083 1889 1113 1937 ln·

95 1963 163 2005 terea
180 1956 285 2004 Romam
302 1958 408 2005 nuncius
432 1956 463 2006 de
488 1956 584 2022 proelio
609 1957 642 2006 ad
660 1955 778 2004 Mutinam
800 1954 864 2003 Inter
881 1954 916 2006 M.
939 1958 1077 2007 Antonium
1094 1962 1114 2003 et

95 2025 127 2075 Α.
140 2023 244 2071 Hirtium
263 2022 290 2072 O.
309 2024 414 2072 Pansam
433 2039 497 2073 coss.
519 2025 545 2078 O.
557 2024 688 2074 Caesarem
709 2031 880 2087 propraetore
899 2039 924 2077 a.
936 2025 964 2079 d.
977 2024 1058 2074 XVII.
1070 2022 1112 2072 llnl.

95 2088 175 2138 Maias
199 2093 342 2149 commisso,
361 2093 386 2140 ln
399 2107 448 2154 quc
461 2091 494 2141 Μ.
510 2093 634 2142 Antonius
653 2099 704 2140 erat
723 2091 811 2150 victus,
833 2101 888 2139 erat
901 2091 1016 2143 adlatus.
1034 2093 1065 2142 Μ.
1076 2091 1112 2156 igl-

95 2165 135 2207 tur
160 2156 282 2206 Cornutus
300 2168 400 2222 praetor
418 2162 526 2209 urbanus
543 2161 599 2212 a.d.
611 2159 644 2213 X.
656 2159 778 2208 Kalendas
792 2157 870 2207 Maias
886 2158 989 2209 litteras
1007 2163 1039 2214 Α.
1055 2157 1113 2209 ffirtti

96 2240 110 2273 e
133 2224 161 2276 O.
180 2228 276 2276 Pansae
297 2228 385 2276 castris
411 2228 442 2277 de
468 2228 562 2292 proelio
587 2227 653 2279 Iacto
678 2226 767 2276 missas
792 2228 817 2275 in
841 2235 932 2275 senatu
963 2229 1113 2279 recitaritet

96 2293 127 2342 de
144 2292 279 2342 honoribus
299 2295 387 2344 ducum
403 2304 426 2344 et
443 2297 561 2361 praemiis
575 2297 682 2345 militnm
699 2294 801 2347 rettulit.
836 2293 885 2352 Qut
907 2293 943 2347 Μ.
963 2298 1073 2346 Antonio
1085 2293 1112 2343 It·

95 2362 186 2410 rebant
214 2362 307 2411 bellum
337 2363 433 2412 finitum
458 2379 512 2414 ease
536 2366 635 2414 aiebant
658 2373 682 2413 et
704 2377 766 2427 saga
795 2362 946 2425 deponenda
981 2364 1113 2414 censebant.

95 2428 164 2486 Quos
173 2437 261 2479 contra
269 2428 302 2477 Μ.
318 2429 403 2481 Cicero
418 2431 473 2496 hac,
492 2447 556 2495 quaa
568 2432 635 2481 inlra‘
645 2432 738 2495 scripta
753 2438 799 2488 eat,
815 2431 929 2478 oratlone
939 2432 977 2482 M.
992 2432 1115 2482 Antonium

96 2502 120 2542 et
136 2495 260 2556 reliquos,
278 2498 321 2558 qui
339 2514 396 2547 cum
414 2515 443 2548 eo
461 2508 553 2561 essent,
571 2500 655 2550 hostes
671 2498 768 2563 patriae
785 2497 934 2547 iudicandos
953 2500 1081 2550 contendit
1093 2504 1113 2545 at

94 2561 250 2678 ἓωρίἰεξῐὶωα
265 2578 378 2626 quaeque
392 2568 417 2615 ln
433 2568 509 2616 duces
526 2575 550 2616 et
565 2568 663 2624 milites,
678 2568 720 2628 qni
735 2563 928 2635 rempublicam
942 2567 1115 2623 defendimllb

113 2644 194 2678 coeant
208 2666 214 2680 .

160 2745 181 2803 t.
204 2744 232 2805 l.
255 2745 297 2819 Si,
312 2756 344 2806 ut
360 2746 532 2822 extiteris,
557 2765 635 2822 quae
655 2749 797 2809 recitatae
817 2755 904 2822 sunt,
926 2760 1037 2824 patres
1056 2766 1115 2811 con·

94 2827 211 2904 scripti,
230 2829 530 2890 sceleratIssImorum
546 2832 677 2892 hostium
688 2830 852 2891 exercitum
867 2846 1000 2894 caesum
1017 2836 1118 2895 lusum·

95 2927 156 2984 quc
173 2911 312 2985 cognovi,
330 2912 374 2972 sic
389 2912 428 2984 id,
445 2915 529 2987 quod
545 2922 575 2973 et
593 2930 698 2974 omnes
720 2912 848 2973 maxime
872 2922 1024 2988 optamus
1044 2925 1072 2976 et
1085 2929 1116 2974 ex

94 2991 280 3067 sanctorio,
299 3011 377 3068 quae
392 3004 478 3070 parta
492 3003 553 3068 est,
569 3005 764 3056 consecutum
782 2995 978 3070 arbitramur,
1001 3001 1035 3060 Ι).
1053 2999 1114 3057 Bm·

95 3080 156 3133 tum
179 3091 334 3149 egressum
355 3078 414 3138 iam
437 3077 551 3138 Mutina
571 3093 641 3138 esse
662 3093 859 3152 cognossem,
890 3090 1025 3155 propter
1043 3080 1112 3141 cutm
1148 3076 1152 3089 ¹

96 3155 261 3225 peritulam
276 3161 314 3218 ad
326 3177 399 3233 saga
411 3160 551 3232 issemus,
567 3161 835 3234 proptereiusdem
846 3162 984 3224 salutem
1000 3165 1110 3225 redeun-

95 3234 166 3294 dum
186 3240 226 3298 ad
246 3241 403 3314 pristinum
424 3243 562 3303 vestitum
584 3242 649 3302 sine
669 3244 730 3302 nlla
751 3242 941 3304 dubitatione
957 3258 1111 3308 censerem·

95 3314 174 3375 Ante
190 3338 277 3392 vero,
296 3340 385 3395 quam
400 3324 438 3384 sit
453 3340 490 3384 ea
503 3341 567 3395 res,
586 3341 676 3398 quam
691 3322 868 3385 avidissima
885 3325 1000 3391 civitas
1016 3339 1110 3400 exspo

94 3404 164 3466 ctat,
176 3401 282 3470 adlata,
300 3405 409 3465 taetitia
424 3407 481 3464 trui
490 3406 563 3467 satis
575 3415 622 3466 est
635 3407 783 3466 maximae
795 3407 1111 3483 praeclarissimaeque
