2356 3854
347 152 573 222 chare-m
594 166 765 226 §.ss-m
832 181 836 185 ·
1015 168 1079 232 319

52 310 159 383 aculei,
179 307 206 368 si
222 325 302 384 quos
316 309 449 370 habuisti
469 310 500 370 iri
520 327 568 370 me
590 311 861 386 reprehendendo,
883 322 984 373 tamen
1006 313 1078 372 mihi

52 411 105 454 ton
126 393 236 467 ingrati
255 391 441 453 acciderunt.
473 392 534 454 59.
556 391 706 466 Quaesisti
725 403 825 455 utrum
840 395 912 455 mihi
930 404 1077 470 putarem,

52 475 157 552 equitis
172 475 302 565 Romani
317 475 393 547 lilio,¹
401 474 567 537 faciliorem
583 475 679 536 luisse
694 478 734 536 ad
748 478 967 553 adipiscendos
982 479 1077 540 hono-

52 576 93 622 es
107 558 190 618 viam
205 548 243 616 a'n
259 558 389 618 laturam
404 573 475 619 esse
488 557 551 620 lilio
566 574 644 630 meo,
661 558 732 634 quia
746 569 829 620 esset
846 561 1001 621 elamilia
1006 578 1077 622 con·

52 640 169 704 tutari...
190 640 256 715 ltgo
271 642 344 702 vero
360 657 543 717 quamquam
557 640 712 701 illiomnia
727 644 806 702 malo
823 660 913 718 quam
928 644 1017 718 mihi,
1034 653 1077 704 ta-

52 742 116 788 nen
131 723 282 784 honorum
301 724 402 784 aditus
422 740 586 800 numquam
612 722 655 784 illi
682 724 835 785 faciliores
861 727 964 800 optavi
987 743 1078 803 quam

52 807 114 870 nihi
128 807 259 868 luerunt.
303 805 379 880 Quin
395 807 550 880 etiam,ne
567 809 644 867 rorte
661 807 711 867 ille
726 807 847 867 sibime
865 809 966 882 potius
982 826 1075 884 pepe-

52 893 122 953 isse
144 890 204 950 iarn
217 890 351 950 honores
374 905 464 964 quam
480 889 537 950 iter
559 891 787 951 demonstrasse
808 888 1076 964 adipiscendorum

52 982 144 1048 tutet,
157 972 234 1034 haec
247 972 290 1031 illi
306 973 393 1032 soleo
411 974 589 1047 praecipere
602 1007 644 1019 -
661 989 846 1048 quamquam
860 973 900 1033 ad
912 982 1075 1048 praecepta
1135 1038 1141 1056 Ι

52 1065 128 1120 letas
144 1062 268 1117 nonest
284 1054 387 1130 gravis
399 1088 451 1128 ÷-‚
463 1072 542 1137 quae
556 1054 606 1114 ille
622 1071 640 1113 a
654 1056 727 1115 love
741 1063 826 1117 ortus
841 1057 905 1116 suis
922 1057 1077 1130 praecepit

52 1139 129 1202 lliisa
163 1139 354 1213 vastandum
378 1144 424 1198 est
447 1154 579 1214 semper:
595 1141 719 1200 ,multoe
742 1136 869 1200 insidiae
895 1146 963 1200 sunt
985 1140 1076 1200 ιοιιιι.

52 1221 130 1285 iosti
146 1229 276 1294 caetera,
301 1219 437 1280 Nonnet.
448 1221 489 1280 Id
500 1220 580 1296 qaod
589 1222 673 1280 multi
684 1223 841 1296 inrideant,
859 1240 937 1298 quae
953 1221 1080 1296 scripsit

52 1305 188 1379 maviael
198 1301 377 1378 ingeniosus
389 1306 489 1379 poeta,
501 1303 624 1378 scripsit
637 1320 698 1364 non
714 1313 747 1365 ut
757 1306 825 1366 illos
837 1307 938 1380 regios
950 1321 1074 1382 pueros,

52 1389 96 1467 qui
114 1386 176 1448 iam
192 1402 345 1461 nusquam
359 1394 458 1459 erant,
474 1387 530 1446 sed
541 1394 574 1447 ut
588 1402 646 1447 nos
662 1395 693 1448 et
709 1390 836 1450 nostros
848 1388 962 1450 liberos
977 1390 1015 1449 ad
1033 1390 1075 1449 la·

52 1486 150 1533 torem
163 1476 195 1530 et
210 1469 251 1529 ad
265 1469 384 1529 laudem
399 1469 553 1530 excitaret.

101 1552 157 1617 90.
172 1551 304 1626 Quaeris
321 1550 394 1628 quid
418 1552 550 1628 potuerit
570 1551 701 1628 amplius
718 1554 848 1628 adsequi
868 1553 1025 1628 Plancius,
1048 1552 1075 1613 si

52 1638 95 1700 ln.
109 1634 266 1711 Scipionis
287 1633 396 1695 inisset
410 1634 505 1697 'lilius
547 1635 644 1710 Magis
668 1635 775 1696 aedilis
796 1635 863 1696 lieri
880 1654 940 1696 non
959 1637 1074 1710 potuis-

52 1730 99 1796 ιιι,
115 1720 179 1780 sed
190 1718 249 1779 hoc
266 1725 443 1792 praestaret,
453 1718 542 1814 ‘quod
557 1717 586 1776 ei
602 1718 700 1778 minus
718 1719 912 1778 invideretur.
955 1717 1076 1777 Etenim

52 1818 196 1864 tonorum
215 1802 329 1876 gradus
353 1800 491 1861 summis
489 1799 671 1860 hominibus
698 1809 728 1860 et
747 1799 858 1860 intimis
883 1808 953 1859 sunt
973 1815 1075 1873 pares,

52 1887 158 1960 ,loriae
173 1883 323 1982 dispares.
338 1883 430 1943 XXV
446 1883 518 1956 Quis
535 1890 671 1942 nostrum
685 1898 720 1942 se
738 1882 810 1942 dicit
823 1882 873 1945 Μ’.
890 1880 988 1955 curio,
1006 1876 1076 1957 quis
1151 1900 1154 1907 ’

52 1958 241 2041 ιιιιιιιιιιιο,
259 1965 329 2044 quis
345 1967 375 2026 C.
391 1966 491 2026 Duilio
505 1972 632 2041 pareml
646 1964 715 2040 quis
730 1965 821 2026 Atilio
836 1966 991 2025 Calatino?
1005 1964 1077 2040 quis

52 2051 95 2112 3.n
112 2050 191 2111 etP
206 2048 427 2124 Scipionibust
443 2048 510 2124 quis
525 2049 679 2123 Africano,
693 2048 846 2122 Marcello,
860 2049 1018 2109 Maximol
1027 2056 1076 2109 ta-

52 2151 111 2195 nen
128 2134 256 2194 eosdem
273 2148 379 2193 sumus
394 2132 543 2192 honorum
558 2132 671 2206 gradum
694 2147 771 2207 quos
795 2131 837 2201 illi
857 2130 1002 2192 adsecuti.
1025 2131 1074 2189 ιιι

52 2217 123 2279 inim
139 2218 170 2279 in
184 2215 295 2277 virtute
310 2215 393 2275 multi
416 2223 487 2277 sunt
500 2230 658 2287 ascensus,
676 2223 709 2275 ut
722 2213 749 2273 is
765 2215 894 2274 maxime
911 2215 1008 2288 gloria
1023 2229 1076 2272 ex-

52 2301 147 2373 rellat,
168 2298 220 2375 qui
235 2297 344 2359 virtute
359 2284 517 2374 plurimum
534 2307 683 2373 praestem
706 2298 856 2359 honorum
867 2295 985 2393 'populi
1004 2295 1077 2356 linis
1118 2324 1121 2328 ’

52 2391 92 2445 est
103 2383 300 2445 consulatus·
318 2397 406 2478 quem
419 2383 625 2458 magistratum
639 2380 698 2440 iam
711 2378 875 2455 octingenti
890 2381 953 2439 lere
965 2395 1074 2440 conse·

52 2466 104 2528 ruti
119 2473 206 2527 sunt.
220 2465 343 2537 horum,
350 2465 389 2525 si
403 2466 561 2541 diligenter
575 2479 715 2541 quaeres,
728 2463 781 2523 vix
795 2457 943 2523 decimam
959 2471 1074 2539 partem

52 2549 183 2627 reperies
205 2548 302 2623 gloria
315 2547 448 2623 dignam.
492 2549 554 2610 Sed
569 2565 658 2609 nemo
674 2563 818 2644 umquam
833 2546 878 2608 sic
892 2547 962 2621 egit,
978 2555 1012 2608 ut
1027 2555 1075 2607 ιιι·

52 2632 126 2694 Cur
116 2641 177 2694 rste
190 2628 370 2692 utcons'ulr
390 2631 463 2705 quid
482 2633 578 2706 potuit
591 2631 737 2706 amplius,
759 2630 785 2690 si
801 2631 834 2690 L.
847 2632 960 2691 Brutus
983 2637 1076 2701 esset,

52 2714 97 2793 qui
111 2715 265 2778 civitatem
280 2715 434 2776 dominatu
448 2716 530 2790 ragio
546 2714 705 2776 liberavit?
720 2715 837 2776 honore
851 2713 924 2775 nihil
935 2712 1079 2788 amplius,

52 2800 137 2862 uude
151 2799 286 2859 multum.
321 2797 372 2857 Sic
386 2797 477 2873 igitur
492 2797 630 2858 Plancius
647 2797 740 2858 nihilo
755 2797 854 2858 minus
870 2804 1015 2872 quaestor
1029 2801 1077 2853 est
1121 2828 1125 2835 ·

52 2882 152 2945 hctus
160 2888 189 2941 et
203 2881 341 2944 tribunus
358 2881 457 2955 plebis
469 2890 499 2942 et
509 2879 616 2940 aedilis
628 2895 719 2956 quam
731 2880 758 2940 si
774 2888 858 2940 esset
873 2893 991 2940 summo
1007 2877 1076 2936 loco

52 2975 149 3039 natus,
171 2964 227 3030 sed
240 2962 317 3025 haec
332 2965 398 3039 pari
413 2965 481 3024 loco
497 2963 553 3024 orti
568 2971 638 3023 sunt
648 2961 884 3039 innumerabiles
899 2959 951 3020 alii
965 2974 1076 3018 conse·

52 3052 114 3111 tuti
158 3045 210 3110 61.
223 3046 345 3108 Prolars
359 3046 528 3122 triumphos
544 3045 576 3106 T
590 3044 670 3105 Didii
685 3053 716 3106 et
733 3045 763 3104 C
780 3045 877 3116 Marii,
892 3050 922 3102 et
937 3040 1075 3115 quaeris.

52 3131 123 3207 loto
142 3129 285 3193 similem
301 3131 446 3192 Plancio?
467 3127 559 3204 Quasi
577 3134 649 3188 vero
666 3127 732 3202 isti,
753 3142 832 3203 quos
845 3126 1076 3200 commemoras,

52 3225 209 3293 propterea
224 3211 415 3312 magistratus
431 3213 582 3293 ceperint,
601 3210 684 3307 quod
706 3209 937 3285 triumpharant,
957 3216 990 3270 et
1006 3225 1076 3282 non,
1137 3226 1141 3247 ι

52 3301 117 3374 quia
135 3296 293 3359 commissi
308 3307 378 3358 sunt
390 3297 436 3358 iis
446 3295 654 3371 magistratus,
671 3294 702 3352 iu
723 3292 834 3368 quibus
850 3308 884 3352 re
897 3292 974 3353 bene
989 3280 1076 3367 'gesta

52 3381 273 3457 dampnarent
316 3381 420 3458 Rogas
441 3394 519 3457 quae
541 3385 641 3440 castra
661 3375 783 3441 νιιιιιιιι·
811 3375 862 3452 qni
888 3384 917 3437 et
937 3374 1077 3436 milesio
