2356 3854
47 242 49 247 Α
84 183 148 249 2⁰0
378 183 450 243 PRO
465 183 497 241 P.
513 183 645 243 SESTlO
661 180 815 242 ORATIO.
906 188 909 197 '

83 329 218 397 dicturus
238 333 400 394 videretur.
429 333 534 408 ltaque
553 333 604 392 illa
617 335 668 392 via
680 331 877 406 latebrosior,
899 346 949 406 quo
962 338 1036 403 specta
1059 344 1073 384 a

82 429 144 481 tum
158 419 209 479 illo
223 416 377 489 ueniebat,
398 416 499 490 Appia
514 416 573 475 lam
589 417 762 478 vocabatur.
792 414 851 488 Qui
861 425 949 475 umen
959 426 1036 487 quoqu
1072 440 1073 447 κ

83 512 220 577 temporo
242 508 426 574 conspectus
449 508 527 572 erut,
547 516 608 559 non
629 500 721 560 modo
736 498 929 573 gladiatores,
947 492 1035 568 sedeqe'
1064 500 1073 549 l

82 585 142 661 ipsi
163 583 360 659 gladiatorum
383 580 549 657 repentinis
564 581 659 641 sibilis
673 582 928 642 extimescebam
949 574 1035 639 litut
1068 595 1073 647 i

22 686 29 697 ¹
83 667 201 729 datisne
220 666 310 741 igitur
333 674 478 739 quantum
499 662 576 725 inter
598 666 743 739 populum
760 665 924 723 Romanum
938 656 1035 721 ataid
1070 662 1072 716 l

83 766 152 809 nem
171 748 308 809 intersitt
327 747 468 807 dominos
488 746 662 807 contionum
678 747 760 806 omni
777 746 849 806 odio
864 738 1036 821 popuinooit
1068 762 1073 799 2

84 832 195 908 quibus
210 840 308 892 autem
324 831 492 890 consistere
509 830 539 888 in
552 845 711 902 operarum
724 827 912 895 contionibus
926 842 973 886 non
982 822 1036 891 icet

84 931 138 976 eos
154 916 234 975 omni
249 912 355 988 populi
368 912 496 972 Romani
510 910 730 986 significatione
745 911 903 972 decorarit

165 997 208 1057 Tu
230 995 302 1056 mihi
323 997 410 1056 etiam
427 996 467 1054 Μ.
484 995 607 1055 Atilium
620 996 770 1069 Regulum
793 1000 1035 1061 commemorante
1066 1011 1072 1046 r

82 1079 181 1141 redire
196 1079 263 1153 ipse
277 1078 490 1153 Karthaginem
508 1094 569 1149 sua,
577 1079 731 1137 voluntate
750 1079 791 1137 ad
808 1076 974 1153 suppliciunt
986 1082 1036 1144 uti
1059 1086 1073 1130 ἑῑε

83 1163 150 1223 sine
166 1162 203 1221 iis
216 1158 359 1235 captivis,
384 1178 402 1219 a
418 1160 528 1235 quibus
542 1160 582 1219 ad
597 1169 733 1222 senatum
754 1162 868 1222 missus
889 1156 1036 1231 erat'liow
1062 1175 1073 1191 r

83 1260 205 1305 manere
220 1242 364 1313 maluerit,
381 1243 494 1303 etmihi
509 1259 604 1316 negas
618 1245 783 1318 optandum
795 1244 922 1304 reditum
933 1238 1036 1307 luetluet

84 1325 211 1386 iamilias
231 1333 422 1400 comparatas
445 1335 474 1386 et
494 1327 631 1386 homines
650 1334 791 1387 armatos.
821 1327 881 1387 LX.
901 1325 960 1385 Vim
973 1314 1038 1379 sola
1060 1332 1064 1372 2

84 1424 141 1484 ogo
157 1407 344 1480 desideravi,
359 1408 426 1481 qui,
441 1411 511 1468 dum
526 1407 574 1467 vis
589 1407 657 1483 luit,
673 1408 744 1468 nihil
759 1410 823 1484 egi,
848 1418 878 1469 et
890 1400 1037 1483 quamsiil
1061 1399 1073 1459 ‘e‘

83 1508 143 1553 non
159 1490 281 1563 luisset,
296 1492 378 1549 nulla
393 1507 444 1551 res
460 1491 641 1551 labclactsre
658 1484 818 1566 potuisset.
841 1489 912 1553 128.
931 1476 1037 1567 fiuntd

83 1574 156 1635 itum
170 1590 228 1648 ego
245 1572 450 1648 repudiarem,
477 1573 529 1648 qui
545 1575 586 1634 ita
602 1573 715 1635 florens
730 1575 800 1646 luit,
825 1583 859 1634 ut
872 1587 967 1634 uereor
977 1572 1037 1634 neti
1065 1588 1071 1626 2

83 1674 132 1719 me
146 1657 245 1718 studio
261 1655 375 1732 gloriae
391 1664 475 1732 putet
489 1656 603 1717 idcirco
618 1657 728 1730 exisse,
743 1667 777 1717 ut
789 1656 832 1718 itu
844 1647 1038 1720 rodiroleu
1061 1650 1069 1707 l-

83 1740 163 1802 enim
177 1756 320 1815 umquam
335 1748 459 1801 senatus
473 1739 570 1799 civem
583 1738 701 1799 nisime
713 1740 885 1800 nationibus
897 1733 1038 1799 exterio*
1062 1760 1064 1793 z

83 1822 257 1885 mendavitt
275 1824 361 1882 cuius
382 1838 524 1898 umquam
544 1830 669 1897 propter
682 1826 810 1884 salutem
826 1823 884 1884 nisi
900 1820 1038 1881 meamet*

82 1914 132 1968 tus
152 1906 272 1981 publice
295 1904 388 1966 sociis
402 1905 517 1981 ¹populi
530 1906 657 1965 Romani
678 1905 790 1980 gratias
814 1906 897 1981 egit?
915 1901 1038 1965 uenero

1066 1835 1073 1874 l

83 1996 185 2065 patres
201 1988 364 2062 conscripti
379 1991 590 2058 decreverunt,
607 1997 654 2061 ut,
669 1989 722 2063 qui
737 1989 909 2062 provincias
924 1979 1039 2046 rumpit
1062 2044 1064 2049 .

82 2070 128 2130 rio
138 2070 328 2143 obtinerent,
351 2072 403 2145 qui
424 2080 602 2146 quaestores
626 2071 776 2145 legatique
790 2080 909 2143 essent,
929 2054 1040 2152 salutet!lt
1069 2092 1073 2122 ι,

83 2153 383 2214 vitom'custodirent.
413 2154 445 2212 ln
460 2171 519 2213 nna
535 2169 603 2213 mea
618 2170 711 2214 causa
726 2163 797 2229 post
809 2156 933 2215 Romam
946 2143 1040 2210 condit!
1069 2170 1073 2179 ·

83 2239 193 2297 lactum
217 2242 264 2296 est
284 2244 317 2295 ut
332 2235 437 2296 litteris
455 2236 666 2296 consularibus
680 2254 719 2297 ex
736 2246 861 2298 senatus
876 2232 1040 2297 considite*
1066 2249 1072 2287 t

83 2329 131 2381 cta
146 2336 185 2379 ex
198 2318 284 2379 Italia
297 2333 402 2378 omnes
418 2318 470 2393 qui
484 2335 547 2379 rem
564 2320 714 2393 publicam
728 2324 845 2380 salvam
862 2321 965 2380 vellent
975 2314 1040 2398 colll
1061 2332 1073 2368 r

83 2412 229 2463 curentur.
259 2401 346 2474 Quod
366 2418 528 2477 numquam
543 2411 667 2462 senatus
681 2402 711 2461 in
726 2402 891 2463 universae
904 2400 944 2461 rei
956 2389 1041 2472 pullo
1065 2415 1073 2467 2:

81 2484 218 2559 periculo
232 2485 376 2558 decrevit,
390 2485 422 2545 id
436 2487 464 2545 in
483 2484 572 2545 unius
586 2501 654 2547 mea
668 2487 765 2545 salute
777 2475 1042 2546 conservandadll*
1061 2490 1065 2511 =

82 2567 215 2627 nendum
233 2567 357 2641 putavit.
387 2569 481 2641 Quem
497 2567 580 2627 curia
592 2569 689 2642 magis
703 2568 883 2643 requisivit?
900 2556 1042 2642 queruli&
1067 2579 1073 2606 ⁵

83 2649 179 2710 luxit?
206 2667 295 2723 quern
316 2666 415 2725 aeque
437 2652 506 2726 ipsa
519 2651 677 2710 tribunalia
698 2651 961 2712 desideraveruntt
983 2638 1043 2699 ΟΜ

1064 2604 1072 2618 N

8 2723 14 2735 “
84 2731 225 2793 discessu
240 2748 313 2792 meo.
326 2734 460 2806 deserta,
482 2733 616 2805 horrida,
638 2743 734 2805 muto,
758 2735 850 2808 plena
863 2724 1043 2804 lucensem?
1069 2762 1072 2775 ·

69 2815 160 2876 'roris
177 2816 305 2876 luerunt.
334 2815 407 2889 Quis
422 2826 469 2877 est
482 2816 583 2876 ltaliae
598 2818 685 2876 locus
698 2816 729 2875 in
745 2834 806 2891 quo
828 2835 889 2879 non
904 2818 984 2877 fixum
994 2800 1042 2863 ⁸1¹¹

80 2898 425 2974 publicis-monumentis
441 2899 572 2960 studium
588 2899 693 2960 salutis
708 2916 809 2972 meae,
834 2872 1041 2969 testimonium*
1070 2934 1073 2947 ⁴

82 2989 1045 3139 rmnnnmmmpor

82 3150 161 3209 sulla
176 3153 431 3208 commemorem?
444 3149 492 3206 vel
509 3149 590 3222 quod
606 3149 758 3222 intemplo
771 3149 853 3208 lovis
868 3134 1047 3222 optimintffi
1068 3152 1073 3193 ἴ

82 3230 193 3290 lactum
215 3239 277 3303 est,
300 3246 392 3306 quum
414 3229 514 3302 viris,
531 3231 583 3305 qui
598 3229 760 3305 tripertitas
775 3231 859 3291 orbis
874 3216 1048 3292 terraruntl*

82 3318 174 3383 atquo
193 3313 335 3390 regiones
359 3313 454 3373 tribus
475 3312 633 3387 triumphis
648 3313 805 3372 adiunctas
822 3314 892 3374 lruic
907 3302 1012 3386 imperio
1019 3304 1049 3386 ll·

82 3391 163 3465 tavit,
178 3394 216 3453 de
231 3395 344 3469 scripto
360 3395 508 3455 sententia
521 3395 602 3455 dicta
616 3395 688 3455 mihi
705 3395 757 3455 uni
771 3396 970 3457 testimonium
980 3381 1050 3463 prul
