2356 3854
415 186 608 250 onus-o.
629 194 800 254 §.n-ra.
847 155 854 161 ’
1055 189 1122 252 ιιι

88 335 249 398 communi
269 337 370 397 omnia
389 338 578 413 reperientur
596 337 628 396 P.
644 337 735 398 Sestii
755 339 849 413 frob,
875 338 968 411 dicta,
994 337 1123 399 consilia

90 428 226 480 versata
269 420 335 478 Vll.
354 419 465 480 Fuerat
480 421 530 480 ille
545 437 643 480 annus
658 421 718 480 iam
732 420 763 480 in
784 438 818 480 re
832 423 969 496 publica,
995 421 1121 495 iudices,

91 519 190 578 quum
203 501 235 562 in
252 518 362 578 magno
377 511 460 565 motu
476 511 507 564 et
520 506 681 564 multorum
697 503 803 564 timore
818 503 950 564 intentus
967 514 1016 564 est
1031 521 1121 569 arem

90 586 122 646 in
136 601 189 645 me
202 601 312 660 unum,
335 585 414 646 sicut
434 588 527 660 vulgo
546 586 642 661 ignari
656 601 756 645 rerum
770 588 987 660 loquebantur,
1007 602 1041 645 re
1056 586 1121 666 qui·

91 670 163 729 dem
176 684 251 727 vera
261 668 291 727 in
301 669 475 739 universam
489 685 553 729 rem
567 668 734 744 publicam,
750 669 938 736 traductione
949 671 989 728 ad
1002 670 1123 765 plebatu

92 750 250 813 furibundi
259 751 391 812 hominis
401 767 439 812 ac
450 752 574 827 perditi,
590 750 680 810 mihi
673 751 754 822 irati,
773 750 830 810 sed
841 753 934 812 multo
948 752 1048 811 aerius
1063 751 1123 813 ocii

92 844 123 897 et
139 836 311 895 eommunis
327 834 456 895 salutis
447 833 568 894 mimici.
604 836 692 894 Hunc
713 833 760 892 vir
780 833 967 894 clarissimus
988 834 1122 908 mihique

91 916 195 978 multis
208 903 449 992 repugnantibus
463 916 680 988 amicissimus,
698 917 750 976 Cn.
762 915 940 991 Pompeius,
956 915 1037 974 omni
1052 933 1122 976 cau·

91 1000 192 1072 done,
216 1000 357 1074 foedere,
384 999 594 1061 exsecratione
620 999 798 1060 devinxerat
825 998 927 1058 nihil
919 1016 949 1058 m
971 997 1123 1060 tribunatu

92 1090 200 1144 ronna
222 1098 271 1142 me
295 1098 366 1143 esse
386 1084 543 1142 facturum.
585 1081 672 1155 Quod
691 1082 742 1142 ille
758 1081 907 1154 nefarius,
933 1098 972 1141 ex
990 1080 1123 1141 omnium

92 1167 246 1226 scelerum
266 1165 437 1226 colluvione
453 1173 557 1239 natus,
577 1182 684 1240 parum
699 1182 733 1225 se
754 1167 863 1225 foedus
881 1163 1060 1225 violaturum
1076 1180 1122 1223 ar·

90 1247 222 1311 bitratus
239 1254 301 1319 est,
318 1248 376 1307 nisi
392 1248 493 1322 ipsum
508 1255 661 1308 cautorem
673 1247 763 1308 alieni
776 1249 900 1323 periculi
912 1249 978 1307 suis
989 1245 1122 1322 propriis
1166 1321 1169 1328 Ι

94 1329 239 1406 perieulis
253 1331 420 1391 terruisset.
450 1329 499 1392 16.
516 1332 601 1391 Hanc
615 1339 743 1392 taetram
755 1330 979 1406 immanemque
992 1331 1121 1403 beluam,

83 1412 225 1475 ’νίιιιιιιιιιι
248 1413 411 1488 auspiciis,
440 1413 602 1489 adligatam
630 1430 714 1475 more
737 1415 900 1489 maiorum,
928 1413 1123 1474 constrictam

90 1497 195 1572 legum
209 1506 395 1558 sacratarum
411 1497 541 1571 eatenis,
564 1497 655 1558 solvit
671 1498 769 1558 subito
786 1498 853 1573 lege
869 1497 984 1558 curiata
1005 1497 1123 1570 consul,

91 1582 157 1650 vel,
179 1587 213 1639 ut
232 1596 289 1654 ego
310 1579 454 1651 arbitror,
473 1589 631 1651 exoratuS,
654 1583 718 1651 vel,
742 1589 856 1640 utnon
877 1597 966 1640 nemo
988 1579 1122 1654 putabat,

91 1660 166 1723 milri
186 1662 296 1734 iratus,
320 1663 442 1736 ignarus
464 1663 587 1736 quidem
607 1671 688 1722 certe
708 1670 738 1722 et
752 1663 930 1736 imprudens
946 1662 1122 1736 impenden-

92 1743 167 1806 tium
189 1754 340 1806 tantorum
360 1747 510 1805 scelerum
531 1754 561 1804 et
582 1747 737 1804 malorum.
781 1744 838 1817 Qui
863 1744 1002 1805 tribunus
1022 1742 1122 1818 plebis

82 1826 167 1893 ¹felix
186 1827 218 1887 in
237 1828 403 1889 evertenda
422 1844 456 1887 re
475 1826 597 1902 publiea
616 1827 671 1886 fuit
691 1825 781 1886 nullis
803 1826 868 1888 suis
884 1825 988 1885 nervis
1008 1857 1052 1870 -
1071 1822 1123 1898 qui

91 1909 174 1971 euim
194 1910 226 1969 in
242 1909 405 1970 eiusmodi
421 1909 482 1970 vitu
496 1909 581 1969 nervi
596 1917 759 1984 potuerunt
772 1926 843 1968 esse
864 1908 995 1969 hominis
1017 1910 1122 1968 frater·

91 1992 138 2052 nis
147 1991 282 2068 flagitiis,
294 1992 420 2053 sororiis
430 1991 553 2067 stupris,
567 1991 648 2051 omui
658 1991 793 2051 inaudita
801 1991 925 2052 libidine
935 1991 1120 2051 infamis?-

92 2070 144 2136 17.
161 2076 220 2136 sed
233 2074 289 2137 fuit
301 2076 437 2150 profecto
450 2077 600 2150 quaedam
612 2075 663 2134 illa
675 2074 720 2135 rei
731 2075 871 2149 publicae
881 2076 1002 2136 fortuna
1013 2074 1122 2150 fatalis,

92 2167 125 2219 ut
148 2158 200 2218 ille
222 2173 333 2218 caecus
355 2165 447 2233 atque
469 2175 573 2218 amens
599 2157 735 2219 tribunus
761 2159 859 2233 plebis
884 2159 1121 2229 nancisceretur,
1145 2178 1149 2191 ·

89 2240 168 2317 quid
184 2241 285 2301 dicam
299 2242 465 2301 consules?
484 2242 594 2302 hocine
610 2251 643 2302 ut
656 2257 714 2316 ego
733 2242 855 2302 nomine
869 2244 1021 2317 appellem
1037 2256 1122 2301 ever-

94 2340 181 2386 sores
206 2322 296 2383 huius
321 2323 453 2399 imperii,
478 2324 651 2399 proditores
677 2334 796 2385 vestrae
822 2323 991 2399 dignitatis,
1015 2323 1122 2384 hostes

93 2406 244 2468 bonorum
260 2406 414 2466 omnium?
436 2408 488 2482 qui
502 2409 542 2467 ad
562 2409 723 2468 delendum
739 2416 893 2479 senatum,
915 2403 1123 2480 adfligendum

93 2497 268 2566 equestrem
283 2489 434 2562 ordinem,
450 2491 673 2566 exstinguenda
687 2488 789 2550 omnia
802 2490 869 2551 iura
883 2498 975 2565 atque
986 2489 1123 2550 instituta

92 2573 241 2651 maiorum
256 2588 290 2632 se
311 2571 370 2632 illis
386 2573 520 2634 fascibus
539 2574 729 2648 eaeterisque
748 2573 919 2649 insignibus
937 2571 1046 2636 summi
1067 2573 1122 2632 ho-

93 2656 177 2718 noris
193 2663 286 2730 atque
297 2654 414 2730 imperii
427 2665 551 2716 ornatos
562 2673 634 2717 esse
645 2657 873 2718 arbitrabantur
902 2657 1051 2731 Quorum,
1067 2670 1123 2729 per

93 2740 169 2801 deos
190 2738 392 2799 immortales!
420 2738 446 2798 si
466 2741 599 2800 nondum
620 2741 737 2800 seelera
757 2743 944 2836 vulneraque
961 2740 1062 2799 inusta
1076 2736 1122 2796 rei

91 2821 235 2898 publicae
249 2820 341 2882 vultis
358 2821 530 2894 reeordari,
549 2823 661 2882 vultum
678 2832 770 2898 atque
784 2823 939 2883 incessum
954 2821 1062 2881 animis
1076 2818 1120 2877 in·

90 2902 227 2968 tuemini.
267 2903 399 2964 Facilius
420 2905 499 2964 faeta
520 2920 624 2965 eorum
645 2913 805 2965 occurrent
825 2905 977 2965 mentibus
999 2890 1120 2974 vestiis,

88 2990 116 3050 si
137 3004 195 3049 ora
215 2988 283 3062 ipsa
297 2987 395 3047 oculis
415 2985 645 3061 proposueritis.
687 2982 1120 3058 v111.18.A1terunguenus
1167 2992 1169 2998 ’

87 3070 250 3141 adfluens,
270 3069 472 3130 calamistrata
484 3086 585 3139 coma
603 3069 776 3143 despiciens
789 3069 932 3130 conscios
947 3075 1120 3141 stuprorum

86 3171 125 3216 ao
139 3161 265 3220 veteres
281 3162 443 3213 vexatores
457 3152 606 3212 aetatulae
622 3168 712 3223 suae,
734 3153 846 3227 puteali
868 3160 898 3212 et
918 3153 1121 3211 feneratorum

85 3235 238 3332 gregibus
250 3235 390 3307 inflatus,
413 3251 431 3294 a
446 3234 557 3310 qu1bus
572 3235 749 3309 compulsus
768 3233 854 3306 olim,
878 3251 922 3294 ne
933 3235 963 3294 in
978 3232 1119 3311 Scyllaeo

84 3320 142 3381 illo
163 3317 246 3380 aeris
261 3317 352 3379 alieni
366 3325 518 3393 amquam
539 3317 569 3376 in
585 3319 661 3378 freto
678 3318 718 3376 ad
735 3318 905 3379 columnam
921 3316 1120 3378 adhaeresce-

84 3408 151 3478 ret,
176 3403 208 3463 fn
224 3400 394 3463 tribunatus
414 3408 535 3478 portum
555 3402 744 3477 perfugerat,
770 3401 981 3488 contemnebat
1000 3401 1121 3476 equites
