2356 3854
89 170 191 258 aaa*
331 195 404 254 rao
418 191 700 285 ancrunroura
715 193 867 252 annuo.

36 369 39 372 ·
89 362 149 406 non
172 343 284 403 infitior
306 342 498 402 mediocriter
516 359 587 402 esse
607 348 776 415 versatum,
797 349 850 400 aul
869 338 1038 410 sihuiusae
1055 341 1081 400 re?

84 427 162 503 ratio
178 425 280 500 aliqua
292 426 330 484 ab
352 424 530 499 optimarum
549 423 656 483 artium
678 424 786 484 studiis
803 439 840 482 ac
857 422 1018 498 disciplina
1035 441 1081 498 pro

87 511 181 579 fecta,
199 524 218 567 a
236 524 296 582 qua
310 522 369 582 ego
385 509 498 567 nullum
519 508 666 583 confiteor
682 505 788 566 aetatis
808 522 896 565 meae
919 514 1034 589 tempus
1051 507 1081 565 ab·

87 591 252 664 horruisse,
267 606 369 650 earum
383 607 482 650 rerum
498 588 629 650 omnium
645 583 693 648 iel
706 588 741 647 in·
752 587 855 662 primis
870 587 921 647 hic
932 591 969 647 A.
980 588 1081 648 Licinia

87 676 216 733 fructum
235 689 253 732 a
273 689 321 733 me
340 682 478 748 repetere
499 687 596 748 prope
619 687 675 731 suo
699 672 763 730 iure
783 671 882 750 debet.
916 671 990 730 Nam
1010 687 1081 744 quoa

87 755 263 832 longissime
292 763 393 830 potest
417 771 503 815 mens
529 771 597 813 mea
621 751 775 827 respicere
801 753 933 827 spatium
961 752 1081 828 praeteri

87 837 232 914 temporis
247 846 278 899 ct
292 837 438 913 pueritiae
453 835 628 897 memoriam
641 834 796 895 recordari
809 834 961 906 ultimam,
977 835 1044 895 inde
1055 851 1081 894 us

88 938 147 996 que
161 930 303 995 repetens
318 920 398 980 hunc
417 921 504 991 video
519 917 590 977 milri
605 916 772 993 principem
789 925 819 976 et
832 917 871 977 ad
884 917 1081 992 suscipienda

87 1014 116 1064 et
139 1005 178 1063 ad
197 1002 425 1078 ingrediendam
448 1002 595 1063 rationem
619 1001 727 1060 horum
749 999 920 1060 studiorum
949 999 1081 1059 exstitisse

87 1087 173 1160 Quod
187 1085 215 1144 si
231 1085 306 1145 haee
329 1102 404 1158 vox,
425 1084 515 1144 huius
535 1085 654 1144 hortatu
669 1081 906 1157 praeceptisque
926 1084 1081 1142 conformat

86 1186 145 1229 non
164 1167 254 1228 nullis
273 1162 437 1240 aliquando
458 1169 546 1227 saluti
571 1167 639 1238 luit,
670 1182 689 1224 a
709 1181 769 1240 quo
798 1162 832 1222 id
851 1164 1030 1238 accepimus
1046 1178 1081 1237 qu

87 1248 213 1310 caeteris
229 1248 369 1323 opitulari
390 1256 421 1310 et
440 1249 518 1309 alios
539 1264 662 1313 servare
677 1262 857 1322 possemus,
880 1245 955 1306 huic
977 1247 1081 1322 proten

87 1329 324 1405 ipsiquantum
337 1339 385 1390 est
398 1330 487 1391 situm
504 1331 534 1389 in
554 1331 657 1402 nobis,
676 1338 809 1404 elopem
830 1336 860 1388 et
882 1331 1016 1390 salutem
1034 1330 1081 1387 iern

86 1411 245 1473 debemus.
268 1414 301 1482 2.
321 1412 368 1471 Ac
382 1428 421 1472 ne
441 1412 510 1487 quis
527 1412 647 1473 anobis
662 1413 721 1472 hoc
743 1411 784 1470 ita
803 1409 864 1482 dici
884 1411 966 1472 tor'te
983 1412 1081 1471 miratu

87 1496 169 1570 quod
185 1495 243 1556 alia
270 1495 418 1573 quaedam
441 1495 471 1554 in
492 1496 551 1555 hoc
572 1496 698 1554 facultas
720 1492 759 1554 sit
779 1493 894 1568 ingenii
915 1511 1018 1570 neque
1035 1493 1081 1552 hae

86 1576 208 1636 dicendi
219 1579 297 1643 ratio
313 1583 366 1638 aut
383 1576 558 1652 disciplina,
578 1594 617 1638 ne
637 1595 694 1637 uos
711 1575 833 1651 quidem
847 1575 920 1638 huic
943 1577 999 1637 uni
1013 1573 1081 1638 studi

79 1659 207 1734 penitus
223 1677 364 1734 umquam
386 1659 479 1721 dediti
498 1659 617 1720 luimus.
645 1659 763 1719 Etenim
784 1676 892 1720 omnes
913 1669 1012 1733 artes,
1032 1673 1081 1734 qua

85 1743 126 1822 ad
141 1742 353 1804 humanitatem
369 1743 530 1818 pertinent,
548 1743 659 1802 habent
670 1742 823 1818 quoddam
835 1758 1000 1803 commune
1011 1742 1081 1802 uncu

86 1827 146 1885 lum
163 1834 192 1885 et
210 1824 298 1901 quasi
315 1825 495 1901 cognatione
511 1827 641 1902 quadam
656 1824 733 1885 inter
750 1841 784 1884 se
799 1824 1006 1886 continentur.
1029 1821 1081 1883 tlt

87 1907 148 1967 Sed
162 1924 200 1967 ne
221 1907 270 1968 oui
289 1910 423 1969 vestrum
438 1910 543 1970 mirum
564 1923 633 1969 esse
653 1907 792 1967 videatur
811 1922 859 1965 me
879 1906 912 1966 in
933 1904 1080 1984 quaestion

56 2006 60 2010 ·
85 1988 216 2062 legitima
231 1999 260 2050 et
274 1990 304 2049 in
319 1991 437 2051 iudicio
447 1992 584 2066 publico,
610 1986 701 2065 quum
721 2006 771 2049 res
792 1998 900 2064 agatur
920 1992 1007 2066 apud
1027 2003 1081 2066 prae

84 2079 179 2129 torem
195 2072 300 2145 populi
313 2075 454 2146 Romani,
470 2073 665 2134 lectissimum
682 2073 794 2146 virum,
809 2080 839 2132 et
852 2074 939 2147 apud
954 2070 1081 2134 severissi

85 2168 151 2212 mos
166 2152 298 2224 iudices,
315 2163 397 2215 tanto
413 2165 563 2217 conventu
577 2154 731 2225 hominum
745 2170 781 2214 aa
796 2157 986 2229 frequentia,
1003 2157 1081 2216 hoaut

85 2236 333 2310 generedicendi
355 2238 438 2312 quod
452 2255 513 2298 non
530 2240 620 2298 modo
642 2256 661 2297 a
679 2237 900 2317 consuetudine
921 2239 1081 2299 iudicioruu

85 2318 292 2379 verumetiam
312 2336 330 2379 a
347 2321 462 2381 lorensi
478 2338 617 2383 sermone
639 2321 812 2393 abhorreat,
835 2332 955 2395 quaeso
978 2341 997 2382 a
1014 2317 1081 2381 vobi<

83 2408 117 2459 ut
130 2401 160 2460 in
173 2402 232 2460 hac
245 2418 339 2463 causa
354 2402 425 2462 mihi
440 2403 517 2464 detis
532 2404 609 2464 hanc
624 2402 751 2477 veniam,
767 2407 1029 2465 accommodatam
1041 2402 1080 2462 hui

83 2497 153 2554 reo,
168 2483 272 2556 vebia,
292 2502 381 2560 quem
401 2487 439 2545 ad
460 2486 582 2545 modum
605 2502 711 2561 spero,
727 2503 789 2545 non
810 2489 990 2561 molestam,
1012 2494 1044 2547 ut
1059 2501 1081 2542 m

83 2578 139 2637 pro
156 2581 273 2624 summo
294 2571 385 2641 poeta
405 2577 495 2644 atque
511 2568 714 2628 eruditissimo
728 2568 849 2627 homine
864 2569 1033 2641 dicentem,
1049 2568 1081 2625 ho

85 2661 236 2706 concursu
250 2646 403 2708 hominum
415 2650 712 2724 litteratissimorum,
729 2650 786 2709 hac
798 2660 902 2712 vestra
917 2651 1081 2713 humanitatt

83 2729 141 2788 hoc
157 2727 290 2803 denique
304 2739 443 2804 praetore
455 2741 614 2793 exercente
626 2733 768 2793 iudicium
783 2733 940 2808 patiamini
951 2737 992 2795 de
1005 2729 1081 2795 studii

82 2811 274 2871 humanitatis
285 2829 322 2872 ac
333 2815 494 2874 litterarum
507 2815 607 2891 paullo
622 2816 707 2888 loqui
720 2815 844 2875 liberius
859 2825 890 2875 et
902 2817 934 2875 in
952 2820 1018 2879 eius
1028 2811 1081 2874 mol

85 2909 229 2967 persona,
247 2911 325 2968 quae
343 2905 467 2972 propter
481 2897 581 2957 ocium
595 2913 632 2957 ac
649 2898 781 2958 studium
796 2897 920 2958 minime
937 2900 971 2959 iu
993 2893 1081 2959 iudicii

83 2975 288 3052 periculisque
302 2988 427 3040 tractata
443 2989 502 3052 est,
523 2980 566 3039 uti
587 2988 684 3055 prope
704 2996 785 3040 novo
809 2982 944 3055 quodam
969 2991 1000 3043 et
1018 2973 1081 3040 iuml

82 3067 143 3119 tato
159 3075 271 3134 genere
288 3061 417 3127 dicendi.
447 3064 477 3122 4.
494 3062 581 3134 Quod
596 3062 622 3120 si
640 3060 710 3121 mihi
725 3079 744 3121 a
758 3063 847 3122 vobis
862 3063 956 3124 tribui
971 3055 1081 3126 concedi

84 3154 143 3209 quc
167 3143 308 3215 sentiam,
330 3145 484 3220 perficiam
508 3145 646 3219 proiecto
671 3153 704 3205 ut
724 3146 806 3213 huuc
822 3148 859 3207 A.
875 3145 1025 3208 Licinium
1044 3155 1081 3201 not

82 3221 172 3280 modo
188 3240 249 3282 non
266 3228 500 3300 segregandum,
523 3243 615 3302 quum
635 3228 674 3287 sil
694 3226 784 3299 civis,
803 3245 821 3286 a
841 3245 970 3290 numero
991 3225 1081 3288 civium

81 3313 185 3360 verum
200 3305 289 3366 etiam
306 3309 332 3369 si
346 3324 407 3370 non
423 3316 522 3384 esset,
536 3308 647 3383 putetis
662 3308 877 3371 asciscendum
892 3311 1000 3373 luisse.
