2356 3854
284 149 287 153 ·
377 128 834 205 cnr.ro-.-ra.t.aa-oe.,
919 144 972 189 ’.
1044 130 1108 199 ιιι

82 291 159 344 ctum
177 294 248 340 esse
264 279 393 337 diceres.
422 279 480 338 Cur
500 279 589 352 igitur
606 278 703 340 victus
721 287 789 341 estt
818 280 894 354 Quia
908 298 970 343 non
985 301 1107 360 semper

81 365 177 426 viator
190 379 209 422 a
222 363 353 433 latrone,
376 377 437 421 nou
453 362 627 457 numquam
637 362 727 427 etiam
740 364 816 425 latro
831 381 850 424 a
863 364 979 427 viatore
994 368 1107 429 occidi-

70 455 141 509 tor·
164 444 249 522 quia,
272 461 456 540 quamquam
475 453 599 518 paratus
619 443 650 503 in
664 447 828 520 imparatos
844 448 983 523 Clodius,
1006 459 1107 514 tamen

82 529 183 601 mulier
205 525 382 588 inciderat
374 545 404 586 ιιι
426 527 518 588 viros.
562 526 612 589 56.
634 529 696 588 Nec
717 545 790 605 vero
812 531 856 590 sic
878 541 943 593 erat
964 550 1107 610 umquam

82 628 135 675 uon
149 620 277 690 paratus
297 610 369 671 Milo
387 620 493 671 contra
508 610 607 682 illum,
629 619 737 672 utnon
753 612 827 672 satis
845 615 907 673 lere
922 625 1005 677 esset
1018 635 1106 693 para·

83 702 134 759 tas.
178 683 311 768 sempel
334 694 382 754 ille
397 702 427 754 et
444 702 587 769 quantum
608 694 814 765 interessetP.
836 695 933 756 Clodii
953 716 988 758 se
1007 703 1107 775 perire

81 787 105 841 tt
125 786 243 853 quanto
263 776 307 858 illi
326 776 397 837 odio
418 785 502 837 esset
522 786 553 838 et
570 787 714 852 quantum
735 777 785 836 ille
806 779 931 839 auderet
947 782 1119 856 cogitabat..

81 860 305 934 Quamobrem
322 861 413 920 vitam
430 877 532 932 suam,
549 878 638 935 quam
654 860 793 940 maximis
807 861 950 936 praemiis
965 865 1106 940 proposi-

80 950 133 1007 tam
147 954 179 1006 ct
194 955 294 1020 paene
310 943 461 1011 addictam
476 943 606 1018 sciebat,
627 959 790 1019 numquam
812 944 843 1003 in
860 945 1026 1018 periculum
1041 949 1107 1008 sine

74 1028 231 1102 praesidio
255 1035 288 1088 ct
307 1025 373 1087 sine
394 1026 534 1087 custodia
554 1026 739 1101 proiiciebat.
788 1027 878 1087 Adde
901 1044 1007 1102 casus,
1028 1032 1107 1091 addc

72 1109 217 1175 incertos.
228 1111 328 1170 exitus
342 1124 512 1184 pugnarum
525 1110 714 1187 Martemque
730 1127 928 1183 communem,
946 1112 997 1186 qui
1013 1109 1107 1188 saep‘e

70 1194 258 1273 spoliantem
275 1192 334 1252 iam
349 1199 379 1253 et
395 1194 596 1253 exsultantem
612 1195 719 1254 evertit
734 1203 763 1254 et
777 1193 905 1269 perculit
920 1194 957 1253 ab
974 1195 1106 1256 abiecto=

70 1279 156 1339 adde
167 1275 318 1338 inscitiam
329 1274 447 1355 pransi,
458 1276 531 1351 poti,
547 1277 703 1338 oscitantis
716 1277 812 1350 ducis,
825 1277 877 1353 qui
889 1295 981 1352 quum
992 1287 1105 1354 atergo

70 1360 198 1424 nostem
211 1358 408 1420 interclusum
423 1358 612 1434 reliquisset,
629 1360 706 1420 nihil
718 1362 756 1420 de
774 1361 840 1421 eius
855 1361 999 1423 extremis
1015 1362 1106 1426 comi·

70 1447 157 1506 ibus
171 1442 375 1530 cogitanam
391 1459 469 1517 quos
481 1442 626 1505 incensos
640 1445 685 1504 ira
698 1444 851 1520 vitamque
866 1445 979 1505 domini
996 1446 1106 1520 despe-

70 1537 179 1603 rantes
198 1543 289 1601 quum
306 1525 473 1600 incidisset,
487 1526 586 1588 haesit
597 1527 627 1586 in
642 1526 680 1587 iis
696 1529 813 1602 poenis,
831 1545 908 1603 quas
922 1529 961 1587 ab
973 1544 1010 1588 eo
1025 1525 1107 1588 servi

70 1612 184 1673 ddeles
202 1627 257 1684 pro
270 1609 384 1669 domini
397 1609 460 1669 vita
475 1611 695 1684 expetiverunt.
716 1609 767 1672 57.
780 1611 838 1670 Cur
851 1610 940 1685 igitur
951 1626 1007 1671 eos
1017 1628 1108 1671 manu

70 1696 181 1756 misit?
199 1693 353 1759 Metuebat
368 1692 538 1752 scilicetne
554 1693 737 1764 indicarent,
760 1709 799 1750 ne
821 1693 956 1752 dolorem
971 1695 1107 1767 perterre

70 1796 135 1840 non
152 1786 297 1853 possent,
316 1792 355 1836 ne
371 1775 527 1836 tormentis
545 1791 674 1849 cogeren
676 1782 724 1834 tur
676 1773 875 1834 toccisum
890 1790 961 1833 esse
975 1791 994 1833 a
1008 1776 1106 1837 servis

70 1861 226 1923 Milonis
217 1878 248 1920 ιιι
265 1859 368 1935 Appia
390 1875 440 1917 vra
458 1857 489 1916 P
512 1858 648 1918 clodium
670 1856 817 1917 confiteri.
863 1855 940 1929 Quid
962 1872 1041 1930 opus
1060 1867 1107 1920 est

70 1951 211 2008 tortoret
231 1943 304 2019 quid
330 1941 474 2018 quaerisr
500 1938 710 2020 Occideritnet
729 1938 850 2002 occidit
893 1940 961 1998 lure
979 1946 1017 1998 an
1032 1938 1107 2001 iniu-

70 2028 116 2090 ria
128 2027 146 2088 ι’
159 2026 234 2087 nihil
249 2028 288 2086 ad
306 2027 464 2086 tortorem.
483 2024 554 2085 lacti
569 2025 648 2084 enim
664 2023 695 2083 in
709 2023 816 2082 eculeo
832 2023 970 2097 quaestio
987 2024 1050 2097 cst,
1063 2024 1107 2084 iu-

70 2112 113 2174 ris
129 2111 163 2172 in
178 2109 303 2171 iudicio.
345 2109 436 2170 XXII
458 2107 546 2180 Quod
566 2106 656 2181 igitur
670 2106 702 2166 in
717 2123 811 2166 causa
827 2103 1034 2202 quaerendum
1049 2116 1106 2182 est,

70 2196 102 2258 id
124 2210 255 2277 agamus
279 2194 350 2252 mic·
378 2192 462 2268 quod
489 2191 645 2251 tormentis
669 2188 807 2250 invenire
828 2191 890 2262 vis,
919 2188 951 2249 id
970 2191 1107 2249 latemur.

70 2279 168 2340 Manu
188 2294 263 2337 vero
285 2293 340 2336 cur
353 2275 482 2347 miserit,
507 2274 534 2335 si
555 2266 594 2334 id
600 2275 703 2350 potius
719 2272 857 2348 quaeris,
879 2288 968 2346 quam
985 2287 1038 2330 cur
1055 2288 1107 2346 pa·

70 2380 143 2425 rum
160 2361 272 2436 amplis
289 2358 435 2420 adiecerit
448 2357 615 2434 praemiis,
628 2356 731 2418 nescis
751 2355 864 2416 inimici
881 2356 990 2415 iactum
1004 2371 1107 2430 repre

70 2445 221 2508 hendero.
264 2441 315 2504 58.
334 2442 417 2503 Dixit
437 2444 517 2502 enim
537 2442 587 2501 hic
601 2441 697 2512 idem,
717 2439 770 2515 qui
785 2438 886 2500 omnia
899 2453 1020 2512 semper
1036 2454 1108 2500 con-

71 2538 192 2591 stanter
207 2535 237 2587 et
251 2526 381 2599 fortiter,
401 2527 442 2584 Μ.
465 2526 553 2598 Cato,
576 2532 606 2591 et
621 2522 722 2584 dixit
714 2541 746 2583 ιιι
759 2523 933 2584 turbulenta
956 2521 1107 2596 contione,

72 2628 156 2690 quae
171 2618 272 2671 tamen
289 2610 380 2670 huius
396 2608 574 2669 auctoritate
597 2609 715 2704 placata
735 2615 795 2678 est,
817 2623 878 2666 non
902 2606 1038 2666 libertate
1058 2621 1109 2666 so·
1174 2675 1177 2679 .

71 2696 146 2768 ium,
163 2694 222 2754 sed
236 2695 325 2754 etiam
339 2691 478 2753 omnibus
486 2690 636 2765 praemiis
652 2689 849 2764 dignissimos
865 2687 970 2760 tuisse,
989 2689 1041 2763 qui
1055 2688 1108 2747 do-

71 2779 148 2840 mini
165 2786 258 2853 caput
269 2775 488 2836 defendissent.
506 2773 594 2846 Quod
605 2772 685 2833 enirn
699 2773 866 2847 praemium
882 2771 956 2832 satis
968 2785 1110 2857 magnum

72 2871 125 2925 est
147 2869 210 2941 tam
226 2861 401 2929 benevolis,
417 2866 479 2918 tam
491 2854 599 2929 bonis
613 2864 674 2923 tarn
690 2855 833 2916 fidelibus
849 2853 964 2926 servis,
986 2851 1111 2926 propter

73 2962 158 3022 quos
172 2943 268 3004 vivitt
283 2944 348 3005 Etsi
360 2942 392 3001 id
407 2940 528 3015 quidem
543 2954 608 3003 non
619 2937 693 2998 tanti
709 2947 765 3011 cst,
780 2953 872 3012 quam
887 2935 971 3010 quod
985 2940 1111 3028 propter

72 3028 208 3091 eosdem
218 3044 280 3087 non
295 3027 443 3100 sanguine
458 3032 489 3084 et
505 3020 682 3082 vulneribus
698 3020 763 3080 suis
778 3015 1005 3079 crudelissimi
998 3013 1109 3074 mimici

71 3121 209 3174 mentem
227 3112 399 3185 oculosque
420 3103 548 3168 satiavit.
592 3104 677 3177 Quos
698 3100 757 3161 nisi
771 3116 859 3160 manu
875 3098 1028 3169 misisset,
1050 3105 1110 3157 tor-

72 3193 188 3257 mentis
203 3195 293 3255 etiam
309 3190 442 3253 dedendi
457 3192 577 3250 luerunt
597 3192 830 3246 conservatores
845 3181 975 3254 domini,
996 3181 1110 3242 ultores

73 3277 214 3359 sceleris,
231 3278 412 3338 defensores
427 3273 522 3335 necis.
565 3271 621 3330 Hic
637 3285 710 3328 vero
725 3266 805 3326 nihil
811 3264 924 3326 habet
915 3282 947 3324 ιιι
962 3261 1110 3324 hiemalis

70 3360 281 3458 quodminus
297 3360 424 3420 moleste
440 3358 533 3479 forat,
551 3370 657 3431 quam,
674 3349 764 3412 etiam
779 3348 805 3410 si
821 3348 917 3424 quid
909 3350 969 3423 rpsi
983 3346 1109 3418 accidat,
1141 3392 1148 3405 .

1110 3602 1156 3632 ,Δ
