2356 3854
1 191 4 194 ’
74 151 177 256 ¹aaa
280 174 284 186 '
385 187 459 248 ruo
477 183 878 248 commemoratum.
953 208 955 217 ·

116 349 160 402 tot
176 346 210 417 et
224 345 307 398 tanta
325 307 498 404 adiumento,
517 334 588 398 huic
608 335 720 394 honori
741 332 837 393 tuisse
858 332 980 393 mirere
1018 317 1061 393 Hit

116 423 209 491 enim,
223 419 278 496 qut
290 418 536 479 adolescentulus
551 433 619 477 eum
632 419 669 475 Α.
683 417 836 492 Torquato
852 417 1007 489 protectus
1021 416 1050 475 in

117 520 184 565 oum
204 502 250 562 sio
264 501 372 562 obttto
387 499 569 575 gravissimo
592 510 622 559 et
635 498 830 559 sanctissimo
851 506 946 573 atque
962 499 1061 559 omnit

117 596 148 647 et
169 586 285 645 honore
299 583 477 657 dignissimo
494 583 559 644 viro
575 582 705 642 diteetus
719 588 783 654 est,
798 589 831 640 ut
844 589 876 642 et
893 583 1061 642 contuberni

118 662 1061 738 ressitudoetadotesoentismodestissimipudorpostulabat.t

116 753 144 812 si
160 751 292 823 adesset,
306 765 367 810 non
382 747 482 808 minus
496 747 546 807 itta
557 748 725 806 declararet
739 761 830 820 quam
845 745 894 806 hic
905 745 989 807 iltius
1000 749 1061 808 frat

117 833 221 896 truetis
236 840 266 893 et
280 846 384 905 socer,
398 831 430 889 T.
445 833 634 904 Torquatus,
652 827 733 889 omni
746 827 789 887 illi
805 828 917 888 virtute
937 839 968 890 et
982 830 1061 890 laude

120 917 171 993 qui
192 924 240 979 est
259 913 384 990 quidem
405 922 472 973 oum
494 913 545 972 itio
563 910 701 971 maximis
719 909 849 970 vinculis
870 919 900 971 et
915 912 1061 987 propiuqu

121 1009 152 1061 et
167 995 331 1058 adflnitatis
346 995 541 1068 coniunctus,
557 995 612 1054 sed
630 994 672 1054 ita
685 994 803 1067 magnis
818 993 948 1066 amoris,
968 1004 1003 1055 ut
1017 996 1061 1055 itta

120 1079 314 1142 cessiuudinls
329 1095 441 1139 causae
455 1080 540 1138 leves
556 1093 627 1137 esse
644 1076 811 1158 videantur.
833 1076 904 1137 Fuit
918 1076 949 1136 in
963 1078 1051 1138 creta

118 1162 399 1224 aa'oontubemutis
422 1159 588 1233 Saturnini,
607 1159 773 1234 propinqui
795 1158 859 1231 sui,
880 1159 971 1220 miles
999 1161 1061 1221 huit

36 1316 39 1320 ⁵
118 1245 244 1305 Metellis
261 1243 310 1304 oui
319 1251 419 1319 'quum
434 1243 524 1304 tuerit
537 1241 768 1318 probatissimus
780 1241 937 1329 hodieque
948 1242 998 1316 sit,
1011 1260 1061 1304 om*

119 1343 191 1386 esse
214 1342 249 1386 so
269 1327 429 1401 probatum
450 1327 540 1386 debet
559 1341 693 1400 sperare.
735 1325 769 1384 tn
795 1324 1017 1400 ott-provincia
1036 1329 1061 1385 te

121 1410 176 1469 tuit
192 1409 226 1468 Ο.
243 1409 411 1471 Sacerdos=
430 1425 496 1482 qua
511 1407 635 1483 virtute,
657 1424 717 1483 qua
738 1407 909 1467 constantia
927 1407 996 1467 vir!
1020 1411 1050 1468 L.

119 1506 190 1551 eust
212 1490 264 1566 qui
285 1492 391 1555 homo!
411 1489 464 1566 qui
490 1489 581 1550 eivist
604 1490 824 1566 quatemmuno
839 1499 946 1565 putent
968 1492 1061 1552 adsim

118 1573 353 1649 testimonioque
365 1574 530 1636 declarant
560 1573 610 1636 28.
626 1575 665 1649 In
674 1572 855 1634 Macedonia
869 1573 1013 1635 tribunus
1028 1575 1061 1633 mi

120 1657 191 1717 tuit:
209 1656 357 1718 inondum
372 1656 531 1734 provincia
544 1665 654 1732 posteo
668 1661 822 1730 quaestor.
859 1655 994 1716 Primum
1010 1658 1061 1716 Mat

120 1739 172 1800 nia
182 1739 227 1799 sie
238 1756 307 1800 eum
317 1739 422 1816 diligit,
435 1748 469 1800 ut
479 1740 611 1800 indicant
624 1737 655 1797 hi
668 1737 823 1813 principes
840 1737 998 1800 civitatum
1014 1757 1061 1800 sua

121 1823 172 1898 qui
188 1840 280 1898 quum
295 1822 381 1884 missi
396 1825 456 1885 sint
470 1823 509 1884 ob
525 1822 614 1882 aliam
624 1837 759 1895 eausam,
774 1828 872 1887 tamen
888 1821 982 1882 huius
994 1839 1061 1898 repe

21 1913 29 1920 ’
118 1905 254 1981 pertento
278 1907 420 1967 commoti
440 1906 510 1966 huie
529 1904 683 1976 adsident,
705 1918 762 1978 pro
784 1903 843 1964 hoo
858 1905 1017 1980 laborant,
1039 1906 1061 1964 ht

119 1996 243 2063 praesto
266 1989 390 2062 tuerint,
415 1988 527 2064 gratius
551 2005 586 2048 se
607 1986 776 2047 civitatibus
801 1985 867 2047 suis
887 1988 1061 2063 tacturosp

80 2088 84 2104 ,
119 2085 211 2144 quam
230 2071 257 2129 si
276 2071 456 2146 legationem
476 2087 563 2131 suam
582 2078 613 2131 et
627 2071 770 2130 mandata
783 2072 983 2132 contecerint.
1026 2073 1057 2130 L.

100 2151 267 2226 ..Apuleius
293 2153 375 2213 huno
394 2152 469 2214 tanti
496 2155 581 2227 tacit,
612 2162 779 2214 utmorem
802 2153 885 2214 illum
906 2154 1055 2215 maiorum

120 2234 300 2310 praeseribit
312 2235 342 2295 in
355 2243 511 2311 parentum
522 2237 590 2296 loeo
602 2235 815 2312 quaestoribus
827 2237 893 2298 suis
910 2247 1061 2312 praetores

61 2377 69 2394 ⁸
119 2327 271 2394 oportere,
287 2316 398 2380 officiis
412 2319 685 2397 benevolentiaque
700 2314 859 2394 superarit.
881 2321 1038 2382 Tribunus
1053 2339 1061 2395 q

121 2401 191 2475 tuit,
204 2419 265 2462 non
281 2403 412 2464 tortasse
425 2411 486 2463 ta'm
500 2403 664 2486 vehemens
679 2419 769 2478 quam
785 2401 844 2477 isti,
863 2421 943 2478 quos
957 2413 992 2465 tu
1007 2405 1061 2465 iure

120 2482 190 2554 das,
206 2485 263 2543 sed
277 2494 359 2546 certe
372 2485 456 2559 talis,
480 2487 586 2561 quales
601 2487 628 2546 si
645 2501 750 2547 omnes
765 2502 887 2560 semper
908 2488 1048 2561 tuissent,

42 2579 49 2585 ’
86 2620 93 2629 „
119 2580 210 2638 quam
225 2566 416 2629 desideratus
431 2568 596 2630 vehemens
611 2576 694 2630 esset
707 2568 853 2629 tribunus.

180 2644 243 2705 xtt.
261 2647 310 2708 29.
326 2649 434 2711 Omitto
448 2650 507 2723 itta,
525 2668 604 2726 quae
615 2652 642 2712 si
653 2649 751 2712 minus
764 2650 795 2711 in
807 2668 922 2712 scaena
936 2661 1020 2727 sunt,
1030 2661 1057 2712 at

119 2745 210 2805 quum
228 2739 297 2790 sunt
312 2735 438 2806 prototo,
453 2734 621 2808 laudantur,
636 2735 761 2798 utvivat
772 2750 841 2794 oum
852 2736 927 2807 suis,
940 2736 1061 2810 primum

16 2864 42 2890 h„
117 2819 243 2888 parente
253 2831 375 2874 s-nam
387 2814 579 2879 meoiudicio
594 2817 691 2892 pietas
710 2818 936 2879 tundamentum
952 2828 1004 2881 est
1018 2835 1061 2880 om

117 2896 260 2958 vinorum
271 2930 320 2971 —-,
339 2915 430 2971 quem
445 2909 565 2961 veretur
581 2908 613 2960 ut
628 2901 717 2960 deum
731 2916 885 2974 —neque
900 2900 982 2961 enim
999 2903 1061 2962 mult

118 2994 173 3040 uus
188 2989 236 3041 ost
250 2996 362 3055 parens
374 2980 479 3042 liberis
493 3015 543 3054 -,
554 2990 634 3043 amat
647 2998 720 3041 vero
735 2989 767 3042 ut
784 2983 937 3055 sodalem,
962 2995 997 3046 ut
1019 2987 1061 3045 fra

117 3069 150 3120 nt
164 3065 344 3140 aequatem„
376 3064 454 3138 Quid
468 3066 566 3125 dicam
581 3081 648 3124 eum
663 3073 784 3140 patruo,
810 3082 877 3124 oum
892 3067 1061 3137 adfinibus,

119 3147 310 3221 propinquis,
331 3163 399 3208 euro
414 3148 474 3208 hoe
485 3149 537 3208 Cn.
554 3147 726 3219 Saturnino,
747 3147 943 3210 ornatissimo
958 3150 1061 3210 virosi

119 3236 260 3293 quantam
275 3230 400 3291 honoris
417 3231 507 3291 huius
523 3231 716 3306 cupiditatem
732 3231 827 3291 tuisse
839 3231 981 3307 creditis,
1000 3246 1061 3308 quo]

118 3302 197 3396 detio
211 3311 308 3373 tuctus
324 3314 521 3374 societatem?
537 3314 615 3387 Quid
630 3314 668 3374 de
682 3328 731 3372 me
747 3314 867 3395 diqamt
885 3313 938 3390 qui
955 3315 1028 3375 mihi
1041 3315 1061 3372 io

116 3397 168 3460 ιη
180 3392 314 3462 periculo
327 3410 400 3456 reus
414 3413 487 3457 osso
502 3397 632 3469 videort
653 3396 727 3472 quid
748 3392 854 3481 dqfdtis
876 3404 921 3458 tot
936 3397 1013 3459 viris
1024 3396 1061 3457 tal
