2356 3854
332 144 745 253 οιΜο-ιιιζει-ιιι,
995 189 1058 259 277

70 333 218 407 mitatem,
233 333 361 410 gloriam
373 345 462 396 natus
475 336 504 396 vi
519 338 736 400 sceleratorum
747 338 900 401 hominnm
913 344 1058 404 corrobo-

70 435 107 491 a,
126 417 246 494 legibus
261 417 445 495 iudiciisque
460 419 610 481 sublatist
642 421 784 484 Cervices
798 424 937 485 tribunus
956 426 1056 501 plebis

70 510 159 573 ‚natm
187 502 467 577 praestantissimus
490 504 535 562 vir
553 503 802 580 profligatissimo
818 508 933 570 homini
950 509 1057 570 dareta

77 601 201 646 causam
218 595 393 662 susceptam
408 586 588 662 adfligerent
607 604 647 647 an
661 604 696 649 se
712 590 794 650 domi
810 593 999 653 continerett
1018 593 1056 653 itt

70 669 106 728 ici
121 677 209 745 turpe
227 671 344 744 putavit
358 679 388 731 et
402 670 547 732 deterreri
561 680 592 732 et
605 674 709 734 latere.
745 672 875 734 Perfecit
890 683 936 746 ut,
958 691 1054 751 quon·

70 751 157 813 nsibi
172 752 205 813 in
220 754 304 815 illurn
317 753 436 829 legibus
453 755 497 816 uti
511 772 577 815 non
590 754 710 828 liceret,
732 754 814 816 illius
832 757 892 816 vim
909 775 1010 832 neque
1023 758 1054 818 in
1168 784 1172 793 ·

70 848 199 912 tneque
213 835 244 896 in
257 837 301 897 rei
315 837 457 913 publicae
472 839 607 913 periculo
623 839 860 914 pertimesceret.

106 918 193 987 XLII.
207 919 258 981 00.
280 921 450 994 Quomodo
466 921 557 996 igitur
570 921 671 983 hocin
685 939 798 998 genere
811 921 956 998 praesidii
971 938 1053 986 oom-

70 1004 120 1062 rati
134 1016 265 1065 accusas
277 1003 420 1078 Sestium,
436 1022 529 1080 quum
543 1005 624 1066 idem
638 1008 746 1067 laudes
758 1001 923 1066 Milonem?
941 1005 990 1065 An
1003 1007 1054 1077 qni

70 1098 85 1144 ι
102 1094 180 1148 tecta
203 1087 352 1158 defendit,
380 1087 432 1163 qui
452 1088 584 1163 abaris,
609 1090 686 1149 locis
708 1092 819 1149 serrum
839 1089 1052 1163 flammamque

70 1169 161 1242 pellit,
184 1169 237 1245 qui
251 1171 309 1231 sibi
324 1170 417 1257 licere
432 1173 496 1231 vult
509 1180 573 1232 tuto
592 1189 663 1233 esse
676 1175 707 1231 in
723 1173 806 1244 loro‘,
827 1173 857 1233 in
873 1173 1001 1246 templo,
1021 1170 1053 1232 in

70 1251 117 1323 ria,
129 1251 194 1314 iure
205 1253 394 1329 praesidium
409 1263 579 1330 comparat=
596 1255 649 1330 qui
662 1255 847 1327 vulneribus,
865 1271 944 1332 quae
957 1254 1054 1316 cernit

70 1334 213 1398 tilietoto
231 1353 378 1413 corpore,
398 1347 537 1399 monetur
558 1348 590 1400 ut
615 1338 718 1414 aliquo
740 1339 895 1415 praesidio
913 1346 1004 1413 caput
1023 1345 1054 1398 et

70 1418 158 1487 'vices
169 1427 200 1481 et
210 1420 347 1496 iugulum
357 1438 394 1481 ac
409 1423 503 1482 latera
517 1430 637 1495 tutetur,
654 1423 734 1483 hunc
747 1424 787 1483 de
801 1422 832 1483 vi
845 1421 1052 1483 accusandum

70 1502 209 1566 last-91.
225 1504 299 1577 Quis
313 1505 393 1565 enim
407 1515 560 1578 nostrum,
576 1505 710 1579 iudices,
725 1506 844 1580 ignorat
858 1506 900 1565 ita
915 1514 1052 1566 neutram

70 1600 120 1645 uro
135 1586 258 1659 tulisse,
283 1596 316 1648 ut
338 1589 470 1661 quodam
486 1598 625 1664 ternpore
641 1588 780 1649 homines
795 1589 929 1648 nondum
950 1604 1052 1662 neque

70 1669 149 1730 turali
163 1686 266 1746 neque
279 1671 361 1730 civili
375 1672 441 1732 iure
456 1672 612 1747 descripto
625 1673 684 1731 lusi
697 1687 753 1745 per
767 1687 858 1745 agros
870 1688 906 1731 ac
918 1670 1052 1744 dispersi

70 1761 203 1827 gerentur
220 1761 397 1828 tantumque
414 1755 575 1826 haberent,
606 1762 751 1828 quantum
774 1770 864 1812 manu
884 1769 920 1812 ac
935 1751 1051 1812 viribus

70 1837 219 1898 rcaedem
239 1853 276 1896 ac
291 1839 418 1897 vulnera
438 1846 490 1897 aut
510 1837 628 1910 eripere
645 1845 697 1897 aut
711 1835 842 1896 retinere
859 1834 1053 1910 potuissent?

70 1916 181 1994 iigitur
198 1918 284 1996 primi
305 1920 414 1981 virtute
428 1927 458 1979 et
478 1920 606 1981 consilio
628 1919 794 1994 praestanti
814 1918 1008 1990 exstiterunt,
1029 1915 1052 1978 ii
1149 1950 1169 1971 -.

70 2011 184 2077 repento
200 1996 314 2078 genere
329 2003 480 2064 humanae
499 2001 661 2076 docilitatis
676 2011 769 2078 atque
784 2001 897 2077 ingenii
918 2000 1051 2076 dissipa-

70 2076 179 2148 tur'tum
194 2088 226 2147 in
242 2089 342 2148 locum
358 2093 581 2161 congregarunt
596 2102 715 2161 eosque
730 2103 770 2147 ex
784 2085 932 2146 efferitate
946 2085 1052 2166 illaad

70 2167 164 2230 tiliam
185 2179 278 2246 atque
293 2170 556 2231 mansuetudinem
571 2171 817 2231 transduxerunt.
857 2169 932 2229 Tum
946 2184 997 2227 res
1010 2169 1052 2228 ad

70 2264 211 2315 mmunem
225 2253 382 2316 utilitatem
397 2255 587 2326 constitutas,
603 2269 680 2329 quas
697 2253 835 2328 publicas
850 2253 1051 2326 appellamus,

70 2328 312 2399 dronventieula
325 2336 496 2408 hominum,
514 2353 593 2412 quae
608 2345 716 2411 postea
728 2335 866 2397 civitates
878 2333 1051 2394 nominatae

70 2424 106 2490 nt,
124 2429 189 2481 tum
204 2419 357 2491 domicilia
372 2421 548 2492 coniuncta,
567 2437 644 2495 quas
658 2419 750 2480 urbes
764 2418 909 2490 dicimus,
925 2418 1049 2477 invento

74 2498 167 2591 divino
184 2503 251 2564 iure
266 2512 297 2563 et
315 2503 447 2564 humano
468 2504 627 2564 moenibus
645 2510 836 2578 saepserunt.
876 2499 928 2569 92.
948 2502 1050 2575 Atque

70 2590 101 2640 'er
117 2587 197 2647 hanc
217 2585 310 2646 vitam
330 2587 510 2663 perpolitam
529 2586 714 2647 humanitate
738 2594 769 2646 et
789 2586 870 2645 illam
889 2585 1050 2646 immanem

70 2661 95 2724 til
111 2679 169 2731 lam
184 2669 311 2730 interest
326 2670 479 2746 quamius
494 2679 585 2744 atque
600 2670 657 2729 vis.
689 2670 803 2731 Horum
823 2676 891 2728 utro
905 2667 950 2728 uli
964 2669 1050 2729 nolu-

70 2758 103 2822 ts,
116 2755 212 2815 altero
228 2760 277 2814 est
291 2750 446 2814 utendum.
469 2752 539 2812 Vim
552 2755 694 2812 volumus
705 2751 935 2827 exstinguiz‘ius
949 2751 1052 2811 valeat
1067 2787 1069 2791 -

70 2840 149 2898 lesse
161 2845 224 2908 est,
240 2836 272 2897 id
283 2846 339 2909 est,
354 2836 480 2908 iudicia,
499 2837 610 2910 quibus
628 2852 717 2895 omne
731 2837 780 2896 ius
793 2832 974 2895 continetur.
1001 2833 1050 2890 lu-

70 2910 99 2977 la
118 2920 282 2995 displicent
303 2927 355 2979 aut
373 2920 456 2978 nulla
476 2926 562 2979 sunt:
588 2917 636 2977 vis
656 2918 827 2978 dominetur
842 2931 972 2975 necesse
991 2921 1048 2974 est

70 3003 206 3063 evicerit
219 3019 341 3064 omnes:
362 3002 435 3061 lllilo
451 3009 481 3060 et
494 3000 571 3061 vidit
584 3008 615 3060 et
636 2999 721 3071 iecit,
741 3007 775 3060 ut
789 3001 836 3059 ius
851 2996 1049 3072 experiretur,

70 3088 80 3137 ι
95 3086 272 3161 depelleret.
304 3087 408 3145 Altero
423 3084 466 3144 uti
479 3082 588 3155 voluit,
610 3091 644 3144 ut
663 3082 759 3143 virtus
774 3079 933 3142 audaciam
947 3078 1050 3160 vince-

70 3179 78 3212 ι
103 3170 201 3229 altero
215 3186 291 3230 usus
306 3166 482 3228 necessario
490 3174 561 3238 est,
585 3182 624 3225 ne
638 3164 735 3226 virtus
749 3164 787 3224 ab
804 3163 933 3223 audacia
948 3161 1049 3222 vince·

70 3258 109 3312 tr.
161 3251 339 3327 Eademque
357 3249 432 3311 ratio
453 3250 508 3310 luit
522 3247 629 3321 Sestii,
655 3247 801 3308 siminus
821 3247 852 3306 in
873 3245 1047 3307 accusando

73 3344 179 3410 neque
193 3334 273 3395 enim
285 3352 339 3411 per
354 3348 460 3395 omnes
475 3332 530 3394 luit
542 3331 624 3392 idom
637 3332 704 3392 lieri
718 3346 850 3391 necesse
859 3360 910 3403 -,
925 3337 1048 3392 atcerte
