2356 3854
427 213 490 263 PER
504 213 610 266 ANNOS
627 216 772 267 ntunsm.

259 528 317 563 oum
335 513 436 573 diceret,
454 528 482 563 se
501 514 544 563 illa
562 521 634 562 nocte
652 529 701 563 uon
719 516 822 576 Mutua,
842 519 888 569 sed
906 520 1026 570 luteram-

259 596 307 631 nae
325 580 412 634 luisse.
435 578 520 631 cicero
537 581 609 630 testis
626 583 762 645 productus
778 586 838 635 dicit
853 585 923 636 illum
936 588 1025 637 eodem

260 650 301 699 die
321 649 354 698 ad
371 663 400 698 se
418 649 521 699 domum
532 650 645 706 venisse3
665 648 765 700 Clodius
779 660 863 703 tamen
877 654 1022 704 absolvitur.

261 719 290 776 Q.
308 716 420 766 Ciceroni
437 716 470 766 Μ.
489 717 560 766 fratri
576 731 609 765 ex
624 725 742 780 praetura
758 720 820 768 Asia
836 723 965 784 provincia
981 723 1025 773 ob·

259 786 342 848 tingit.
362 782 447 833 Cicero
464 783 577 834 Glodinm
597 785 624 833 in
638 792 726 833 senatu
745 801 822 847 quum
840 790 952 838 oratione
968 804 1025 853 per-

258 862 350 918 petua,
373 857 427 899 turn
450 852 609 901 altercatione
632 851 756 917 frangit.1
793 856 846 904 Huc
869 871 933 906 anuo
958 858 1025 907 idem

260 921 397 970 orationem
414 933 460 982 pro
478 919 574 969 Archia
588 922 663 981 poe'tu
681 919 777 968 babuit.

292 987 427 1051 Pompeius
444 987 484 1036 111.
504 995 528 1036 et
546 988 613 1052 prid.
627 987 682 1036 Kal.
697 986 749 1036 Oet.
763 989 801 1038 -de
814 989 967 1052 Mithridate,
985 994 1026 1042 Ti-

188 1087 191 1093 <
249 1068 336 1120 *grune
354 1053 460 1116 aliisque
478 1056 579 1120 regibus
599 1056 670 1104 victis
683 1056 839 1121 ,triumphum
856 1060 918 1124 agit.
936 1058 1027 1111 Caesar

91 1185 146 1240 694
191 1188 226 1241 60
259 1124 599 1254 ἔὸεξῃῗΐᾋῗιὲἲίωό.
613 1124 740 1243 ‘'offidur
757 1193 874 1245 Metellus
890 1166 969 1246 Celer.
993 1212 997 1221 ¹
1060 1180 1092 1237 47

218 1302 221 1307 ,
292 1258 365 1307 luitio
383 1258 443 1308 anni
458 1258 542 1309 Gioero
562 1259 650 1318 effecit,
669 1261 835 1319 neutram
855 1265 881 1311 in
895 1265 957 1313 Asin
971 1279 1026 1313 suc-

259 1326 397 1379 cederetur.
433 1327 461 1376 P.
477 1326 578 1377 Clodius
597 1325 723 1377 Ciceronis
741 1327 877 1380 ulciscendi
895 1347 972 1381 causa
984 1334 1027 1380 tri-

259 1394 367 1443 bunatus
386 1395 492 1458 cupidus
510 1396 681 1445 transitionem
698 1396 731 1445 ud
745 1395 844 1460 plebem
858 1399 977 1465 molitur„
987 1398 1027 1449 Oi-

260 1476 317 1511 cero
339 1464 532 1512 wmnentamm
552 1465 693 1521 contamine
710 1465 750 1512 sni
769 1466 869 1524 scribit3
891 1467 922 1516 de
938 1468 1027 1517 eodem

259 1529 349 1578 librum
367 1529 459 1581 Graece
476 1532 596 1595 scripturn
612 1531 676 1591 edit3
695 1532 803 1594 denique
816 1538 907 1598 poema
922 1535 953 1584 de
970 1551 1027 1585 oon·

262 1598 345 1648 sulatu
362 1599 442 1649 tribus
459 1598 530 1651 libris
548 1600 706 1649 conscribit·

293 1665 345 1714 lloo
361 1681 425 1715 anno
444 1666 568 1716 adfinem
586 1677 704 1731 vergente
721 1667 855 1733 Pompeius
873 1685 930 1719 eum
947 1669 978 1718 0.
988 1671 1029 1719 lu·

260 1733 294 1782 lio
313 1732 419 1783 Caesare
439 1742 463 1783 et
480 1734 513 1782 M.
532 1735 629 1784 Licinio
650 1733 740 1784 Crasso
759 1739 893 1786 coitionem
910 1737 980 1785 iacit.

90 1800 147 1857 oss
193 1794 227 1850 59
262 1799 332 1850 coss.
368 1801 846 1863 e.1nneeaeear‚n1.oauumm
863 1803 976 1852 eroum.
1063 1790 1098 1845 48

295 1866 380 1918 dicero
404 1866 553 1932 legationem
576 1870 626 1918 sibi
651 1867 789 1918 aCaesare
813 1869 921 1920 oblatum
944 1885 1028 1935 asper·

261 1943 350 1996 natur,
380 1936 498 1999 idemque
519 1937 601 1986 locum
624 1938 649 1985 in
672 1935 721 1986 XX
737 1938 799 1986 viris
822 1953 884 2002 agro
902 1938 1027 2003 Campano

170 2027 180 2051 e
241 2004 399 2054 .‹tividunuo
423 2012 530 2054 recusat.
565 2005 639 2064 Quod
663 2003 755 2054 Caesar
778 2021 853 2071 aegre
871 2007 953 2058 tuens
973 2005 1028 2056 Clo-

262 2071 345 2131 dium,
364 2071 407 2135 qni
424 2087 453 2122 se
469 2071 496 2120 P.
519 2073 621 2123 Fonteio
639 2072 738 2136 plebeio
756 2073 851 2123 bomini
870 2077 895 2124 in
914 2075 1027 2139 adoptio-

261 2154 318 2190 nem
337 2139 447 2199 dederat‚
465 2141 499 2190 ad
515 2140 614 2204 plebem
629 2141 763 2190 traducit.⁸
782 2143 835 2192 Hoc
850 2157 914 2192 auno
932 2143 959 2192 C.
977 2145 1028 2191 Au-

261 2209 353 2266 tonius,
367 2215 426 2273 post
438 2209 545 2258 reditum
560 2224 574 2257 e
588 2210 718 2274 provincia
733 2218 871 2273 accusatus,
886 2210 1027 2261 adicerone

263 2275 414 2326 defenditur.
450 2275 633 2326 Condemnatus
646 2285 730 2325 tamen
744 2279 816 2327 exsul
828 2279 880 2328 abit
892 2281 917 2328 in
933 2279 1028 2343 Cepha-

261 2343 360 2394 laniam.
396 2344 487 2394 Postea
501 2343 585 2394 Gioero
600 2344 733 2394 Thermum
750 2346 790 2396 bis
805 2346 917 2397 defendit
935 2347 1029 2397 effecit·

263 2427 325 2474 que,
344 2418 372 2461 nt
389 2411 568 2463 absolveretur.
604 2411 701 2463 Deinde
720 2415 857 2463 orationem
875 2414 963 2467 habuit
982 2430 1027 2478 pro

224 2500 227 2505 ·
262 2481 295 2529 1..
308 2481 423 2543 'Valerio
438 2481 531 2531 flacco
554 2495 570 2531 a
592 2479 623 2530 D.
640 2480 725 2530 Laelio
746 2483 939 2545 repetundarum
957 2498 1029 2532 accu-

263 2555 326 2607 snto,
344 2563 451 2611 eumque
470 2551 501 2599 de
520 2546 734 2600 manifestissimis
752 2551 898 2603 criminibus
914 2552 964 2600 ioci
985 2565 1028 2615 op-

262 2617 414 2681 portunitate
432 2619 533 2666 exemit.

297 2683 397 2736 caesui
413 2685 517 2746 consuli,
532 2687 663 2750 rogatione
672 2685 700 2735 P.
710 2685 805 2739 Vatinii
818 2687 876 2736 trib.
887 2685 934 2752 pl,
949 2687 1028 2735 invito

262 2760 366 2813 senatu,
383 2751 464 2803 Gallia
482 2755 581 2804 ulterior
597 2769 653 2804 oum
669 2753 766 2820 Illyrico
785 2763 810 2804 et
827 2756 906 2805 tribus
924 2754 1029 2819 legioni-

262 2821 310 2870 bus
327 2822 355 2869 in
368 2822 563 2884 quinquennium
579 2822 726 2881 decernitur,
745 2838 794 2886 quo
809 2820 874 2872 iacto
890 2831 991 2873 senatus
1006 2821 1029 2870 ei

263 2886 369 2940 Galliam
392 2888 535 2940 ulteriorem
552 2905 610 2939 cum
628 2890 677 2940 alia
695 2886 796 2956 legione
813 2889 891 2942 addit.
926 2890 954 2940 Ρ.
973 2886 1030 2938 cto·

263 2958 320 3008 dius
343 2958 434 3008 uomiti‘
471 2959 609 3008 tribuniciis
626 2960 685 3008 trib.
706 2959 740 3025 pl.
759 2959 905 3025 designatur
924 2971 1029 3018 eumque

263 3027 414 3077 tribunatum
464 3028 484 3076 't
502 3041 588 3075 meuse
605 3025 745 3077 Decembri.

95 3091 153 3146 696
197 3089 232 3144 58
264 3095 336 3146 Coss.
368 3090 401 3145 L.
418 3096 566 3157 Calpurnius
584 3094 645 3144 Piso
663 3096 823 3154 Caesoninus,
842 3094 876 3143 Α.
893 3093 1019 3145 dabimus.
1063 3089 1095 3141 49

297 3163 399 3213 Clodius
422 3164 481 3212 trib.
500 3162 535 3226 pl.
554 3163 624 3226 leges
643 3163 698 3211 tulit
719 3164 742 3214 l.
762 3171 789 3210 ut
812 3161 965 3211 frumentum
983 3177 1029 3228 po·

261 3231 321 3294 pulo
340 3233 418 3296 gratis
437 3231 545 3287 deretur,
562 3229 587 3279 2.
607 3233 711 3292 nequis
729 3244 775 3293 per
793 3243 837 3278 eos
854 3230 918 3290 dies,
939 3232 1029 3294 quibus

253 3393 531 3493 'urkatssttelalguffl
543 3392 678 3487 issbffimrlltff.
694 3391 778 3492 69161.
792 3395 830 3491 2³)
846 3390 874 3437 de
888 3407 951 3451 W·
967 3405 1028 3439 em·
