2356 3854
368 185 450 245 car.
463 172 595 247 t'a—at.
615 191 642 250 s.
659 192 824 247 toa—toa.
1045 183 1109 247 283

72 332 217 395 maxima
236 333 343 408 populi
363 333 491 393 Romani
513 333 655 393 iudicium
674 349 711 403 ac
735 336 875 395 voluntas
899 342 1013 408 potest,
1036 350 1107 394 con—

71 418 180 488 tione,
209 415 355 489 comitiis,
381 417 519 477 ludorum
543 417 805 491 gladiatorumque
830 432 991 477 consessu.
1024 417 1108 489 Quae

71 498 186 561 contio
202 497 258 559 luit
272 498 520 573 perdocemus,
550 514 628 572 qttoe
643 499 766 574 quidem
777 507 861 559 esset
875 515 934 558 non
951 500 1109 570 conducta,

74 583 140 643 sed
165 596 255 653 vera,
280 580 309 639 in
331 598 392 655 qua
414 581 521 657 populi
541 581 670 641 Romani
692 595 863 641 consensus
889 581 1023 655 perspici
1051 598 1110 642 non

73 670 214 741 posset‘t
235 663 362 723 Habitae
375 674 448 725 sunt
467 665 579 724 multae
595 665 634 723 de
652 679 700 723 me
720 664 919 736 agladiatore
939 664 1110 725 sceleratis-

75 749 178 820 simo,
194 746 234 805 ad
252 762 328 819 quas
343 762 431 807 nemo
446 748 550 807 adibat
564 747 774 820 incorruptus,
800 761 888 804 nemo
906 746 1035 822 integer:
1060 763 1111 807 ne-

74 847 130 891 mo
156 831 243 888 illum
265 828 386 889 foedum
407 831 523 889 vultum
547 829 700 903 aspicere,
728 844 817 888 nemo
843 826 979 886 furialem
1003 844 1109 888 vocem

74 915 185 974 bonus
203 910 309 971 audire
324 919 450 985 poterat.
485 913 591 983 Erant,
615 919 701 971 erant
713 910 784 970 illae
805 911 963 970 contiones
978 911 1110 984 perdito-

75 998 149 1056 rum
165 993 322 1073 bominum
336 996 511 1054 necessario
523 995 722 1054 turbulentae.
745 990 816 1054 107.
830 991 941 1051 Habuit
952 993 990 1050 de
1002 994 1110 1052 eodem

75 1096 130 1139 me
149 1078 182 1135 P.
198 1076 343 1136 Lentulus
359 1078 467 1136 consul
483 1076 668 1136 contionem:
683 1093 852 1135 concursus
866 1083 913 1135 est
930 1075 1037 1148 populi
1050 1077 1111 1137 Ro·

77 1160 167 1221 mani
183 1160 296 1219 tactus=
317 1175 424 1218 omnes
440 1159 576 1232 ordines,
597 1168 659 1218 tota
672 1160 703 1219 in
717 1160 767 1217 illa
780 1158 921 1218 contione
938 1157 1023 1216 ltalia
1037 1174 1109 1217 con-

78 1243 169 1304 stitit
200 1240 270 1316 Egit
287 1257 412 1301 causam
434 1257 551 1301 summa
570 1257 638 1301 cum
652 1240 798 1316 gravitate
813 1241 964 1316 copiaque
979 1241 1109 1313 dicendi,

80 1332 169 1388 tauto
185 1323 322 1396 silentio,
337 1332 420 1385 muta
433 1324 652 1398 approbatione
668 1325 815 1395 omnium,
835 1323 908 1383 nibil
923 1329 955 1383 ut
967 1340 1110 1398 nmquam

80 1409 240 1469 videretur
258 1415 319 1467 tam
340 1408 488 1481 populare
509 1408 548 1467 ad
569 1407 675 1482 populi
694 1406 822 1468 Romani
838 1423 928 1467 aures
947 1406 1107 1467 accidisse.

79 1491 255 1552 Productus
270 1496 318 1549 est
331 1489 370 1548 ab
384 1506 420 1550 eo
437 1491 487 1550 Cn.
503 1491 681 1564 Pompeius,
698 1491 750 1565 qui
767 1507 802 1551 se
819 1507 880 1549 non
895 1491 994 1549 solum
1005 1498 1109 1550 aucto·

81 1591 149 1635 rem
159 1589 247 1633 meae
258 1571 381 1644 salutis,
399 1574 453 1632 sed
465 1572 554 1633 etiam
565 1573 733 1647 supplicem
747 1575 860 1646 populo
872 1574 1009 1632 Romano
1023 1588 1108 1646 prae-

82 1657 158 1717 buit
196 1654 294 1716 Huius
311 1654 406 1714 oratio
432 1663 464 1715 et
481 1655 638 1729 pergravis
659 1663 689 1714 et
708 1663 792 1727 grata
812 1654 946 1714 contioni
970 1653 1038 1714 luit:
1064 1655 1109 1713 sic

83 1739 254 1809 contendo,
275 1753 441 1809 numquam
458 1753 558 1811 neque
579 1735 758 1796 sententiam
779 1735 845 1796 eius
862 1735 1039 1795 auctoritate
1056 1752 1106 1794 ne-

86 1838 148 1898 que
170 1820 375 1895 eloquentiam
397 1819 581 1878 iucunditate
605 1818 701 1877 luisse
728 1817 853 1877 maiore.
888 1815 958 1877 108.
981 1817 1046 1889 0110
1068 1817 1108 1877 si-

83 1903 178 1967 lentio
200 1906 271 1963 sunt
293 1901 387 1961 auditi
408 1901 448 1959 de
468 1917 515 1959 me
536 1900 648 1961 caeteri
669 1900 823 1974 principes
852 1899 995 1958 civitatis!
1030 1916 1108 1973 quos

84 1987 200 2047 idcirco
222 2002 284 2047 non
301 1984 422 2059 appello
444 1984 603 2054 hocloco,
625 1998 751 2042 nemea
771 1982 882 2055 oratio,
904 1981 1050 2041 siminus
1071 1982 1110 2041 do

84 2071 189 2145 aliquo
204 2067 324 2138 dixero,
343 2067 475 2141 ingrata,
491 2067 518 2125 si
533 2066 607 2126 satis
625 2066 664 2125 de
679 2065 834 2137 omnibuS,
849 2066 964 2125 infinita
978 2081 1049 2124 esse
1067 2065 1109 2123 vi-

87 2152 205 2213 deatur.
238 2150 319 2221 Cedo
334 2165 414 2209 nunc
429 2149 566 2211 eiusdem
584 2149 664 2208 illius
679 2148 789 2208 inimici
804 2149 863 2208 mei
877 2150 916 2208 de
937 2164 985 2206 me
1001 2149 1109 2207 eodem

87 2236 127 2293 ad
141 2230 408 2307 verum‘populum
429 2233 459 2291 in
478 2247 586 2306 campo
600 2232 707 2291 Martio
731 2232 916 2291 contionem!
950 2230 1024 2303 Quis
1047 2246 1109 2305 non

87 2317 178 2377 modo
193 2315 389 2390 approbavit,
405 2316 461 2374 sed
476 2332 535 2375 non
550 2314 791 2388 indignissimum
807 2314 924 2372 lacinus
941 2313 1056 2386 putavit
1074 2312 1108 2370 il-

87 2400 148 2459 lum
162 2416 224 2458 non
240 2398 339 2457 dicam
359 2397 458 2471 loqui,
475 2399 531 2458 sed
546 2398 648 2456 vivere
669 2413 705 2456 ac
720 2397 857 2472 spiraret
886 2395 958 2468 Quis
981 2394 1036 2454 luit
1059 2393 1111 2470 qui

87 2499 146 2543 non
162 2483 230 2541 eius
246 2495 322 2541 voce
337 2480 481 2539 maculari
496 2497 558 2539 rem
573 2480 723 2555 publicam
735 2496 846 2555 seque,
862 2479 889 2538 si
901 2495 970 2539 eum
982 2478 1110 2548 audiret,

89 2565 206 2625 scelere
224 2563 350 2637 astringi
366 2563 579 2624 arbitraretur?

169 2647 215 2705 tt.
234 2644 315 2719 toa.
343 2645 443 2704 Venio
466 2646 504 2704 ad
526 2645 658 2718 comitia,
680 2646 745 2706 slve
764 2645 992 2719 magistratuum
1013 2645 1112 2718 placet

87 2728 153 2790 sive
167 2730 277 2802 legum.
308 2729 405 2802 Leges
421 2727 560 2788 videmus
578 2745 671 2802 saepe
687 2728 757 2788 lerri
770 2729 888 2789 multas.
923 2727 1031 2787 Omitto
1046 2740 1110 2795 cas,

88 2829 166 2886 quae
184 2813 319 2870 feruntur
332 2811 387 2882 ita,
410 2809 463 2869 vix
477 2818 509 2869 ut
523 2810 606 2884 quini
621 2818 651 2870 et
664 2810 684 2869 ii
698 2828 735 2871 ex
751 2812 849 2871 aliena
863 2810 957 2880 tribu,
981 2809 1033 2881 qui
1048 2808 1111 2866 sul-

88 2893 215 2969 lragium
230 2895 327 2952 lerant
345 2893 542 2966 reperiantur.
574 2893 619 2952 De
639 2909 701 2962 me,
726 2910 816 2966 quem
835 2901 998 2969 tyrannum
1018 2897 1111 2961 atque

86 2984 259 3051 ereptorem
271 2974 418 3035 libertatis
433 2990 504 3035 esee
515 2973 635 3035 dicebat
647 2974 698 3033 illa
713 2977 800 3034 ruina
813 2975 858 3033 rei
876 2972 1024 3047 publicae,
1040 2970 1113 3029 dicit

86 3075 121 3120 se
136 3060 237 3133 legem
252 3058 368 3119 tulisse.
390 3057 526 3131 Quisest
540 3057 653 3130 quise,
670 3074 762 3130 quum
775 3063 885 3115 contra
891 3071 938 3113 me
951 3053 1112 3123 terebatur,

86 3139 182 3201 inisse
197 3140 375 3215 suffragium
392 3139 592 3200 confiteatur?
612 3156 705 3213 quum
719 3147 819 3198 autem
837 3139 875 3207 de
890 3153 937 3195 me
951 3136 1061 3195 eodem
1072 3151 1112 3195 ex

86 3225 393 3296 senatusconsulto,
419 3221 548 3283 comitiis
575 3220 749 3281 centuriatis
776 3220 942 3292 terebatur,
976 3217 1045 3292 quis
1065 3226 1114 3278 est

86 3305 139 3381 qui
152 3322 216 3366 non
232 3305 408 3381 profiteatur
427 3321 463 3365 se
482 3302 620 3364 adfuisse
637 3310 667 3363 et
682 3301 859 3375 suffragium
879 3304 919 3361 de
934 3303 1030 3363 salute
1045 3317 1113 3361 mea

84 3390 215 3452 tulisset
245 3388 319 3449 Utra
340 3389 430 3462 lgitur
453 3402 547 3447 causa
566 3385 723 3460 popularis
744 3385 835 3445 debet
857 3385 970 3445 videri:
997 3385 1028 3443 in
1052 3398 1113 3458 qua
