2356 3854
14 172 59 238 52
231 174 270 232 ΙΝ
281 172 312 230 G.
327 168 488 231 VERREM
502 170 584 229 ACT.
605 171 640 228 ΙΙ.
657 170 729 230 nnn
743 170 795 230 lv.

16 324 172 394 nationes,
187 320 238 381 ubi
253 319 308 379 erit
322 317 440 394 imperii
454 336 563 379 nomen
585 327 614 379 et
629 317 780 392 dignitas?
808 315 976 377 Mamertini
987 334 1013 375 m

17 405 139 480 publice
154 419 216 462 uon
232 401 410 481 invitarunt:x
423 418 470 461 me
487 419 579 477 quum
593 402 679 473 dico,
701 403 767 460 ie've
782 408 844 460 est:
866 409 1013 459 senatorer

15 487 124 563 popuii
140 484 268 545 Romani
285 483 316 548 si
337 501 396 544 nnn
419 485 595 558 invitarunt,
621 484 766 543 honorem
787 483 923 542 debitum
940 483 1013 540 detra-

16 577 127 630 xerunt
141 583 201 627 non
216 565 345 638 homini,
362 569 417 627 sed
433 568 539 627 ordini.
571 568 645 625 Nam
660 565 719 639 ipsi
733 565 828 626 T'uiiio
846 564 968 639 patebat
980 564 1013 622 do

15 656 84 710 mus
98 649 338 724 locupletissima
349 659 379 710 et
389 651 575 725 amplissima
587 649 637 707 Cn.
649 648 783 722 Pompeii
795 647 950 720 Basilisci,
964 660 1013 719 qno,

16 733 106 793 etiam
134 733 160 791 si
180 739 263 791 esset
288 731 430 793 invitatus
458 749 477 790 a
501 733 605 804 vobis,
628 740 726 791 tamen
752 730 952 789 devertisset=
971 732 1013 786 erat

16 815 105 877 etiam
119 815 360 886 Percenniorum,
378 817 429 890 qui
443 830 523 873 nunc
537 814 606 874 item
621 811 756 887 Pompeii
768 820 846 882 sunt,
862 813 968 871 domus
977 810 1013 867 ho

16 898 206 969 nestissima,
223 914 285 971 quo
297 899 329 955 L
344 900 435 957 frater
448 914 534 956 meus
551 912 667 956 summa
680 895 798 955 illorum
814 895 966 954 voluntate
978 892 1013 949 de

16 979 113 1044 vertit.
146 979 240 1039 Senat
229 989 275 1040 tor
290 981 397 1054 populi
411 979 547 1050 Romani,
565 979 671 1053 quod
663 977 919 1050 1nv0bisiuit,in
935 982 1012 1034 vestro

1 1065 132 1139 ‘oppido
156 1060 248 1122 iacuit
268 1070 298 1121 et
316 1062 505 1157 pernoctavit
524 1061 554 1120 in
575 1060 708 1155 publico
739 1061 826 1118 Nulla
848 1059 909 1118 hoc
929 1057 1012 1117 civitas

16 1161 158 1220 umquam
173 1144 231 1203 alia
252 1144 409 1204 commisit.
423 1178 466 1189 —
480 1145 618 1203 Amicum
638 1143 717 1202 enim
741 1151 878 1201 nostrum
904 1140 932 1202 in
957 1136 1012 1198 iudi·

15 1228 96 1288 cium
111 1227 257 1287 vocabas.
271 1228 370 1286 —Tu
388 1227 461 1302 quid
476 1244 533 1301 ego
549 1227 645 1302 privat
646 1226 686 1284 im
701 1224 819 1298 negocii
833 1241 935 1299 geram
946 1223 1011 1281 inter·

15 1310 175 1385 pretabere
190 1309 393 1370 imminuendo
416 1310 532 1369 honore
548 1307 723 1369 senatorio?
748 1307 797 1368 26.
826 1309 938 1366 Verum
957 1305 1011 1362 liaeo

16 1400 79 1453 tum
100 1409 275 1466 queremur,
297 1391 421 1466 siquid
445 1394 483 1451 de
503 1392 591 1451 vobis
610 1408 666 1466 per
685 1408 752 1450 eum
770 1390 907 1450 ordinem
922 1396 1010 1462 agetur,

17 1474 69 1550 qui
87 1476 161 1535 ordo
176 1492 194 1533 a
208 1476 296 1535 vobis
311 1475 411 1533 adhuc
428 1475 503 1534 solis
518 1483 707 1549 contemptus
723 1481 777 1533 est.
808 1475 841 1531 ln
858 1472 959 1547 popuii
971 1471 1011 1527 Ro·

15 1559 96 1616 mani
109 1557 230 1632 quidem
246 1566 444 1653 conspectum
456 1574 516 1631 quo
528 1573 581 1616 ore
592 1575 649 1616 vos
660 1555 872 1616 commisistis?
886 1571 939 1614 nec
951 1552 1011 1628 print

16 1638 98 1699 iiiam
115 1656 252 1715 crucem,
278 1657 337 1716 qua
319 1657 355 1700 e
373 1640 462 1700 etiam
477 1657 556 1699 nunc
571 1640 646 1700 civis
663 1639 790 1700 Romani
806 1638 949 1713 sanguine
963 1633 1011 1692 red-

17 1723 125 1794 undat,
151 1740 228 1798 quae
249 1725 310 1783 fixa
331 1732 379 1783 est
396 1725 436 1784 ad
456 1732 576 1799 portum
590 1725 757 1797 urbemque
771 1732 918 1794 vestram,
939 1715 1012 1777 revel·

18 1805 95 1865 iistis
111 1822 217 1901 neque
231 1809 260 1865 in
277 1808 460 1880 profundum
475 1806 628 1867 abiecistis
643 1808 805 1881 iocumque
820 1803 903 1865 ilium
918 1812 1013 1864 omnen

15 1887 180 1962 eripientis,
202 1907 290 1963 quam
305 1891 431 1953 Romam
454 1899 545 1965 atque
565 1891 595 1948 in
618 1891 723 1949 horum
745 1895 926 1947 conventum
939 1883 1013 1944 adire

16 1970 78 2030 tis?
101 1972 135 2030 In
149 1972 395 2032 Mamertinorum
417 1976 482 2033 solo
510 1973 664 2032 foederato
689 1981 780 2046 arque
802 1978 911 2044 pacato
880 1978 1013 2029 tmonu·

17 2062 150 2113 mentum
175 2055 201 2113 is
203 2053 263 2113 tius
287 2055 470 2114 crudelitatis
493 2055 685 2114 constitutum
707 2063 763 2114 est.
794 2055 944 2113 Vestrane
961 2047 1013 2108 urbs

18 2135 114 2195 eiecta
128 2144 188 2209 est,
213 2138 252 2195 ad
273 2153 363 2210 quam
379 2155 470 2210 quum
488 2138 605 2198 adirent
626 2155 664 2197 ex
689 2136 789 2208 italia,
814 2151 935 2194 crucem
959 2127 1013 2190 civis

17 2218 144 2277 Romani
164 2217 248 2292 prius
273 2237 362 2293 quam
377 2237 559 2295 quemquam
582 2220 708 2279 amicum
729 2219 835 2293 populi
849 2214 973 2278 Romani
986 2208 1013 2268 vi·

19 2300 126 2359 derent
114 2306 242 2372 taquam
254 2301 472 2376 vosRheginiS,
485 2319 612 2377 quorum
624 2302 735 2362 civitati
746 2300 928 2374 irridetisst
907 2319 916 2359 ι
916 2305 1013 2370 (ιιιιιιιι

18 2380 127 2441 rncoirs
141 2384 265 2453 vestris
282 2384 398 2443 crvrbus
411 2387 570 2459 Romanis
593 2386 753 2445 ostendere
768 2385 889 2454 scietis,
909 2399 966 2457 quo
980 2390 1013 2436 ml

19 2480 77 2524 nus
100 2463 157 2522 sibi
173 2465 319 2536 adrogent
339 2467 499 2542 minusque
519 2485 575 2527 vos
599 2467 782 2541 despiciant,
806 2483 900 2541 quum
916 2463 1013 2523 videant

18 2545 68 2606 ius
87 2545 216 2604 civitatis
231 2547 281 2605 iiio
298 2549 445 2620 supplicio
463 2567 533 2610 esse
549 2551 718 2610 mactatum.
995 2560 1002 2573 ¹

101 2628 165 2686 XII.
197 2625 247 2688 27.
279 2628 393 2689 Verum
407 2631 481 2691 haec
497 2631 609 2693 emisse
625 2642 652 2691 te
668 2632 755 2691 dicis.
795 2630 895 2703 Quinc
921 2627 1013 2698 iliani

20 2709 109 2770 talica
131 2716 194 2769 tota
211 2709 312 2769 Sicilia
336 2713 489 2773 nominata
509 2715 545 2774 ab
570 2715 677 2774 eodem
699 2714 776 2774 Heio
803 2715 1013 2787 peripetasmate

20 2808 122 2852 emere
137 2792 248 2852 oblitus
266 2801 322 2853 est
348 2794 445 2865 Licuit
459 2795 567 2853 eodem
580 2799 687 2867 modo,
702 2806 735 2857 ut
751 2796 846 2870 signa.
866 2795 942 2869 Quid
958 2790 1013 2852 enin

20 2884 119 2936 actum
135 2882 201 2935 est‘t
230 2879 278 2934 Αιι
292 2876 397 2936 litteris
418 2875 601 2951 pepercistis
628 2881 741 2938 Verum
760 2879 912 2938 hominem
936 2888 1013 2937 nmen

19 2964 79 3017 tem
94 2959 153 3018 hoc
169 2958 259 3032 iugit-
280 2958 379 3018 minus
394 2960 506 3018 clarum
522 2961 671 3032 putaviti
670 2979 722 3022 ore
745 2961 828 3035 quod
850 2962 889 3021 de
909 2954 1013 3020 armarit

22 3056 111 3112 quam
129 3058 211 3116 quon
200 3041 264 3099 de
280 3040 412 3100 sacrario
431 3049 513 3100 esset
530 3041 667 3102 ablatum
698 3047 737 3103 At
753 3061 812 3119 quo
828 3045 920 3105 modo
935 3044 1013 3102 abstu

11 3121 73 3181 rita
101 3123 166 3183 Non
183 3139 310 3197 possum
325 3122 426 3182 dicere
444 3123 563 3197 planius
586 3127 674 3198 quam
695 3126 761 3199 ipse
782 3128 866 3201 apud
886 3145 943 3187 vos
962 3117 1013 3184 dixi

20 3202 125 3262 Heius
158 3205 253 3277 Quum
280 3204 488 3279 quaesissem,
513 3223 583 3265 num
609 3208 681 3282 quid
701 3208 782 3268 aliud
802 3211 839 3268 de
860 3209 950 3269 bonis
969 3206 1013 3266 ein

20 3285 213 3359 pervenisset
226 3287 263 3346 ad
278 3287 419 3359 Verrem,
445 3289 616 3369 respondit·
632 3289 722 3350 istum
742 3292 780 3350 ad
802 3309 835 3350 se
849 3292 982 3362 misisse,
998 3301 1013 3342 ι

22 3366 80 3426 sibi
99 3367 226 3427 mitteret
215 3370 445 3445 tAgrigentum
473 3372 715 3445 peripetasmata.
763 3373 905 3445 Quaesivi
924 3392 960 3434 an
980 3364 1013 3432 ιιιί
