2356 3854
85 174 147 236 272
385 170 458 230 PRO
473 171 504 228 P.
520 167 652 229 SESTIO
668 167 825 229 canuto·

85 340 214 398 rumque
229 323 372 382 defendit.
408 319 457 383 tt.
481 319 660 380 Meministis
675 327 752 393 tum,
776 320 913 395 iudIces,
935 322 1086 397 corporibus

87 407 197 467 civium
211 406 340 466 Tiberim
357 402 517 479 compleri,
541 405 662 463 cloacas
678 401 829 476 refarciri,
852 420 871 462 e
892 406 959 464 loro
977 406 1085 482 spongiis

15 552 21 566 Ι
87 491 190 563 eitingi
209 488 404 562 sanguinem,
430 494 463 548 ut
489 502 595 546 omnes
617 494 730 545 tantam
759 486 839 544 illam
865 487 986 562 copiam
1005 494 1084 549 ettnn

86 573 278 647 magnificum
296 579 475 646 apparatum
491 587 551 629 non
569 569 718 642 privatum
739 576 791 629 aut
806 562 975 644 plebeium,
991 573 1038 633 sed
1049 589 1081 646 p-

85 656 203 716 tricinm
219 664 249 715 et
265 655 448 730 praetorium
463 669 534 713 esse
551 652 777 712 arbitrarentur.

169 739 302 798 XXXVl.
328 738 406 798 Nihil
429 754 528 812 neque
549 736 692 796 antehoc
713 744 834 810 tempus
853 753 956 811 neque
969 737 1021 796 hoc
1035 735 1078 810 ipsu

85 822 346 883 turbulentissimo
360 821 409 881 die
418 818 615 880 criminamini
624 818 766 882 Sestium.
775 851 816 890 ,-
828 822 923 896 Atqui
940 822 984 880 u'is
999 820 1024 879 iu
1037 820 1076 879 ion

85 915 208 966 uersata
226 915 282 965 est.
309 941 350 951 -
376 905 476 965 Certe:
507 904 629 978 quando
652 903 732 962 enim
752 902 872 962 maiori
901 902 1077 981 Lapidatioucs

88 1005 236 1064 persaepe
253 989 398 1048 vidimus:
426 1004 486 1047 non
502 986 543 1046 ita
558 1002 666 1060 saepe,
688 986 743 1045 sed
765 985 891 1046 nimium
909 996 1003 1046 tamen
1016 996 1076 1059 saept

86 1073 221 1147 gladioS,
239 1073 364 1131 caedem
385 1089 457 1131 uero
472 1076 600 1142 tantam,
624 1076 723 1129 tantos
739 1085 870 1130 acervos
886 1076 1035 1146 corporum
1043 1082 1073 1126 eu·
1103 1080 1105 1087 ·

87 1164 233 1227 structoS,
259 1154 317 1213 nisi
340 1157 415 1214 lorte
437 1154 488 1214 illo
505 1154 638 1213 Cinnano
660 1161 753 1226 atque
775 1152 943 1214 Octauiano
960 1150 1017 1224 die,
1030 1146 1073 1225 puis
1103 1148 1105 1153 ’

86 1255 229 1312 umquam
245 1237 275 1296 in
291 1241 357 1298 loro
370 1238 467 1297 vidit‘t
489 1252 549 1312 qua
562 1254 601 1296 ex
616 1235 819 1296 concitatione
831 1236 1015 1297 animoruml
1026 1233 1073 1293 lito
1102 1297 1105 1303 ,

87 1337 124 1379 ex
144 1321 310 1395 pertinacia
330 1330 381 1381 aut
397 1320 568 1381 constantia
584 1320 798 1380 intercessoris
815 1320 911 1380 oritur
926 1336 1013 1394 saepe
1023 1314 1072 1377 sedi
1098 1326 1103 1335 “

86 1403 143 1476 tio,
169 1405 260 1478 culpa
279 1413 371 1478 atque
388 1404 579 1479 improbitate
595 1404 701 1464 latoris
722 1405 884 1463 commodo
900 1400 1071 1479 aliquoinpe
1100 1404 1105 1419 ⁴

86 1486 151 1546 ritis
173 1495 224 1546 aut
244 1487 404 1562 largitione
426 1488 600 1563 proposita:
627 1488 720 1547 oritur
743 1503 782 1546 ex
805 1486 1022 1547 concertatione
1036 1496 1071 1540 ns·
1102 1490 1105 1518 ¹

87 1569 281 1644 gistratuum=
300 1570 393 1631 oritur
406 1570 520 1643 sensim
532 1588 572 1630 ex
584 1571 716 1630 clamore
729 1569 868 1644 primum,
885 1570 992 1630 deinde
1006 1565 1072 1640 abab
1101 1621 1105 1645 ‚

87 1653 280 1713 discessione
299 1652 464 1714 contionis:
490 1654 557 1727 vin,
574 1670 643 1714 sero
659 1662 690 1713 et
709 1669 778 1714 raro
795 1655 835 1712 ad
851 1656 959 1714 maniis
974 1642 1071 1728 perrea

86 1744 148 1799 tur=
175 1739 257 1798 nullo
272 1754 346 1798 uero
362 1739 455 1798 verbo
472 1740 566 1809 facto,
592 1738 673 1797 nulla
690 1736 831 1797 contione
846 1736 1007 1808 advocata,
1022 1730 1073 1792 nnn

85 1822 153 1896 lege
168 1821 293 1883 recitata
307 1822 486 1882 concitatam
503 1830 681 1882 nocturnam
697 1817 879 1882 seditionem
896 1822 964 1897 quis
978 1810 1074 1879 audititi
1098 1872 1101 1877 .

82 1901 136 1966 78.
157 1907 205 1964 An
228 1905 291 1964 veri
315 1905 411 1965 simile
427 1914 496 1977 est,
524 1912 556 1964 ut
579 1904 654 1964 ciuis
676 1906 833 1965 Romanus
855 1914 908 1966 eut
927 1904 1010 1964 homo
1028 1896 1074 1959 buu
1098 1964 1105 1972 ,

87 1987 249 2061 quisquam
264 2005 332 2047 cum
351 1989 451 2064 gladio
470 1989 500 2048 in
519 1989 617 2048 lorum
638 1988 832 2048 descenderit
847 1990 918 2050 ante
939 1990 1073 2057 lucano

86 2070 125 2128 de
142 2087 190 2129 me
204 2071 274 2130 ferri
291 2080 457 2145 pateretur,
481 2080 688 2146 praeterens,
712 2072 764 2146 qni
790 2072 828 2131 ab
849 2074 901 2133 illo
919 2070 1073 2147 pestilenti
1101 2094 1105 2099 ·

85 2155 204 2228 perdito
222 2154 282 2212 civi
303 2155 362 2215 iam
384 2155 500 2230 pridem
521 2155 565 2215 rei
587 2155 728 2230 publicae
746 2156 896 2230 sangnine
919 2148 1073 2229 saginantur!

84 2237 141 2297 Hic
156 2238 214 2297 iam
230 2238 268 2297 de
284 2237 353 2311 ipso
368 2248 547 2298 accusatore
564 2254 694 2313 quacun,
707 2239 769 2313 'qui
784 2239 815 2297 P.
832 2239 964 2299 Sestium
979 2231 1072 2313 queam

85 2337 154 2380 cum
168 2320 358 2382 multitudine
373 2322 402 2380 in
420 2322 571 2382 tribunatu
587 2331 616 2381 et
632 2339 700 2382 cum
716 2323 870 2397 praesidio
887 2316 996 2397 magno
1003 2315 1072 2383 suisa

85 2420 157 2462 num
175 2407 225 2465 illo
242 2404 292 2465 die
308 2405 419 2466 luerit?
450 2405 536 2466 cene
552 2423 612 2465 non
631 2406 695 2466 luit.
730 2406 819 2466 Victa
842 2405 933 2480 igitur
952 2413 996 2465 cst
1011 2406 1071 2463 cst!

85 2487 129 2544 rei
147 2487 285 2560 publicae
301 2497 330 2549 el
348 2489 428 2548 victa
442 2505 503 2549 non
522 2488 684 2564 auspiciis,
707 2507 768 2549 non
793 2489 1020 2560 intercessione,
1035 2490 1071 2573 ub

86 2569 255 2644 suffragiis
272 2572 327 2631 sed
342 2573 387 2643 vi,
404 2590 511 2645 manu,
531 2574 620 2632 lerro.
648 2573 722 2631 Nam
738 2574 764 2632 si
781 2566 1070 2634 obnunniassetlcbu
1100 2608 1105 2647 ÷

86 2652 133 2711 cio
150 2652 191 2724 is,
208 2653 260 2727 qui
275 2670 310 2713 se
325 2672 469 2717 servasse
484 2657 523 2716 de
544 2657 629 2716 caelo
653 2655 781 2730 diceret,
804 2660 977 2734 accepisset
989 2658 1069 2725 result
1101 2657 1105 2663 “

61 2790 66 2794 .
86 2735 209 2810 publica
224 2738 359 2811 plagam,
384 2741 536 2812 sedeam,
559 2756 650 2815 quam
673 2750 832 2816 acceptam
854 2758 976 2818 gemere
988 2734 1078 2815 passu·
1098 2780 1105 2819 -,

86 2821 111 2880 si
132 2821 359 2882 intercessisset
382 2824 500 2898 collega
521 2823 676 2896 Fabricio,
703 2824 847 2886 laesisset
865 2842 930 2887 rem
951 2819 1073 2902 publiollt.

41 2978 43 2983 .
85 2905 140 2964 sed
159 2906 233 2982 [rem
249 2904 412 2982 publicam]
429 2907 494 2967 iure
510 2906 661 2968 laesisset.
701 2907 890 2970 Gladiatores
913 2919 945 2970 tu
963 2896 1065 2968 nouitbi
1091 2900 1105 2948 s¹

85 3003 140 3061 pro
158 2997 336 3063 exspectata
351 2989 504 3051 aedilitate
520 2990 715 3064 suppositos,
739 3008 806 3051 cum
823 2992 942 3054 sicariis
959 2986 1063 3071 eccli?li
1096 2996 1105 3061 ξ.

85 3071 207 3133 emissis
222 3081 292 3134 ante
312 3074 411 3134 lucem
430 3073 596 3135 immittas?
622 3074 816 3150 magistratus
837 3078 949 3151 templo
967 3058 1065 3148 deba!
1101 3055 1105 3094 ³

86 3155 210 3213 caedem
225 3157 517 3219 maximamtaeiasr
534 3159 632 3217 lorum
648 3166 786 3234 purges?
800 3167 844 3231 et,
862 3176 954 3234 quum
967 3148 1063 3216 omubl

86 3239 115 3290 et
130 3239 220 3296 armis
232 3240 347 3313 egeris,
363 3257 492 3301 accuses
505 3258 588 3313 eum,
606 3241 657 3316 qui
673 3259 707 3302 se
720 3237 874 3317 praesidio
888 3234 1062 3305 munieritttl
1096 3223 1105 3261 ¹

85 3319 118 3371 ut
132 3322 160 3373 te
176 3332 380 3393 oppugnaret,
397 3325 452 3384 sed
470 3334 503 3384 ut
517 3324 609 3383 vitam
624 3341 710 3384 suam
727 3335 836 3399 posset
850 3324 1019 3393 detenderet
1092 3303 1105 3395 Ῑζ

168 3398 313 3461 XXXVII.
342 3403 391 3465 79.
418 3407 512 3480 Atqui
532 3423 570 3466 ne
586 3423 626 3466 ex
645 3423 681 3467 eo
706 3407 829 3483 quidem
849 3416 980 3485 tempore
995 3382 1061 3465 itui
1084 3386 1102 3448 =¹
