2356 3854
326 90 331 103 ¹
407 119 748 187 cnP.1-a.s.1-t.
1055 109 1097 175 45

31 258 49 345 '³'j
97 275 159 327 sent:
178 282 269 328 unum
281 266 439 343 Cupidinis
453 284 653 328 marmoreum
667 269 816 332 Praxiteli.
846 270 988 331 Nimirum
1004 270 1095 330 didici

10 334 45 427 ”ij
95 349 176 422 eiiam,
192 351 264 410 dum
280 350 311 410 in
326 350 415 411 istum
429 351 565 426 inquiro,
580 352 728 412 artiiieum
743 353 874 413 aomina.
908 356 1007 427 Idem,
1028 355 1093 428 opi-

94 446 146 507 nor,
167 432 276 493 artilex
300 433 436 493 eiusdem
455 435 539 494 modi
565 434 743 508 Cupidinem
760 436 831 496 iecit
849 436 947 507 illurn,
974 436 1026 511 qui
1047 446 1094 497 est

24 514 44 595 ,ᾖ
92 514 219 591 Thespiis,
234 525 360 590 propter
377 534 468 590 quem
484 518 634 590 Thespiae
647 517 800 577 visuntur:
818 535 885 578 nam
900 519 959 578 alia
973 519 1093 580 visendi

10 567 36 675 “1
91 612 165 659 eausa
180 600 263 658 nulla
279 608 336 658 est.
367 601 468 675 Atque
482 600 532 659 ille
546 600 579 657 L.
594 600 769 673 Mammiae,
788 618 880 674 quum
894 603 1091 677 Thespiadas,

18 666 42 771 Ϊζ
90 698 153 755 quae
165 682 205 741 ad
219 681 327 740 aedem
341 681 504 742 Felicitatis
526 691 609 753 sunt,
633 691 815 756 caeteraque
832 686 959 757 prolana
981 702 1021 745 ex
1040 686 1091 744 illo

10 776 38 849 [ζ
89 764 186 839 oppido
208 764 297 837 signa
315 766 447 837 tolleret,
467 765 547 825 hune
568 780 766 824 marmoreum
793 766 983 839 Cupidinem,
1009 767 1092 841 quod

10 834 36 929 {³
87 855 135 907 erat
160 856 375 917 consecratus,
402 864 463 907 non
490 847 593 922 attigit.
624 849 674 907 lll.
705 847 733 909 5.
767 850 879 907 Verum
903 858 937 908 ut
961 850 999 908 ad
1020 849 1091 909 illud

13 922 49 1017 ζ’
86 928 237 989 saomrium
253 930 389 1002 redeam,
412 929 532 1004 signum
547 938 612 990 erat
630 931 705 1003 hoo,
730 932 813 1006 quod
829 931 912 1003 dieo,
936 930 1091 1006 Cupidinis

15 1022 26 1093 ῃ·
84 1026 269 1071 enarmore:
287 1028 326 1071 ex
340 1014 434 1072 altera
448 1021 533 1088 parte
544 1013 700 1087 Hercules,
716 1013 838 1089 egregie
852 1014 949 1075 iaetus
961 1031 999 1073 ex
1011 1030 1090 1073 aere.

84 1092 280 1155 lodieebatur
299 1110 370 1154 esse
384 1095 536 1172 Myronis,
562 1104 595 1155 ut
615 1096 738 1170 opinor:
762 1105 791 1156 et
813 1106 903 1158 eerte.
935 1099 1092 1157 ltemante

84 1174 130 1238 hos
148 1178 226 1239 deos
248 1186 335 1236 erant
355 1179 474 1252 arulae,
497 1194 575 1253 qnae
591 1178 688 1240 cnivis
705 1179 882 1253 religionem
904 1180 1028 1240 saorarii
1051 1179 1091 1238 si·

11 1270 17 1315 τ
83 1259 216 1333 guiheare
243 1267 381 1334 possent.
415 1261 507 1321 Erant
527 1265 623 1321 aenea
644 1262 704 1322 duo
725 1270 883 1336 praeterea
903 1263 1005 1339 signa,
1029 1278 1090 1321 non

10 1352 17 1363 ·
80 1343 209 1414 maxima,
228 1358 333 1403 verum
346 1342 456 1403 eximia
472 1353 643 1417 venustate,
667 1344 804 1420 virginali
817 1346 920 1406 habitu
935 1355 1027 1420 atque
1041 1361 1091 1404 ve·

10 1426 16 1444 ³
80 1424 153 1499 stin,
171 1425 405 1500 quaemanibus
420 1427 546 1488 sublatis
562 1443 649 1487 sacra
665 1429 814 1503 quaedam
830 1444 913 1488 more
928 1427 1092 1489 Athenien·

10 1520 13 1528 ’
79 1508 147 1569 sium
164 1506 316 1583 virginum
330 1509 465 1583 reposita
483 1511 514 1568 in
532 1509 680 1584 capitibus
703 1510 900 1571 sustinebant.
936 1510 1092 1585 Canepho-¹

15 1614 28 1631 ι·
78 1607 122 1651 roe
135 1590 226 1666 ipsae
244 1593 439 1652 vocabantur.
472 1591 534 1653 Sed
550 1609 652 1652 earum
672 1592 832 1665 artificem,
857 1600 968 1667 quem?
989 1608 1091 1667 quem·

15 1694 20 1701 ·
77 1681 160 1733 namt
189 1673 285 1734 Recte
296 1675 452 1746 admones,
466 1673 645 1750 Polyclitum
660 1689 731 1733 esse
743 1674 892 1733 dicebant.
919 1674 1091 1733 Messanam

77 1757 249 1832 utquisque
266 1765 403 1831 nostrum
419 1765 557 1827 venerat,
579 1755 655 1814 haee
677 1755 777 1814 visere
799 1756 929 1815 solebat:
953 1756 1091 1815 omnibus

76 1839 145 1900 haee
161 1841 202 1899 ad
217 1840 378 1899 visendum
393 1840 535 1912 patebant
550 1837 675 1899 cotidie:
691 1838 800 1897 domus
816 1847 879 1898 erat
893 1855 953 1898 non
970 1839 1091 1899 domino

76 1924 166 1998 magis
181 1931 359 1982 ornamento
374 1938 464 1996 quam
483 1921 604 1981 civitati.
624 1920 654 1982 6.
675 1920 705 1979 C.
719 1921 872 1994 Claudius,
888 1923 974 1982 cuius
988 1920 1091 1981 aedili*

75 2010 161 2066 talem
174 2003 504 2079 magnificentissimam
519 2003 631 2064 seimus
649 2004 759 2077 luisse,
774 2021 850 2065 usus
866 2014 912 2064 est
926 2007 985 2064 hoo
1003 2004 1091 2077 Cupi·

17 2090 20 2095 '
76 2088 140 2149 dine
160 2096 223 2148 tam
247 2086 314 2160 diu,
332 2088 402 2147 dum
426 2089 523 2148 iorum
546 2086 594 2147 dis
608 2085 824 2148 immortalibus
839 2090 1016 2162 populoque
1030 2088 1090 2146 Ro-

75 2186 160 2232 mano
183 2168 289 2229 habuit
316 2178 471 2230 ornatum:
499 2179 542 2241 et,
575 2187 667 2243 quum
691 2170 807 2244 hospes
831 2177 915 2230 esset
938 2169 1090 2240 Heiorum,

10 2242 22 2339 i
75 2252 241 2314 llamertini
255 2261 355 2313 autern
371 2253 652 2329 populipatronus,
676 2261 710 2312 ut
722 2252 781 2312 illis
796 2251 935 2325 benignis
949 2267 1025 2311 usus
1046 2259 1093 2311 est

18 2346 22 2357 ·
74 2338 109 2396 ad
130 2336 399 2406 commodandum,
424 2334 469 2394 sie
487 2336 555 2410 ipse
572 2334 700 2408 diligens
727 2335 783 2394 init
803 2335 842 2392 ad
866 2335 1090 2408 reportandum.

74 2419 173 2496 Nuper
187 2418 328 2479 homines
341 2416 460 2477 nobiles
474 2418 541 2478 eius
555 2418 652 2488 modi,
669 2416 800 2490 iudioeS,
822 2425 851 2476 et
867 2418 940 2492 quid
954 2416 1023 2477 dieo
1038 2433 1092 2476 nu

72 2510 147 2577 pert
160 2498 342 2563 immo'vero
357 2501 448 2560 modo
464 2517 500 2559 ao
515 2502 604 2575 plane
621 2501 723 2573 paullo
737 2507 807 2559 ante
822 2498 966 2571 vidimus,
981 2499 1032 2573 qui
1048 2501 1092 2559 io·

71 2601 136 2646 ram
153 2582 341 2645 albasilieas
355 2599 416 2643 non
440 2583 546 2657 spoliis
571 2581 809 2656 provinciarum,
835 2584 890 2643 sed
911 2580 1092 2643 ornamentis

72 2667 254 2739 amisorum,
268 2658 436 2726 commodis
450 2665 620 2745 hospitum,
641 2681 702 2725 non
717 2664 804 2725 furtis
819 2665 990 2725 nocentium
1006 2679 1092 2723 orna-

71 2759 153 2813 rent:
176 2749 229 2824 qui
247 2757 347 2808 tamen
370 2748 458 2822 signa
478 2758 570 2823 atque
595 2757 770 2808 ornamenta
792 2764 848 2807 sua
862 2747 972 2818 cuique
985 2745 1093 2804 redde·

71 2834 159 2904 bant,
175 2848 237 2892 non
253 2832 352 2891 ablata
368 2848 407 2891 ex
422 2830 549 2891 urbibus
561 2829 713 2890 sociorum
727 2839 818 2904 atque
829 2829 1003 2897 amisorum,
1021 2841 1092 2899 qua-

70 2914 173 2976 dridui
189 2929 297 2985 eausa,
322 2930 378 2988 per.
402 2913 622 2973 simulationem
648 2911 824 2981 aedilitatis,
846 2909 968 2967 domum
984 2907 1093 2969 deinde

70 3008 167 3074 atque
183 2998 224 3057 ad
238 3011 310 3057 suas
328 2996 415 3054 villas
429 2997 614 3055 auferebant.
645 2991 674 3053 7.
701 2996 784 3053 Haec
800 2989 909 3059 omnia,
929 3006 1007 3064 quae
1022 2991 1094 3065 dixi,

70 3081 176 3156 signa,
197 3078 330 3150 iudiees,
352 3078 390 3136 ab
412 3078 488 3137 Heio
507 3077 672 3137 esaerario
686 3071 799 3135 Verres
814 3071 949 3133 abstulit:
972 3076 1095 3148 nullum,

70 3163 215 3237 inquam,
237 3161 344 3220 horum
364 3159 485 3235 reliquit
505 3174 605 3233 neque
629 3156 712 3217 aliud
734 3157 826 3215 ullum
851 3164 950 3216 tamen
975 3166 1095 3233 praeter

72 3262 167 3307 unum
182 3251 325 3318 pervetus
346 3243 493 3317 ligneum,
514 3243 618 3302 Bonae
632 3240 797 3315 dodonae,
816 3246 851 3322 ut
868 3240 985 3315 opinor.
1022 3239 1096 3297 Eam

72 3329 135 3389 iste
149 3327 263 3386 habere
279 3326 360 3386 domi
377 3341 450 3386 suae
467 3323 572 3385 noluit.
1008 3332 1011 3337 '
1064 3346 1067 3351 ·
