2356 3854
87 158 152 225 lu
366 156 443 218 etto
457 157 491 214 t.
506 155 671 215 timella
685 152 839 215 canno.

87 326 217 388 qrrorum
234 304 320 367 alteri
335 321 396 365 uno
411 306 546 366 adventu
556 307 652 365 nostri
667 308 821 365 exercitus
832 300 927 364 deleti
937 307 1013 372 sunl,
1022 295 1083 359 utet
1116 298 1119 345 ὃ

87 393 184 454 nostri
200 388 319 464 imperii
341 387 496 463 praesidio
511 389 704 462 disciplinam
719 405 807 448 suam
826 390 976 461 legesque
991 397 1083 443 consu
1109 397 1114 403 ·

87 486 168 535 vant„
194 472 326 532 XXXVI.
338 470 389 533 75.
409 471 522 544 Quare
535 472 607 544 noli,
620 471 703 543 Cato,
718 471 867 531 maiorum
876 468 1019 538 instituta,
1030 479 1085 540 qutt
1112 466 1118 487 ’·

87 577 138 619 res
152 560 229 632 ipsa,
246 572 326 630 quae
340 555 521 615 diuturnitas
535 555 654 629 imperii
668 555 857 629 comprobat,
873 551 997 611 nimium
1007 562 1086 609 seren
1110 564 1119 603 ··.

87 641 226 702 oratioue
246 638 482 713 reprehendere.
516 638 585 698 Fuit
602 639 711 699 eodem
731 654 771 697 cx
792 636 896 697 studio
917 633 966 693 vir
983 631 1087 693 emdiltt

86 725 170 799 apud
186 731 289 798 patres
304 731 429 782 nostros
442 730 474 782 et
487 722 636 781 honestus
650 721 742 781 homo
757 729 789 780 et
802 717 926 791 nobilis,
941 717 976 791 Q.
989 716 1088 775 litbnt
1113 730 1119 769 t

86 809 126 877 ls,
143 824 237 883 quum
251 808 376 880 epulum
386 805 420 878 Q.
434 805 586 864 Maximus
599 804 735 863 Alricani
750 802 850 878 patrui
864 801 914 861 sui
928 799 1043 861 nomine
1052 812 1088 871 pc

86 892 158 967 pulo
170 891 308 950 Romano
321 889 417 961 daret,
432 898 558 963 rogatus
573 896 621 947 est
631 905 651 946 a
661 886 805 958 Maximo,
821 894 857 945 ιιι
867 884 1027 947 triclinium
1037 888 1089 941 sta·
1114 897 1117 903 ·

87 983 187 1047 neret,
215 988 308 1048 quum
330 981 416 1031 esset
434 972 554 1031 Tubero
574 970 713 1030 eiusdem
730 968 868 1028 Alticeni
891 967 1010 1027 sororis
1025 964 1089 1025 ullus
1115 980 1118 989 ’

86 1062 188 1132 Atque
203 1056 269 1128 ille,
287 1056 379 1114 homo
394 1054 618 1114 eruditissimus
634 1069 672 1112 ac
687 1053 826 1124 Stoicus,
844 1051 957 1112 stravit
973 1044 1089 1138 pellicdit

85 1139 226 1199 haedinis
245 1139 375 1198 lectulos
391 1138 562 1198 Punicanos
581 1147 612 1197 et
631 1136 776 1212 exposuit
794 1151 873 1195 vase
889 1133 1009 1193 Samisz
1028 1142 1089 1222 quart

86 1239 160 1282 vero
181 1229 266 1281 esset
279 1220 433 1294 Diogenes
449 1221 582 1297 cynicus
596 1229 735 1280 mortuus
751 1227 783 1278 et
799 1234 862 1278 non
882 1216 980 1276 divini
991 1213 1088 1304 boeilttt

86 1305 221 1364 Alrlcani
240 1318 325 1363 mors
341 1303 568 1364 honestaretur:
599 1320 689 1379 quem
710 1318 806 1378 quum
822 1317 971 1377 supremo
984 1295 1088 1389 eiuttltt
1111 1310 1119 1348 t

84 1387 237 1446 Maximus
257 1386 409 1457 laudaret,
430 1387 544 1461 gratias
563 1387 625 1461 egit
645 1387 694 1446 dis
713 1384 952 1456 immortalibus,
975 1376 1088 1472 quodlib
1111 1388 1119 1434 l

85 1470 134 1528 vir
147 1471 177 1528 in
193 1470 251 1528 hnc
265 1485 300 1529 re
314 1469 437 1543 publica
454 1469 646 1544 potissimum
666 1479 755 1530 natus
772 1477 873 1528 esset=
896 1481 1026 1528 necesse
1036 1472 1087 1553 cult
1116 1494 1119 1518 ÷

87 1553 183 1613 luisse
200 1552 243 1611 ibi
262 1568 335 1612 esse
349 1562 496 1612 terrarum
509 1551 683 1628 imperium,
702 1554 754 1613 ubi
770 1550 821 1612 ille
843 1561 940 1612 esset.
981 1547 1087 1610 nurse

86 1643 182 1696 morte
196 1635 381 1696 celebranda
395 1635 527 1710 graviter
548 1636 614 1696 tulit
631 1636 765 1711 populus
780 1637 941 1695 Romanus
959 1633 1032 1693 banc
1045 1636 1087 1705 pff

85 1736 207 1780 versam
219 1718 400 1794 sapientiam
409 1719 588 1780 Tuberonis.
614 1717 931 1794 lottaqochomoin
1029 1710 1065 1727 ''

86 1803 163 1864 ciris
183 1802 333 1878 optimus,
352 1820 447 1878 quum
468 1811 553 1862 esset
566 1802 599 1864 L.
613 1802 708 1862 Paulli
730 1818 847 1876 nepos,
868 1802 902 1860 Ρ.
917 1794 1057 1867 Africani,

86 1885 164 1958 dixi,
188 1888 305 1946 sororis
319 1885 416 1959 lilius,
439 1885 486 1946 liis
503 1885 644 1946 haedinis
659 1885 811 1961 pelliculis
826 1882 1005 1959 pmeturtd
1022 1878 1030 1893 '

86 1976 142 2027 cst.
183 1969 252 2028 Odit
271 1971 406 2043 populus
425 1971 583 2029 Romanus
603 1969 752 2044 privatam
777 1967 946 2041 luxuriem,
971 1982 992 2041 p

85 2050 340 2123 magnificentiam
353 2051 465 2126 diligit:
491 2068 552 2112 non
566 2062 647 2112 amat
664 2055 808 2126 prolusas
824 2051 950 2125 epulas,
968 2040 1100 2117 tcrdtlss.

85 2131 332 2192 inhumanitatem
347 2134 565 2194 multominus.
600 2135 764 2210 Distinguit
783 2133 935 2194 rationem
953 2128 1097 2217 ciliciol-

85 2230 123 2274 ac
133 2223 312 2288 temporum,
324 2216 566 2277 vicissitudinem
576 2218 690 2278 laboris
700 2233 738 2277 ac
751 2217 930 2291 voluptatis.
952 2216 1025 2275 Nam

85 2298 131 2357 ais
146 2300 229 2357 nulla
242 2314 277 2358 re
290 2297 382 2357 adlici
396 2299 551 2360 bominum
564 2310 681 2360 mentes
695 2309 840 2375 oportere
856 2300 897 2359 ad
915 2294 1115 2375 magum*

86 2382 290 2441 mandandum
310 2381 370 2443 nisi
390 2382 549 2458 dignitate,
571 2384 630 2442 boc
646 2392 680 2459 tu
700 2384 783 2457 ipse,
804 2383 920 2458 inquo
944 2392 1063 2443 sumu
1083 2366 1119 2455 ὅ,

85 2461 232 2536 dignitas,
254 2481 314 2524 non
333 2481 449 2526 servas.
484 2466 545 2526 Gur
558 2466 637 2526 enim
653 2480 856 2540 quemquam,
874 2475 908 2526 ut
922 2466 1039 2527 student
1058 2450 1119 2515 ΝἺ

84 2552 119 2603 nt
132 2552 162 2604 te
176 2547 308 2619 adiuvet,
329 2557 444 2622 rogas?
470 2550 574 2624 Rogas
588 2558 620 2608 tu
635 2564 693 2620 me,
709 2557 743 2607 ut
756 2548 830 2607 mibi
845 2549 979 2624 praesis,
993 2554 1025 2607 ut
1035 2542 1119 2603 ιιι

84 2625 198 2686 mittam
212 2645 271 2703 ego
292 2646 341 2689 me
360 2631 441 2690 tibi·
458 2632 535 2705 Quid
551 2631 695 2691 tandem?
721 2632 806 2691 lstuc
820 2648 871 2691 me
884 2631 990 2707 rogeri
1002 2630 1119 2704 090¹

84 2710 142 2769 abs
164 2718 193 2768 te
207 2726 246 2768 an
263 2720 294 2772 te
310 2713 445 2786 potiusa
465 2731 528 2785 me,
555 2722 587 2773 ut
604 2731 660 2788 pro
683 2730 752 2773 mea
766 2716 866 2774 salute
887 2714 1021 2775 laborem
1044 2720 1119 2781 ς

85 2794 248 2866 culumque
263 2795 438 2868 suscipias?
464 2794 514 2858 77.
532 2796 631 2869 Quian
644 2797 730 2870 quod
741 2797 839 2857 babes
852 2797 1119 2858 numeretur-¹

81 2875 114 2934 in
130 2893 168 2936 eo
185 2875 308 2949 quidem
324 2877 403 2936 lallis
419 2888 449 2938 et
463 2878 591 2953 decipis.
628 2880 703 2938 Nam
720 2877 747 2938 si
762 2879 888 2940 nomine
902 2873 1119 2957 appollo-l

82 2967 114 3017 te
129 2959 214 3020 cives
229 2968 299 3019 tuos
315 2960 476 3021 honestum
488 2970 543 3032 est,
559 2970 648 3036 turpe
659 2971 707 3022 est
718 2976 774 3021 eos
788 2964 930 3024 notiores
945 2977 1014 3024 esse
1026 2972 1119 3018 =1

85 3047 237 3114 tuoquam
244 3041 306 3102 tibi.
328 3040 392 3115 Sin,
403 3044 493 3103 etiam
500 3043 526 3103 si
534 3044 627 3116 noris,
638 3053 739 3105 tamen
752 3060 810 3119 per
820 3047 1003 3108 monitorem
1011 3052 1119 3112 ιιι-Ρ

86 3118 167 3179 laudi
183 3134 267 3197 sunt,
291 3141 346 3184 cur
361 3134 432 3185 onte
445 3127 525 3201 petis
548 3143 639 3200 quam
653 3126 880 3189 insusurravitt
920 3129 1016 3203 Quidl
1102 3136 1118 3192 l

89 3214 180 3269 quum
194 3206 376 3279 admoneris,
393 3216 501 3280 tumen,
519 3208 607 3282 quasi
622 3218 685 3270 tute
699 3211 794 3282 noris,
813 3212 856 3272 ita
871 3214 1006 3273 salutasl
1087 3202 1119 3276 Ol

89 3286 195 3372 ll0⁵lee
207 3303 297 3357 quam
307 3306 343 3348 es
354 3290 542 3364 designatus,
555 3294 648 3351 multo
661 3295 778 3353 salutas
791 3296 1011 3370 negligentiusl
1080 3283 1119 3347 lla·

89 3372 189 3421 omnm
205 3366 246 3422 ud
260 3370 408 3429 rationem
422 3371 552 3431 civitatis
573 3373 599 3430 si
616 3374 746 3450 dirigas,
769 3386 855 3437 recta
877 3387 960 3438 sunt:
982 3372 1119 3442 simper

1092 3600 1119 3800 l
