2356 3854
241 168 250 179 ‘
346 177 753 246 GAP.⁷-1o.i·to-'tl.
900 266 905 274 ι
1010 184 1070 250 141

60 325 196 389 tnteutia
207 336 340 402 possunt
353 337 419 399 aut,
435 329 462 388 si
478 331 711 404 permanebunt,
731 331 827 407 magis
844 332 916 392 mihi
931 333 1072 398 videntur

60 421 110 473 >ta
125 411 236 472 tacturi
254 418 358 472 cantra
372 427 436 470 rem
454 412 606 486 publicam
622 429 712 488 quarn
728 430 811 475 arma
827 417 924 478 laturi.
955 419 1004 480 IX.
1021 419 1071 481 ln.

61 498 177 555 iterum
192 509 291 568 genus
306 502 354 554 est
367 510 489 568 eorum,
511 495 578 570 qui,
606 513 790 572 quamquam
807 509 985 573 premuntur
999 519 1071 563 aere

60 579 148 649 ieno,
166 576 403 638 dominationem
418 585 516 638 tamen
531 587 720 653 exspectant
734 596 834 641 rerum
851 584 940 657 potiri
956 587 1070 660 volunt,

60 675 187 733 ancras,
212 676 294 736 quos
314 660 418 736 quieta
438 677 472 722 re
488 661 610 736 puntica
630 663 810 737 desperant,
835 668 1009 739 perturbata
1035 685 1071 728 se

60 743 194 818 ›nsequi
206 759 302 818 posse
319 743 518 806 arbitrantur·
552 745 667 819 Quibus
687 746 746 806 hoc
764 748 1009 822 praecipiendum
1028 752 1070 810 vi·

60 838 134 898 etur,
152 842 247 887 unum
262 827 380 888 scilicet
398 835 428 887 et
447 827 528 888 idem
543 828 626 901 quod
646 828 773 904 reliquis
791 830 946 905 omnibus,
969 843 1002 893 ut
1017 833 1070 892 de·

60 919 166 972 terant
177 926 212 970 se
221 909 262 984 id,
279 911 364 985 quod
375 920 531 986 conantur,
544 911 694 986 consequi
705 928 815 986 posse=
832 913 960 987 primurn
975 916 1070 975 omni·

60 1010 84 1054 a
96 1010 148 1054 me
160 993 263 1068 ipsum
273 993 410 1070 vigilare,
424 996 545 1067 adesse,
560 994 724 1071 providere
734 995 945 1071 reipublicae:
959 997 1070 1059 deinde

60 1093 174 1153 agnos
187 1076 308 1137 animos
330 1093 401 1138 csse
425 1077 455 1137 in
478 1078 570 1139 bonis
591 1078 681 1152 viris,
712 1094 852 1154 magnam
874 1080 1071 1141 concordiam

60 1160 172 1221 iaxima
191 1158 224 1219 in
239 1160 444 1234 multitudine,
477 1178 602 1237 magnas
622 1171 782 1237 praeterea
807 1162 932 1224 militum
946 1163 1070 1239 copiose

60 1241 265 1317 eosdcniqne
280 1245 464 1304 immortates
476 1245 547 1326 huic
561 1244 675 1306 invicto
689 1248 814 1322 populo,
829 1247 999 1308 clarissimo
1015 1247 1069 1308 im·

61 1326 133 1399 erio,
149 1327 372 1402 putcherrimae
387 1327 454 1387 urbi
469 1337 575 1390 contra
585 1338 697 1390 tantam
711 1330 771 1390 vim
786 1330 912 1391 sceleris
924 1347 1069 1406 praesen-

60 1427 86 1470 ιε
100 1409 247 1470 auxilium
266 1427 340 1471 esse
361 1412 484 1473 laturos.
519 1411 606 1486 Quod
628 1412 656 1472 si
672 1413 731 1473 iam
747 1413 807 1475 sint
828 1413 874 1485 id,
902 1414 985 1489 quod
1000 1430 1069 1475 cnm

60 1510 158 1554 ummo
176 1495 278 1554 furora
293 1495 434 1569 cupiunt,
448 1495 566 1571 adepti,
584 1512 656 1556 num
670 1497 712 1556 ilii
729 1496 760 1556 in
774 1498 876 1557 cinere
894 1497 977 1558 urbis
992 1506 1023 1559 et
1038 1497 1069 1557 in

60 1577 188 1652 anguine
206 1575 325 1651 civium,
342 1594 421 1652 quae
435 1587 536 1638 mente
549 1580 760 1640 conscelerata
774 1596 811 1639 ac
825 1580 941 1641 nefaria
955 1596 1069 1641 concu-

60 1660 192 1733 iverunt,
207 1676 247 1721 ee
262 1663 408 1721 consules
423 1677 459 1720 aa
477 1662 642 1722 dictatores
659 1671 711 1721 aut
731 1664 820 1721 etiam
837 1678 927 1737 reges
944 1671 1070 1739 sperant

60 1749 178 1804 aurosi
197 1743 263 1804 Non
281 1744 386 1804 vident
399 1744 431 1803 id
447 1760 482 1804 sa
499 1760 621 1819 cupere,
637 1744 721 1819 quod
738 1744 765 1804 si
781 1745 885 1820 adepti
898 1746 973 1817 sint,
992 1744 1068 1820 iugi·

61 1844 99 1888 vo
114 1825 207 1886 alicui
226 1832 277 1886 aut
293 1824 454 1902 gladiatori
472 1828 600 1887 concedi
621 1826 661 1887 sit
676 1834 828 1888 recesset
859 1827 910 1888 20.
937 1827 1069 1888 Tertium

60 1926 134 1970 anus
151 1917 200 1970 est
215 1918 313 1983 aetate
328 1910 388 1969 iam
403 1909 580 1982 adiectum,¹
595 1911 651 1970 sed
666 1918 766 1969 tamen
787 1911 1004 1972 exercitatione
1019 1926 1069 1972 ro

60 2002 176 2065 ustum,
204 2010 265 2067 quc
291 2009 333 2053 ex
354 2008 467 2068 genere
489 1994 547 2054 iste
567 2000 614 2053 est
628 1992 763 2067 Mattius,
779 1993 828 2054 cui
844 2010 925 2055 nune
943 1994 1069 2055 Catilina

60 2077 183 2137 accedit.
206 2076 283 2137 Sunt
296 2077 435 2137 homines
450 2092 490 2135 ex
503 2077 540 2137 iis
553 2076 692 2151 coloniis,
709 2092 787 2152 quas
800 2077 884 2138 Sulla
898 2077 1067 2139 constituite

60 2169 116 2220 nas
131 2175 190 2234 ego
205 2159 366 2220 universas
383 2159 494 2219 civium
506 2175 577 2220 esse
592 2160 774 2236 optimorum
790 2170 820 2222 et
833 2161 1068 2222 fortissimorum

60 2243 169 2304 irarum
184 2243 293 2317 sentio,
308 2243 364 2303 sed
379 2252 479 2303 tamen
491 2243 513 2303 ii
527 2253 598 2305 sunt
612 2244 723 2318 coloni,
740 2243 793 2319 qui
808 2261 846 2304 se
858 2244 890 2304 in
904 2243 1068 2319 insperatis
1141 2254 1144 2262 ·

60 2325 251 2402 arepentinis
266 2326 406 2401 pecuniis
424 2327 635 2403 sumptuosius
652 2326 896 2403 insolentiusque
910 2329 1068 2387 iactarnnt

60 2409 73 2469 [i
90 2410 162 2470 dum
179 2410 343 2471 aedificant
361 2418 512 2486 tamquam
523 2411 613 2484 beati,
629 2411 700 2470 dum
718 2410 853 2485 praediis
870 2409 965 2482 lectis
983 2411 1068 2471 iami-

60 2493 234 2567 ismagnis,
260 2493 410 2554 conviviis
425 2494 581 2569 apparatis
595 2495 799 2564 delectantur,
825 2493 856 2552 in
875 2501 990 2555 tantum
1012 2509 1067 2554 aes

60 2575 167 2636 lienum
181 2576 359 2648 inciderunt,
375 2586 417 2651 ut,
432 2577 459 2637 si
471 2576 548 2637 salvi
562 2593 633 2638 esse
646 2577 747 2649 veiint
767 2577 851 2637 Sutia
862 2576 901 2638 sit
913 2579 952 2638 ab
962 2578 1067 2638 inieris

60 2659 232 2721 teitandusz
254 2661 306 2733 qui
324 2659 415 2720 etiarn
437 2677 498 2722 non
520 2662 620 2722 nutias
644 2667 784 2736 agrestes
799 2660 938 2722 homines
956 2670 1067 2722 tennes

60 2749 128 2818 tque
144 2750 271 2818 egentes
286 2742 316 2802 in
328 2744 466 2804 eamdem
481 2744 561 2804 itiam
576 2761 664 2820 spem
674 2744 849 2820 rapinarum
861 2754 996 2804 veterum
1012 2743 1067 2803 im·

60 2827 186 2890 ulerunt.
204 2826 289 2899 Quos
304 2843 362 2902 ego
382 2836 531 2903 utrosque
554 2828 585 2887 in
600 2830 710 2889 eodem
725 2843 838 2902 genere
853 2828 1067 2901 praedatorum
1142 2863 1145 2870 ·

60 2909 286 2984 ireptornmque
301 2927 400 2986 ponor
429 2912 485 2971 sed
506 2927 562 2971 eos
582 2911 641 2970 hoc
655 2926 783 2971 moneo:
806 2909 946 2969 desinant
966 2908 1066 2966 furere

60 3007 70 3052 a
85 2992 329 3068 proscriptiones
343 3002 374 3054 et
389 2994 553 3054 dictaturas
569 2993 712 3067 cogitare.
721 2991 840 3069 Tantus
853 2989 934 3050 eninr
947 2989 1079 3075 illorum·

60 3092 205 3152 tmporum
215 3076 304 3137 dolor
316 3075 438 3137 inustus
454 3085 502 3136 est
511 3076 633 3149 civitati,
644 3084 678 3136 ut
692 3076 751 3135 iam
762 3074 893 3135 ista-non
906 3072 997 3132 modo
1012 3072 1067 3134 ho·

60 3159 147 3230 ines,
169 3161 282 3220 sedne
298 3161 435 3236 pecudes
457 3157 579 3234 quidem
599 3158 672 3217 mihi
689 3173 839 3233 passurae
854 3171 925 3216 esse
941 3155 1066 3218 videan-

60 3259 89 3301 u.
134 3243 171 3302 X.
191 3242 243 3304 21.
265 3243 409 3320 Quartum
429 3259 526 3319 genus
547 3249 595 3301 est
614 3256 689 3300 sane
709 3240 826 3300 varium
847 3249 877 3302 et
896 3240 1021 3303 mixtum
1037 3250 1068 3302 et

60 3327 257 3401 nomentum,
288 3328 341 3401 qni
368 3329 427 3389 ianr
454 3326 572 3402 pridem
600 3331 788 3403 premuntur,
825 3325 876 3402 qui
901 3342 1067 3402 numquam

60 3417 209 3486 uergant,
226 3410 279 3487 qui
293 3410 403 3486 partim
419 3410 542 3486 inertia,
561 3409 669 3486 partim
681 3411 760 3470 male
774 3411 909 3488 gerendo
926 3409 1066 3486 negocio,
