2356 3854
126 170 190 237 ate
310 155 312 160 ’
361 130 435 229 nnn
450 168 483 227 r.
498 126 617 227 annm
632 152 779 227 annona
794 165 950 227 unane.

8 368 14 385 t
126 333 256 393 stremn,
278 319 337 379 nisi
352 336 420 379 eum
436 318 467 379 di
483 319 669 379 immortales
683 315 793 378 ineam
808 325 941 379 mentem
958 316 1135 392 impulissent¹
1162 350 1167 362 ·

126 416 159 467 ut
175 406 267 476 home
281 402 473 463 effeminatus
495 401 692 461 lentissimum
708 402 805 461 vuum
830 409 995 463 conaretur
1010 400 1137 473 decidere
1167 407 1176 481 l

121 486 217 563 lindie
238 503 300 545 rem
319 485 470 560 publicam
486 486 598 544 nullam
620 484 781 544 haberetis.
825 483 876 545 90.
898 485 947 543 An
964 484 1016 544 ille
1031 493 1139 559 praetor.

125 571 175 631 ille
198 585 269 629 vero
293 570 417 639 consul,
444 567 584 627 simodo
605 563 682 627 haee
702 569 815 641 templa
835 575 930 640 etque
950 566 1023 642 ipsa
1042 567 1140 628 maenia
1165 570 1168 581 '

29 678 50 699 ν
125 663 206 713 stare
226 669 264 711 eo
276 640 346 710 rivo
363 660 423 712 tarn
437 651 489 711 diu
509 659 540 714 et
556 651 746 709 consulatum
764 646 830 710 eius
845 659 1034 725 exspectare
1048 652 1141 726 patuis
1176 680 1178 684 ⁴

126 744 208 802 sent,
232 737 281 793 ille
297 735 428 807 denique
444 734 533 794 vivus
548 733 617 792 mali
635 733 708 792 nillil
724 732 857 805 lecisset,
876 733 931 807 qui
946 742 1084 795 mortuus
1096 749 1142 795 unt

125 834 164 877 ex
180 819 245 878 suis
256 817 446 889 satellitibus,
457 817 528 876 Sex.
542 815 659 888 clodio,
670 817 749 876 duee
763 813 877 875 ennam
890 817 1084 879 incenderitt
1095 817 1143 891 Qut

126 901 197 975 quid
215 901 364 971 miserius,
382 899 455 975 quid
465 898 615 966 acerbius,
630 898 702 974 quid
716 897 889 961 luctuosius
907 898 1066 961 vidimus?
1077 900 1143 961 'len

126 987 208 1060 plum
227 983 403 1053 sanctitatis,
418 981 644 1058 amplitudinis,
659 982 777 1054 mentis,
794 982 914 1043 consilii
930 985 1059 1058 publici,
1073 990 1144 1060 eaptt

26 1122 30 1129 .
124 1069 224 1138 urbis,
239 1085 321 1127 aram
336 1067 505 1137 socierum,
527 1074 654 1140 portum
672 1064 809 1125 emnium
828 1067 984 1141 gentium,
999 1068 1102 1131 sedem
1117 1065 1143 1127 tl

126 1153 269 1211 universo
284 1152 398 1224 populo
411 1165 591 1209 concessam
609 1147 661 1208 uni
678 1149 785 1222 ordini,
800 1148 997 1227 inflammari,
1016 1149 1142 1221 exaaudi,

126 1233 292 1293 funestari?
313 1249 413 1307 neque
432 1234 464 1292 id
477 1231 542 1292 fieri
557 1249 576 1291 a
591 1231 780 1293 multitudine
794 1230 958 1307 imperita·
979 1247 1142 1310 quamquam
1174 1260 1178 1272 ·

126 1325 209 1376 esset
220 1315 362 1376 miserum
380 1317 409 1374 id
425 1315 542 1389 ipsum,
563 1317 618 1375 sed
631 1314 670 1374 ab
685 1322 768 1376 unol
791 1315 848 1388 Qui
868 1333 966 1391 quum
982 1326 1142 1379 tantuma

125 1416 178 1459 sus
197 1398 236 1457 sit
248 1409 332 1459 ustor
350 1415 405 1473 pro
426 1408 561 1471 mortuo,
582 1398 654 1473 quid
674 1397 800 1472 signiter
821 1415 879 1474 prn
900 1399 978 1462 vivo
1000 1418 1065 1463 uon
1083 1406 1143 1460 esstl

125 1488 239 1542 ausus?
250 1483 280 1540 ln
294 1482 407 1541 auriam
426 1481 617 1556 potissimum
634 1481 753 1554 abieeit,
770 1490 804 1542 ut
818 1499 885 1542 eam
902 1493 1051 1546 mortuus
1064 1483 1142 1545 ineer-
1169 1492 1172 1500 '

125 1566 224 1637 derel,
242 1582 330 1640 quam
355 1564 444 1625 vivus
466 1574 623 1625 everterat.
666 1563 717 1628 91.
732 1566 770 1627 Et
783 1574 851 1626 sunt
871 1566 926 1642 qui
944 1569 986 1629 de
1001 1565 1142 1643 vianppl
1169 1576 1172 1592 '

126 1658 299 1723 querantur,
316 1657 435 1710 taceant
450 1650 489 1709 de
504 1648 595 1718 curia,
610 1658 642 1711 et
658 1648 710 1724 qui
724 1650 763 1708 ab
781 1665 819 1708 eo
834 1648 976 1724 spirante
991 1653 1092 1713 lorum
1104 1666 1142 1725 pt

5 1796 10 1805 „
124 1741 186 1793 tent
209 1732 347 1807 potuisse
376 1731 514 1802 delendi,
544 1732 631 1792 euius
652 1749 712 1793 non
729 1731 873 1793 restiterit
893 1734 1047 1795 cadaveri
1065 1732 1140 1795 turin
1170 1760 1178 1768 ’κ

124 1816 277 1886 Excitate,
299 1816 429 1877 excitate
444 1815 560 1890 ipsum,
579 1816 605 1874 si
622 1814 769 1889 potestis,
792 1815 963 1878 amortuis.
1009 1812 1142 1891 mamm
1170 1773 1178 1855 Ε

78 1916 83 1927 “
128 1900 270 1973 impetum
288 1900 357 1970 vivi,
376 1899 464 1960 cuius
482 1900 532 1959 vix
545 1897 702 1959 sustinetis
717 1897 811 1959 furias
823 1897 995 1974 insepultie
1012 1900 1077 1961 Nisi
1090 1910 1141 1959 vell
1170 1859 1178 1939 Ε

125 1982 313 2043 sustinuistis
329 2001 393 2052 eos,
410 1982 543 2057 quicum
560 1981 677 2043 lacibus
689 1983 729 2042 ad
740 1980 855 2041 curiam
866 1992 1081 2055 cucurrerunt,
1095 1994 1141 2043 eun
1170 1942 1178 2022 ι

125 2065 252 2123 laleibus
274 2067 313 2123 ad
332 2065 475 2136 Castoris,
492 2082 560 2126 eum
576 2065 686 2140 gladiis
701 2073 763 2125 toto
780 2066 845 2125 loro
865 2064 1046 2129 velita'runt
1075 2060 1141 2128 thd'

127 2147 246 2207 vidistis
281 2150 425 2222 populum
444 2150 628 2219 Romanum,
650 2147 825 2209 contionem
852 2149 968 2224 gladiis
992 2146 1140 2215 disturbati.

124 2249 216 2306 quum
229 2231 384 2291 audiretur
399 2232 517 2293 silentio
532 2231 574 2290 M.
590 2231 724 2302 Caelius,
738 2231 878 2299 tribunus
894 2233 1017 2309 plebis,
1031 2232 1077 2295 vir
1088 2228 1141 2293 stit
1170 2269 1178 2325 3

123 2332 156 2374 re
182 2315 301 2390 publiea
323 2314 507 2376 lenissimus
529 2313 609 2375 etin
633 2322 777 2389 suscepta
798 2331 893 2376 eausa
916 2316 1142 2379 firmissimae
1171 2358 1178 2433 Ι

54 2452 59 2459 .
123 2396 272 2459 bonorum
296 2399 440 2459 voluntati
466 2407 497 2459 et
517 2397 687 2459 austeritati
712 2406 837 2459 senatus
857 2398 986 2461 deditus
1008 2411 1042 2462 et
1060 2397 1141 2461 inlu
1172 2437 1178 2515 Ι

124 2481 247 2540 Milonis
262 2480 329 2542 sive
343 2482 458 2543 invidia
473 2480 539 2542 sive
557 2482 677 2542 lortune
696 2479 843 2556 singulari
863 2481 972 2543 divina
993 2494 1026 2547 et
1037 2476 1142 2547 madi

125 2563 175 2622 triti
192 2565 261 2623 lide.

186 2648 317 2706 XXXIV.
334 2648 384 2709 99.
402 2648 464 2709 Sed
479 2649 537 2707 iam
553 2647 628 2709 setis
645 2650 739 2709 multa
753 2649 792 2710 de
808 2664 918 2709 causae
935 2658 1029 2713 extra
1045 2659 1143 2725 tautum

124 2727 212 2789 etiam
236 2731 325 2791 nimis
351 2735 482 2792 tortasse
504 2733 605 2792 multa.
649 2732 728 2806 Quid
744 2740 838 2793 restat
852 2732 912 2792 nisi
929 2730 965 2795 ut'
979 2751 1068 2795 orem
1082 2732 1143 2795 otte
1173 2739 1178 2770 l

124 2823 249 2889 sterque
262 2831 327 2885 vos,
340 2813 468 2885 iudices,
479 2822 513 2875 ul
524 2831 591 2874 eam
599 2815 839 2880 misericerdiam
847 2814 993 2879 tribuatis
1002 2814 1143 2880 rotamur
1173 2774 1178 2858 Ρ

125 2897 208 2963 rire,
228 2915 319 2972 quam
334 2899 401 2972 ipse
417 2915 476 2958 non
493 2898 648 2973 implorat,
664 2916 722 2974 ego
742 2898 831 2961 etiam
845 2911 1048 2975 repugnante
1063 2900 1143 2962 teet
1174 2860 1178 2937 f

122 2979 252 3055 imploro
268 2989 298 3042 et
311 2982 589 3055 exposeotNolite,
605 2982 632 3042 si
646 2983 676 3043 in
692 2992 798 3044 nostro
814 2983 950 3045 omnium
965 2984 1048 3048 lietu
1058 2983 1144 3046 nulbll

124 3064 277 3125 lacrimam
295 3064 461 3138 aspexistis
475 3064 614 3138 lllilenis,
638 3065 665 3126 si
690 3068 805 3127 vultum
821 3082 946 3141 semper
960 3059 1143 3135 eumden.ii

124 3162 245 3216 rocem,
272 3147 299 3208 si
315 3149 481 3210 orationem
499 3151 638 3209 stabilem
659 3165 696 3210 ae
711 3166 772 3210 non
788 3158 934 3223 mutatam
954 3152 1086 3225 videtis,
1102 3148 1145 3207 ite

124 3229 221 3290 minus
238 3231 266 3290 ei
284 3248 424 3306 parcere:
446 3233 528 3293 haud
549 3231 614 3292 seio
635 3249 674 3292 an
696 3233 791 3294 multo
812 3233 852 3294 sit
865 3234 959 3295 etiam
972 3231 1145 3299 adinventi·

123 3313 229 3384 magis.
274 3315 392 3375 Etenim
421 3315 497 3377 siin
520 3314 708 3390 gladiatoriis
737 3316 849 3391 pugnis
872 3325 903 3379 et
923 3318 1028 3383 infimi
1047 3311 1145 3396 gemtll

125 3393 278 3456 hominum
289 3397 480 3459 eondieione
502 3405 594 3474 atque
609 3402 730 3462 lnrlunu
752 3399 875 3462 timidos
894 3411 995 3479 atque
1010 3400 1144 3480 supplet·
