2356 3854
117 172 182 247 448
265 182 303 240 ru
320 180 359 237 n.
374 177 573 237 nuroururu
587 175 727 235 canuto
744 162 965 233 rurtrrrr'cn
979 175 1017 234 11.

121 333 174 409 qui
201 345 292 403 quum
306 337 411 387 auctor
427 326 513 400 regni
527 342 630 399 esses,
646 340 722 394 eum,
738 339 829 398 quem
842 325 1001 398 collegam
1011 324 1146 399 habebas,

120 405 274 476 dominum
304 410 416 469 habere
442 409 537 467 velles
569 413 600 466 et
625 407 704 467 idem
723 414 894 479 temptares
918 406 999 480 quid
1027 409 1146 481 populns

119 500 275 557 Romanus
297 494 376 551 ferre
398 498 428 550 et
449 490 511 564 pati
526 497 640 564 posset
682 487 733 550 86.
749 490 789 547 At
805 488 901 548 etiam
914 489 1148 549 misericordiam

120 577 281 651 capiebas:
304 574 435 648 supplex
450 580 480 632 te
494 573 533 631 ad
548 573 645 647 pedes
659 570 833 631 abiiciebas.
882 571 968 643 Quid
986 579 1112 646 peteust
1123 581 1148 633 ut

120 659 274 719 servirest
294 657 360 717 Tibi
375 655 426 715 uni
440 664 570 729 peteres,
584 654 638 728 qui
652 653 724 713 itaa
740 669 835 727 puero
855 652 999 726 vixeras,
1014 663 1048 716 ut
1062 654 1148 715 omnia

119 749 265 816 paterere,
279 749 313 800 ut
327 739 415 799 facile
429 737 561 797 servires
573 758 580 791 ι
594 737 710 796 anobis
725 738 912 811 populoque
923 738 1146 798 Romanorum

120 825 222 883 datum
239 824 270 882 id
291 832 371 882 certe
393 838 452 880 nou
475 820 619 879 habebas.
662 818 685 877 0
701 819 893 892 praeclaram
910 819 1003 879 illam
1020 823 1144 894 eloquere

119 906 189 966 tiam
207 914 302 976 tuam,
325 921 416 979 quum
438 919 472 963 es
493 902 593 961 nudus
616 902 823 962 contionatus!
841 901 926 972 Quid
943 902 1010 962 hoe
1026 902 1146 977 turpiusl

121 989 195 1062 quid
212 986 352 1047 loediusl
368 984 439 1060 quid
457 982 617 1058 suppliciis
632 985 770 1044 cornibus
786 982 941 1056 dignius?
956 985 1040 1047 Num
1054 1000 1144 1058 exspe-

120 1076 195 1143 ctas,
213 1071 283 1130 dum
295 1078 324 1129 te
338 1068 467 1128 stimulis
479 1065 616 1127 lodiamt
628 1066 710 1125 Haeo
724 1073 762 1138 te,
778 1064 805 1124 si
819 1066 917 1124 ullam
935 1077 1059 1142 partem
1069 1068 1143 1125 babes

120 1169 248 1225 sensus,
263 1154 384 1224 lacerat,
398 1150 475 1209 haec
491 1154 625 1209 cruentat
639 1147 743 1208 oratio.
789 1149 911 1207 Vereor
929 1165 974 1208 ne
993 1150 1143 1209 imminua

121 1250 304 1294 summorum
318 1234 451 1292 virorum
467 1231 607 1306 gloriam:
623 1230 719 1289 dicam
734 1238 835 1289 tamen
847 1229 967 1291 dolore
984 1241 1142 1293 commotus.

120 1316 197 1388 Quid
212 1315 364 1388 indignius
393 1330 483 1388 quarn
499 1313 601 1373 vivere
615 1330 699 1386 eunt,
720 1311 772 1386 qui
799 1311 995 1386 imposuerit
1016 1315 1141 1384 diadema,

121 1413 213 1470 quum
236 1413 342 1455 omnes
364 1397 512 1456 fateantur
530 1397 596 1456 iure
611 1396 798 1454 interiectum
819 1409 896 1455 esse
928 1396 988 1471 qui
1004 1397 1142 1457 abiecerit

119 1476 169 1540 87.
181 1481 221 1536 At
235 1476 324 1536 etiam
338 1475 450 1536 ascribi
461 1479 549 1538 iussit
559 1478 588 1537 in
605 1477 691 1537 lastis
703 1478 742 1536 ad
751 1476 958 1550 Lupercalia:
973 1480 1007 1539 C.
1019 1481 1139 1547 cresunt

119 1575 279 1618 mernroar
294 1575 451 1632 ruarsruo,
464 1561 504 1618 M.
516 1563 689 1641 Auropuuu,
701 1574 864 1633 conspuunt,
886 1576 1002 1620 rorum
1016 1579 1095 1622 russu
1105 1575 1139 1620 ιι·

120 1658 200 1701 cuun
219 1658 392 1702 DETULlSslta
416 1642 580 1701 custnani
601 1652 653 1701 ιιι·
675 1657 827 1701 nocuisse.
879 1642 1016 1704 lamiam
1044 1644 1140 1707 minine

119 1725 212 1785 miror
232 1733 262 1785 te
283 1725 383 1785 ocium
407 1726 599 1800 perturbare:
622 1741 682 1786 non
702 1724 794 1784 modo
815 1723 932 1785 urbem
955 1727 1078 1799 odisse,
1102 1723 1139 1787 sel

120 1807 207 1867 etiarn
224 1809 337 1867 luceme
353 1823 421 1867 cnm
439 1806 650 1882 perditissimis
664 1805 832 1869 latronibus
849 1824 917 1867 non
934 1811 1041 1871 solum
1052 1811 1087 1869 de
1099 1808 1138 1875 dil

119 1891 174 1949 sed
197 1889 287 1950 etiarn
308 1891 337 1949 in
359 1889 438 1963 diem
449 1890 573 1950 uivere.
616 1889 675 1948 Ubi
697 1888 777 1948 euim
791 1897 824 1949 tu
839 1889 870 1948 in
887 1907 976 1964 pace
990 1892 1139 1953 consistet!

121 1971 171 2045 qui
193 1972 281 2031 locus
301 1972 352 2032 tibi
372 1972 401 2031 in
422 1972 540 2046 legibus
561 1973 633 2032 etin
649 1970 769 2031 iudiciis
786 1988 860 2032 esse
878 1981 1007 2047 potest,
1029 1981 1137 2049 quncll

121 2062 263 2125 quantum
281 2054 355 2114 inte
377 2054 439 2125 luit,
458 2054 613 2114 dominatu
626 2055 709 2128 regio
728 2053 904 2114 sustulisti?
919 2056 1137 2117 ldeoneL.lu·

121 2134 242 2208 quinius
259 2144 399 2207 exactus,
423 2136 475 2211 Sp.
492 2136 631 2209 Cassius,
656 2137 708 2210 Sp.
725 2136 873 2209 Maelius,
897 2137 943 2197 M.
959 2139 1090 2200 Manlius
1103 2152 1136 2196 rc

120 2217 188 2291 cati,
205 2226 239 2277 ut
254 2217 355 2278 multis
371 2227 442 2292 post
458 2218 589 2279 sacculis
605 2219 674 2278 aM.
688 2219 838 2292 Antonio,
856 2222 948 2301 quod
962 2223 1013 2283 las
1029 2239 1086 2283 non
1098 2224 1135 2289 cal,

118 2315 173 2357 rex
187 2302 303 2360 Rornae
320 2302 575 2361 constitueretur?
588 2300 650 2361 Sed
663 2302 702 2360 ad
714 2300 853 2375 auspicia
867 2304 1053 2365 redeamus.

179 2383 298 2441 XXXV.
313 2382 363 2445 88.
378 2384 423 2443 De
439 2383 549 2458 quibus
566 2384 658 2444 rebus
672 2383 775 2443 idibus
789 2383 912 2444 Martiis
930 2387 991 2448 fuit
1008 2388 1039 2448 in
1055 2390 1137 2448 senatu

97 2534 100 2551 Ι
120 2461 232 2523 caesar
247 2472 384 2524 acturus:
404 2482 517 2540 quaero
534 2474 593 2526 tum
608 2475 641 2526 tu
659 2467 732 2540 quid
748 2465 880 2540 egisses.
901 2468 1079 2530 Audiebam
1092 2462 1136 2541 φῆ·

120 2542 188 2602 dem
208 2552 238 2603 te
261 2556 398 2620 paratum
421 2547 557 2620 venisse,
588 2549 670 2622 quod
696 2564 744 2607 me
768 2549 807 2608 de
824 2551 987 2613 ementitis
1005 2546 1137 2626 auspiciis.

120 2624 230 2699 quibus
250 2633 349 2687 tamen
369 2645 477 2702 parere
501 2645 629 2689 necesse
650 2637 727 2702 erat,
755 2639 880 2705 putares
902 2649 981 2695 esse
1003 2636 1137 2696 uictum·

120 2707 247 2768 Sustulit
260 2710 341 2767 illum
355 2710 434 2769 diem
453 2712 572 2773 fortuna
584 2713 689 2786 populi
701 2712 840 2773 Romani.
868 2714 952 2775 Num
968 2717 1061 2778 etiarn
1075 2726 1137 2776 trun

120 2791 159 2849 de
177 2790 322 2866 auspiciis
338 2792 481 2852 iudicium
497 2794 632 2854 interitus
649 2795 788 2863 Caesaris
811 2798 962 2858 sustulit?
985 2801 1048 2861 Sed
1067 2790 1137 2858 incili

119 2872 196 2932 inid
212 2881 345 2948 tempus,
369 2877 453 2950 quod
467 2875 504 2937 iis
519 2876 629 2949 rebus,
651 2876 681 2936 in
704 2893 781 2952 quas
803 2872 951 2952 ingressa
967 2891 1036 2944 erat
1051 2877 1135 2945 oratib

123 2958 376 3028 praevertendum
392 2968 447 3019 est.
485 2958 567 3032 Quae
582 2968 632 3019 tua
647 2962 733 3034 lugat
749 2976 829 3033 quae
844 2962 984 3024 lormido
1003 2964 1136 3040 praeclue

118 3035 170 3096 illo
186 3039 251 3098 die!
273 3057 351 3114 quae
371 3048 496 3115 propter
512 3041 727 3102 conscientiam
749 3044 903 3104 scelerum
919 3046 1093 3123 desperatio
1103 3040 1135 3099 ti·

119 3124 182 3176 taet
206 3139 298 3195 quum
309 3139 346 3181 ex
362 3124 412 3181 illa
431 3124 503 3197 luga
517 3125 666 3185 beneflcio
681 3141 804 3197 eorum,
822 3126 876 3200 qui
892 3136 935 3200 te,
952 3130 984 3191 si
1000 3139 1135 3193 sanuses·

120 3212 181 3270 ses,
196 3205 312 3263 salvum
327 3222 398 3266 esse
413 3208 586 3279 volucrunt,
609 3209 684 3267 clam
699 3215 729 3268 te
744 3209 867 3269 domum
883 3213 1052 3288 recepisti!
1064 3203 1135 3271 880

120 3291 186 3337 mea
203 3285 312 3346 trustra
333 3305 453 3363 semper
472 3288 631 3349 verissima
646 3289 772 3364 auguria
782 3308 886 3352 rerum
906 3286 1135 3371 luturarnmlbi·

121 3359 224 3421 cebant
236 3365 294 3426 illis
309 3370 338 3427 in
354 3370 499 3444 Capitolio
517 3372 727 3435 liberatoribus
742 3373 882 3449 nostris,·
896 3395 997 3453 quum
1012 3395 1057 3439 me
1068 3374 1134 3435 adr
