2356 3854
94 197 138 262 aa
263 193 337 254 ruo
355 192 438 252 surr.
452 189 590 251 ooscro
604 188 779 260 nuunrno
797 188 947 248 cuano.
989 208 993 237 l
1060 216 1078 226 ιι

1136 130 1143 183 r

1139 188 1143 263 l

96 345 202 418 digna,
222 350 320 402 tumen
337 341 397 401 hoc
411 339 483 399 nihil
500 353 601 413 neque
622 338 763 399 acerbius
780 355 881 414 neque
896 337 1029 412 iniquius
1045 354 1104 412 pro·
1140 314 1143 393 Ῐ

96 424 167 500 terri
181 431 297 498 potest·
315 425 420 484 mortis
431 430 576 496 paternae
587 423 625 480 de
637 421 736 481 servis
753 423 887 496 paternis
906 423 1103 495 quaestionem

94 495 207 568 habere
223 506 286 567 lilio
300 523 360 566 non
382 505 460 564 licet.
496 506 540 565 Ne
558 513 617 564 tam
638 505 690 565 diu
707 505 829 579 quidem
847 503 988 563 dominus
1001 505 1063 564 crit
1081 504 1104 564 in
1131 504 1140 523 ⁶

95 596 180 671 succ,
197 591 270 650 dum
285 606 324 649 ex
339 586 376 648 iis
389 589 491 647 del
438 595 491 662 pal
491 589 532 648 ris
549 594 644 647 morte
661 604 775 662 quaere
775 594 843 647 tur?
854 585 1001 659 Veniam,
1017 601 1105 660 neque
1137 632 1143 641 .

93 659 140 733 ita
152 674 245 733 multo
261 681 348 746 post,
364 671 497 730 adhunc
513 673 628 730 locum:
652 687 721 729 narn
743 671 803 730 hoc
818 677 913 730 totum
928 670 968 728 ad
985 670 1105 729 Roscios

94 755 239 829 pertinet,
268 756 306 814 de
329 768 459 827 quorum
481 753 643 813 audaciat
631 761 693 813 tum
717 769 764 812 me
794 751 943 812 dicturum
965 751 1105 825 pollicitus

96 854 181 910 sum,
204 854 297 911 quum
322 835 423 896 Erucii
451 835 575 894 crimina
602 836 769 896 diluissem.
807 835 910 894 XXIX.
935 832 984 895 79.
1016 835 1104 904 Nunc,

94 919 201 995 Eruci,
228 921 309 981 adtc
325 919 424 982 venio.
456 918 622 978 Conveniat
644 918 717 980 mihi
738 927 836 979 tecum
859 933 989 977 necesse
1005 926 1063 991 cst,
1086 913 1106 976 si
1140 936 1143 959 ι

95 1005 135 1064 ud
146 1001 421 1066 hunc'rnalelicium
437 1002 519 1062 istud
533 1001 676 1076 pertinet,
699 1009 751 1061 aut
764 1001 863 1075 ipsum
887 1016 943 1060 sua
962 1017 1054 1060 monu
1073 1002 1106 1060 le

95 1086 192 1159 cisse,
214 1086 246 1146 id
268 1086 351 1159 quod
373 1102 484 1159 negas,
506 1093 557 1145 aut
578 1101 632 1158 per
651 1082 906 1158 aliquosliberos
926 1091 978 1143 aut
1000 1098 1106 1143 servos.

94 1168 282 1229 Liberosnet
302 1184 380 1241 quos
397 1185 497 1242 neque
507 1176 540 1227 ut
554 1167 717 1227 convenire
733 1166 864 1241 potuerit
878 1182 978 1239 neque
996 1184 1056 1240 qua
1070 1181 1107 1224 ra·

95 1250 177 1310 tione
190 1250 336 1310 inducere
346 1252 453 1325 'neque
467 1249 519 1310 ubi
534 1266 632 1325 neque
646 1267 702 1325 per
717 1267 795 1324 quos
806 1266 906 1323 neque
921 1265 983 1323 qua
997 1266 1052 1323 spe
1067 1255 1108 1308 aul

96 1349 156 1406 quo
171 1332 274 1412 precio
292 1343 380 1408 potes
394 1333 565 1394 ostendere.
603 1334 667 1406 Ego
685 1341 789 1393 contra
804 1334 932 1392 ostendo
948 1349 1011 1392 non
1027 1328 1106 1392 modo

51 1458 57 1470 ,
77 1413 169 1483 ‚niihil
184 1432 288 1476 eorum
303 1417 416 1476 iecisse
431 1416 501 1475 Sex.
515 1415 676 1488 Roscium,
701 1417 757 1474 sed
778 1433 816 1474 ne
831 1415 970 1490 poluisse
996 1415 1108 1489 quidem

96 1499 213 1570 iacere,
235 1498 437 1573 quodneque
455 1500 570 1558 Romae
590 1499 690 1558 multis
717 1497 804 1557 annis
831 1497 1049 1574 tueritneque
1078 1497 1108 1556 dc

33 1643 38 1658 Ι
57 1653 59 1661 Ι
96 1579 230 1655 praediis
245 1598 389 1655 umquam
404 1590 516 1642 temere
532 1581 717 1641 discesserit
752 1583 879 1641 Restare
893 1579 947 1639 tibi
957 1581 1108 1640 videbatur

97 1678 253 1723 servorum
268 1681 394 1737 nornen,
416 1681 477 1738 quo
499 1664 588 1738 qnasi
606 1664 637 1723 in
658 1672 778 1737 portum
797 1665 929 1723 reiectus
950 1680 968 1722 a
989 1660 1107 1725 caeteris

98 1744 324 1819 suspicionibus
339 1749 504 1822 confugere
521 1760 665 1831 posses,
663 1747 714 1807 ubi
730 1749 887 1821 scopulum
904 1746 1036 1807 offendis
1051 1745 1108 1806 eius

97 1827 199 1901 modi
214 1837 327 1890 utnon
348 1831 439 1890 modo
460 1831 497 1890 ab
518 1830 577 1890 hoc
599 1821 710 1889 crimen
731 1829 848 1888 resilire
867 1829 990 1901 videus,
1011 1843 1108 1888 verum

96 1927 217 1972 omnem
245 1913 451 1987 suspicionem
473 1915 504 1972 in
529 1922 649 1973 vosmet
673 1912 760 1986 ipsos
787 1913 924 1983 recidere
955 1911 1109 1984 intelligas

81 1993 145 2055 180.
170 1993 246 2066 Quid
262 2011 334 2068 ergo
350 2004 397 2055 est
412 2012 472 2069 quo
487 1997 608 2056 tandem
623 2002 781 2056 accusator
803 1994 906 2069 inopia
926 2002 1110 2068 argumento·

81 2092 162 2137 *rum
179 2078 367 2151 contugerit?
396 2077 470 2137 Eius
482 2079 565 2138 modi
578 2086 697 2152 tenipus
711 2085 788 2150 erat,
804 2077 915 2152 inquit,
930 2077 1109 2137 ut'homioes

96 2161 186 2235 vulgo
201 2161 324 2233 impune
338 2158 562 2233 occiderentur,
584 2178 678 2234 quare
691 2166 723 2220 tu
737 2161 796 2220 hoc
813 2169 938 2234 propter
953 2158 1110 2220 multitudi-

96 2259 165 2303 nem
182 2240 359 2302 sicariorum
379 2243 461 2302 nullo
480 2243 608 2318 negocio
626 2245 727 2303 lacere
742 2242 877 2317 potuisti.
909 2243 1030 2303 Interim
1046 2239 1110 2301 mihi

95 2323 225 2399 videris,
238 2325 344 2398 Eruci,
357 2341 417 2384 una
432 2328 572 2386 mercede
586 2327 662 2386 dnus
676 2325 870 2398 res·adsequi
886 2328 978 2398 velle,
1000 2343 1058 2386 nos
1072 2325 1111 2384 iu·

42 2457 51 2482 ,
97 2407 184 2484 dicio¹
194 2409 391 2482 perfundere,
409 2425 559 2469 accusare
572 2418 672 2470 autern
686 2425 741 2470 eos
757 2409 859 2484 ipsos,
876 2408 1022 2482 aquibus
1038 2424 1110 2467 mer-

95 2491 202 2551 cedem
216 2490 371 2565 accepisti.
396 2491 473 2564 Quid
489 2494 556 2552 nist
580 2494 680 2566 Vulgo
696 2491 932 2553 occidebantur?
962 2491 1020 2550 Per
1037 2505 1111 2566 quos

97 2580 126 2632 et
141 2589 159 2631 a
180 2573 312 2647 quibust
356 2575 463 2634 Nonne
480 2575 595 2649 cogitas
610 2584 639 2635 te
655 2591 673 2635 a
689 2574 859 2635 sectoribus
873 2574 933 2634 huc
951 2575 1112 2634 adductum

93 2663 187 2714 essct
224 2655 301 2728 Quid
324 2664 457 2795 posteat
489 2657 648 2719 Nescimus
667 2673 722 2732 per
740 2657 799 2716 ista
825 2666 962 2732 tempora
988 2659 1113 2716 eosdem

94 2736 158 2796 iere
173 2740 337 2798 sectoresl
336 2739 419 2798 uisse
434 2742 580 2800 collorum
596 2750 625 2801 et
645 2742 815 2801 bonorumt
844 2739 895 2801 st.
928 2740 951 2800 li
971 2740 1112 2814 denique,

96 2818 148 2894 qui
170 2810 232 2880 tum
252 2821 357 2880 armati
378 2820 444 2881 dies
470 2830 638 2898 noctesque
665 2824 903 2897 concursabant,
928 2823 979 2897 qui
999 2824 1114 2884 Rornae

93 2911 179 2963 erant
193 2902 328 2976 adsidui,
346 2903 397 2977 qul
412 2905 492 2964 omni
506 2915 642 2980 tempore
656 2904 686 2965 in
707 2907 822 2980 praeda
841 2916 871 2967 ct
891 2905 944 2979 [in]
966 2905 1115 2981 sanguine

95 2988 306 3058 versabantur,
329 2985 400 3046 Sex.
414 2988 527 3048 Roscio
543 2988 687 3062 temporis
703 2989 783 3048 illius
798 2988 1013 3049 acerbitatem'
1006 2987 1115 3062 iniqui·

96 3074 249 3144 talemque
271 3069 434 3130 obiicientt
456 3079 486 3131 et
510 3071 591 3130 illam
617 3071 795 3132 sicariorum
820 3072 1058 3146 multitudinem,
1084 3071 1114 3130 in

92 3157 155 3226 quc
174 3153 235 3226 ipsi
261 3153 355 3212 duces
377 3169 413 3212 ac
434 3153 587 3227 principes
608 3163 705 3227 erunt,
731 3155 800 3214 huic
828 3155 944 3215 crimini
966 3156 1116 3230 putabunt

93 3234 173 3305 iore,
196 3234 247 3307 qui
266 3251 328 3294 non
348 3237 440 3296 modo
455 3238 570 3298 Romae
586 3254 645 3299 non
661 3236 731 3309 suit,
755 3239 811 3297 sed
825 3238 947 3299 omnino
965 3238 1041 3312 quid
1054 3239 1116 3297 llo·

92 3312 160 3375 irrue
174 3324 313 3388 ageretur
328 3319 465 3391 nescivit,
482 3328 644 3394 propterea
657 3319 740 3396 quod
754 3319 816 3380 ruri
831 3320 989 3392 adsiduus,
1006 3337 1116 3395 quem·

92 3398 255 3460 admodum
275 3407 337 3461 tute
358 3401 527 3474 confiteris,
551 3403 627 3464 luitt
661 3403 711 3466 82.
746 3404 864 3464 Vereor
890 3421 929 3464 ne
949 3411 1002 3464 aut
1021 3405 1116 3464 mole·
