2356 3854
345 204 753 294 chamaam-rr.
808 227 812 232 ·
879 290 886 305 „
1003 168 1058 271 oo*

58 351 140 411 ulicis
155 354 254 412 solum
271 353 463 437 severitatem
477 353 506 412 in
523 354 581 413 hoc
600 355 736 430 crimine,
757 360 812 417 sed
825 374 922 432 prope
935 357 1046 420 inimici

58 451 122 508 2que
142 435 329 494 accusatoris
351 437 409 494 vim
430 436 587 511 suscipere
610 439 713 499 debes.
735 442 826 499 ,Tuus
847 441 925 500 enim
946 442 1044 502 honos

58 517 80 574 lo
95 519 206 591 templo
223 526 345 577 senatus
356 519 524 592 populique
538 521 663 579 Romani
678 521 840 596 beneficio,
856 524 898 583 tui
915 524 1044 583 nominis
1082 527 1083 530 ’

58 608 151 658 eterna
174 599 320 659 memoria
344 601 432 661 simul
458 617 525 660 cum
547 604 659 676 templo
687 605 736 663 illo
759 612 965 678 consecratur,
991 607 1044 666 tibi

58 699 104 741 aec
119 699 192 741 cura
212 682 420 756 suscipienda,
437 682 488 743 tibi
503 685 577 743 haec
596 701 690 758 opera
704 690 850 747 sumenda
862 697 922 760 est,
943 697 975 748 ut
990 689 1044 748 Ca-

60 765 180 836 itolium,
196 767 340 839 quemad
356 767 477 825 modum
492 767 732 841 magnificentius
747 776 793 827 est
806 771 983 844 restitutum,
999 771 1043 830 sic

58 848 184 922 opiosius
201 856 337 907 ornatum
353 849 391 908 sit
406 857 495 923 quam
512 851 581 909 luit:
597 857 629 910 ut
642 850 691 908 illa
702 849 823 909 flamma
834 851 975 910 divinitus
991 866 1041 912 ex-

58 930 139 990 titisse
154 931 305 1001 videatur,
323 948 383 991 non
399 948 476 1006 quae
492 933 606 992 deleret
620 933 700 992 Iovis
717 933 820 1006 optimi
834 933 955 992 maximi
970 942 1041 994 tem-

58 1015 123 1086 tum,
144 1014 200 1072 sed
223 1030 301 1087 quae
322 1014 507 1086 praeclarius
528 1015 829 1090 magnificentiusque
850 1018 1040 1090 deposceret.

58 1095 81 1154 l).
118 1096 238 1155 Audisti
265 1096 298 1168 Q.
318 1096 482 1156 Minucium
510 1097 610 1157 dicere
639 1098 719 1161 domi
751 1115 825 1156 suae
850 1099 1041 1158 deversatum

60 1194 99 1238 sse
116 1178 297 1238 Antiochum
318 1196 421 1254 regem
442 1180 618 1256 Syracusis:
642 1195 676 1244 se
696 1181 769 1240 illud
791 1181 868 1240 scire
891 1183 930 1240 ad
950 1181 1041 1241 istum

58 1277 100 1320 sse
112 1263 257 1321 delatum:
274 1277 308 1320 se
324 1263 401 1320 scire
417 1278 476 1320 non
491 1264 654 1323 redditum:
671 1263 781 1324 audisti
795 1272 825 1322 et
839 1265 944 1324 audies
960 1263 1040 1323 omni

58 1352 216 1403 tconventu
239 1343 434 1420 Syracusano
458 1345 508 1419 qui
525 1346 565 1405 ita
582 1346 694 1417 dicant,
718 1361 787 1405 sese
801 1348 991 1406 audientibus
1005 1347 1038 1405 il·

58 1426 82 1483 rd
99 1428 159 1486 lovi
182 1426 295 1500 optimo
317 1428 446 1488 maximo
467 1428 597 1488 dicatum
618 1445 723 1489 essen
744 1445 817 1503 rege
837 1430 987 1489 Antiocho
1010 1439 1039 1489 et

58 1516 245 1568 onsecratum.
281 1509 313 1568 Si
333 1510 423 1569 index
444 1528 504 1569 non
527 1528 613 1570 esses
631 1512 750 1571 ethaeo
766 1513 805 1570 ad
821 1521 848 1572 te
871 1514 968 1571 delata
988 1528 1037 1570 res

58 1600 115 1666 sset,
130 1601 158 1652 le
177 1592 365 1666 potissimum
379 1594 437 1653 hoc
453 1595 606 1667 persequi,
628 1601 656 1652 te
671 1602 781 1666 petere,
798 1602 827 1652 te
844 1610 934 1668 agere
949 1611 1038 1667 opor·

58 1683 107 1733 ret.
139 1675 318 1748 Quarenon
341 1676 445 1736 dubito
467 1693 527 1748 quo
548 1676 647 1735 animo
674 1677 765 1734 iudex
790 1675 879 1735 huius
905 1676 1036 1734 criminis

58 1772 96 1816 ase
110 1758 239 1830 debeas,
262 1760 312 1832 qui
335 1759 416 1831 apud
437 1757 526 1832 alium
548 1757 676 1815 iudicem
700 1759 791 1816 multo
814 1756 925 1828 acrior,
949 1765 1048 1831 quam

58 1853 82 1910 ro
97 1857 176 1914 sum,
198 1848 282 1901 actor
296 1849 516 1913 accusatorque
531 1855 600 1898 esse
617 1839 754 1898 deberes.
835 1844 843 1864 “

104 2004 219 2062 XXXII.
250 2001 298 2064 71.
327 2001 423 2063 Vobis
439 2009 553 2076 autem,
568 2002 685 2062 iudices
693 2002 789 2078 ,nutu
803 2003 861 2062 hoc
884 2001 1036 2078 indignius

58 2093 77 2144 rt
96 2086 166 2161 quid
185 2086 285 2145 minus
307 2087 461 2160 terendum
482 2085 577 2145 videri
597 2093 718 2159 potest?
744 2088 895 2146 Verresne
916 2086 1038 2146 habebit

58 2168 102 2227 tmi
118 2186 191 2229 suae
204 2170 413 2228 candelabrum
427 2169 517 2240 lovis,
534 2187 550 2228 e
565 2169 689 2243 gemmis
705 2186 839 2244 auroque
851 2172 1037 2243 pertentant

58 2250 107 2311 rius
121 2247 239 2326 fulgore
254 2254 404 2313 collucere
419 2261 509 2326 atque
529 2251 670 2334 illustrari
686 2252 767 2312 lovis
789 2253 892 2325 optimi
914 2251 1036 2322 maximi

58 2337 164 2408 mptum
190 2336 363 2409 oportebat,
390 2334 419 2394 id
443 2336 523 2409 apud
538 2335 628 2395 istum
648 2334 678 2393 in
699 2335 764 2393 eius
787 2335 868 2394 modi
890 2333 1036 2392 conviviis

58 2418 226 2489 instituetur,
243 2420 320 2492 duae
333 2417 507 2476 domesticis
517 2417 635 2493 ¹stupris
652 2415 834 2490 flagitiisque
849 2415 1036 2490 flagrabunt?

58 2498 154 2559 :istius
172 2501 291 2559 lenonis
307 2499 473 2574 turpissimi
490 2502 584 2559 domo
601 2500 689 2559 simul
706 2516 773 2558 cum
794 2499 920 2559 caeteris
940 2499 1037 2559 Cheli*
1106 2535 1108 2544 =

58 2582 107 2642 mis
119 2582 309 2643 hereditariis
322 2584 506 2663 ornamentis
519 2583 661 2656 capitolii
676 2590 850 2642 ornamenta
865 2589 1036 2656 ponenturt

59 2663 95 2724 rid
114 2666 183 2725 huic
201 2667 279 2724 sacri
297 2679 438 2740 umquam
452 2668 518 2726 -lore
533 2674 583 2725 aut
601 2665 672 2740 quid
687 2665 822 2740 religiosi
837 2665 931 2725 luisse
949 2673 1034 2739 puta·

58 2764 74 2817 l,
94 2749 238 2824 quinunc
256 2756 336 2808 tanto
352 2751 516 2810 scelerose
537 2749 712 2808 obstrictum
731 2763 803 2809 esse
825 2766 886 2808 non
908 2748 1035 2806 sentiat?

58 2827 113 2888 tin
132 2831 275 2890 iudicium
289 2830 403 2905 veniat,
429 2831 480 2892 ubi
502 2848 540 2890 ne
556 2831 672 2905 precari
692 2832 813 2906 quidem
828 2832 937 2890 ‘lovem
958 2827 1034 2901 opti-

58 2929 97 2971 um
111 2908 271 2974 maximum
291 2921 382 2987 atque
403 2916 441 2973 ab
465 2931 501 2974 eo
522 2915 664 2974 auxilium
684 2924 792 2988 petere⁴
806 2929 888 2972 more
903 2911 1035 2970 omnium

58 2996 134 3055 ›ssitt
154 3014 173 3055 a
195 3013 256 3070 quo
277 2996 366 3056 ctiam
387 2995 417 3055 di
433 2997 614 3057 immortales
632 3014 687 3056 sua
700 2995 883 3070 repetuntin
900 3009 936 3052 eo
958 2992 1034 3052 iudi-

58 3093 77 3148 r,
92 3081 174 3152 quod
189 3079 361 3138 hominibus
374 3079 413 3136 ad
424 3095 496 3138 suas
510 3096 559 3138 res
577 3081 757 3153 repetendas
769 3086 816 3138 est
831 3074 1032 3136 constitutum.

58 3160 300 3241 hamurAthenis
314 3160 488 3231 Minervam,
502 3162 567 3220 Deli
581 3160 761 3234 Apollinem,
778 3161 923 3218 Iunonem
941 3159 1033 3232 Sami,

58 3259 128 3316 rgae
148 3245 289 3316 Dianam,
318 3244 428 3302 multos
456 3249 611 3316 praeterea
632 3243 669 3300 ab
692 3243 749 3302 isto
773 3243 849 3304 deos
876 3250 938 3302 tota
958 3242 1034 3302 Asia

57 3327 203 3401 aecioque
227 3328 368 3397 violatos,
393 3324 444 3400 qui
463 3343 481 3384 a
502 3323 646 3398 Capitolio
669 3341 775 3384 manus
798 3325 949 3386 abstinere
972 3341 1033 3383 non

58 3410 166 3472 tuerit?
190 3411 271 3485 quod
292 3408 401 3484 privati
419 3403 562 3468 homines'
572 3408 610 3468 de
631 3407 694 3492 suis
710 3407 846 3482 pecuniis
864 3415 971 3469 ornant
985 3423 1032 3466 or·
