2356 3854
22 160 24 167 ’
82 185 126 249 58
297 150 403 245 'rue
418 182 579 243 venenu
593 137 675 241 xer.
688 182 724 239 11.
739 180 811 239 um.
827 179 888 239 rv:
942 156 944 163 ’

84 335 247 410 cupiditas:
268 335 327 394 hoc
342 334 431 394 etiam
442 333 540 392 acrior
557 340 649 405 atque
662 329 813 402 insanior,
836 329 919 403 qnod
935 327 989 386 illa
1003 326 1094 402 cupic-

83 421 135 479 bat
148 418 193 488 id,
212 418 294 490 quod
309 415 439 488 viderat,
458 415 547 474 huius
563 413 701 473 libidines
722 429 783 471 non
798 412 896 470 solnm
911 410 1024 481 oculis,
1046 411 1092 469 scd

61 494 173 561 'etiam
195 499 317 558 auribus
339 498 554 570 excitabantur.
597 497 672 554 XlX.
700 493 750 555 40
773 491 915 568 conquiri
936 493 1091 553 Diodorum

83 590 146 643 tota
160 581 317 654 provincia
331 580 420 640 iubet.
455 581 507 639 Ille
525 596 564 638 ex
580 578 702 637 Sicilia'
695 595 752 637 ram
777 584 876 636 eastra
897 581 1090 636 commoverat

85 672 116 726 el
135 681 210 722 vasa
234 665 404 736 collegerat.
444 664 557 732 Homo,
578 668 610 720 ut
631 661 732 733 aliquo
756 652 897 719 modom
913 657 1094 754 provinciam<

84 748 166 806 illum
185 753 357 817 revocaret,
379 744 456 803 hanc
472 742 623 817 excogitat
636 743 796 801 rationem·
823 744 848 800 si
863 742 939 800 haec
953 740 1028 801 ratio
1044 755 1086 813 po·

29 899 32 906 ¹
82 829 143 889 tius
159 845 247 902 quam
264 826 392 886 amentia
407 826 590 888 nominanda
604 833 659 883 est.
689 824 825 898 Apponil
838 824 877 882 de
892 824 957 883 suis
974 821 1084 881 canibus

85 913 259 986 quemdam,
287 910 338 984 qui
362 910 441 969 dicut
462 908 681 968 se·Diodorum
701 907 887 966 Melitensem
901 905 945 964 rei
964 905 1084 980 capitalis

83 1010 168 1054 reum
183 995 259 1052 velle
275 995 384 1052 lacere.
414 992 512 1052 Primo
528 990 634 1049 mirum
648 988 913 1059 omnibus'videri‚
933 986 1084 1047 Diodorum

83 1093 182 1148 rcum,
202 1076 353 1136 hominem
369 1073 601 1147 quietissimum,
617 1073 654 1130 ab
671 1073 749 1131 omni
764 1088 823 1130 non
838 1071 929 1136 modo
945 1068 1083 1139 facinoris,

84 1175 188 1218 verum
213 1157 302 1216 etiam
325 1155 437 1214 minimi
461 1156 549 1215 errati
571 1154 746 1228 suspicione
769 1153 1018 1213 remotissimum:
1043 1151 1082 1209 de·

84 1240 155 1312 inde
175 1255 245 1298 esse
267 1239 477 1313 perspicuum,
503 1237 569 1296 lieri
594 1235 692 1296 omnin
714 1236 764 1295 illa
788 1245 912 1310 propter
933 1244 1081 1310 argentum

84 1322 144 1380 lste
165 1337 226 1380 non
249 1320 363 1381 dubitat
380 1321 485 1380 iubere
499 1336 608 1378 nornen
623 1319 748 1392 deferri,
767 1327 874 1378 cltum
890 1319 1018 1392 primum
1033 1315 1081 1390 opi·

84 1403 252 1462 norisium
272 1403 405 1463 absentis
429 1418 538 1461 nomen
562 1401 726 1475 recepisse.
754 1399 804 1461 41.
825 1404 885 1461 Res
902 1402 985 1460 clara
999 1399 1082 1461 Sicilia

86 1492 164 1554 tola,
195 1493 319 1559 propter
338 1485 444 1546 caelati
467 1483 582 1558 argenti
606 1483 797 1556 cupiditatem
818 1501 888 1543 reos
910 1483 977 1543 fieri
1000 1496 1082 1542 remu

86 1566 258 1639 capitalium
272 1583 371 1640 neque
387 1569 484 1635 solum
499 1583 569 1625 reos
584 1565 664 1639 fieri,
683 1567 737 1624 sed
749 1567 837 1626 etiam
849 1568 1002 1626 absentes.
1027 1564 1081 1624 Dio·

86 1649 179 1708 dorus
202 1650 315 1708 Romae
346 1649 517 1723 sordidatus
544 1649 655 1707 circum
679 1658 822 1721 patronos
847 1658 938 1722 atque
963 1649 1081 1722 hospites

86 1747 223 1791 cursare:
251 1748 315 1790 rem
337 1733 476 1792 omnibus
503 1747 633 1790 narrnrc.
679 1731 808 1791 Litterae
832 1732 986 1792 mittuntur
1008 1729 1053 1791 isli
1069 1738 1093 1784 e‘

22 1847 27 1855 «
80 1822 171 1887 patre
192 1814 401 1887 vehementes,
428 1815 466 1874 ab
489 1813 594 1873 amicis
615 1814 699 1883 item,
725 1814 840 1872 videret
855 1814 927 1887 quid
944 1821 1043 1888 ageret
1054 1810 1083 1868 dc

83 1896 233 1967 Diodoro,
246 1913 307 1968 quc
318 1898 564 1970 progrederetur=
585 1912 648 1954 rem
661 1897 770 1954 clarum
781 1911 851 1955 esse
863 1904 893 1955 et
903 1895 1082 1955 invidiosam:

84 1976 218 2034 insanire
231 1977 392 2051 hominem,
409 1978 571 2052 periturum
586 1978 644 2036 hoc
660 1993 719 2036 uno
735 1978 866 2053 crimine,
882 1979 941 2037 nisi
956 1977 1084 2038 cavisset

83 2058 145 2115 Iste
168 2057 256 2115 eliam
277 2067 340 2117 turn
361 2069 490 2133 patrem,
519 2060 621 2131 sinon
639 2060 831 2132 inparentis,
852 2070 883 2121 at
897 2061 927 2119 in
945 2059 1083 2120 homiuum

85 2155 211 2198 numero
222 2192 224 2196 .
232 2141 371 2212 putabat:
398 2141 437 2199 ad
452 2141 593 2200 iudicium
614 2143 746 2201 nondum
762 2160 795 2202 se
811 2143 884 2202 satis
902 2143 1083 2203 instruxerab

84 2220 199 2295 primus
220 2237 317 2281 annus
339 2231 404 2280 erat
422 2221 612 2296 provinciae:
640 2241 701 2282 non
721 2234 753 2285 ut
770 2226 799 2284 in
815 2225 954 2297 Sthenio,
979 2226 1082 2283 iamrc-

84 2305 179 2363 serlus
200 2306 337 2377 pecunia.
373 2307 477 2379 ltaque
497 2306 579 2364 lnror
602 2305 667 2365 eius
690 2309 868 2381 paullulum,
889 2325 950 2368 non
971 2307 1083 2382 pudore,

85 2386 141 2444 sed
161 2394 241 2445 melu
261 2403 297 2446 ac
315 2386 600 2462 timore'repressus
618 2397 673 2447 est.
712 2390 919 2449 Condemnare
933 2389 1084 2449 Diodorum

84 2482 146 2525 non
161 2469 252 2528 audet
265 2471 372 2529 absent
361 2479 446 2530 tem·
457 2471 495 2529 de
509 2469 569 2529 reis
584 2471 708 2530 eximit.
675 2472 896 2533 lDiodorus
888 2481 1003 2532 interea
1012 2483 1083 2546 proc·

83 2555 149 2608 tore
163 2548 220 2608 isto
235 2566 331 2625 prope
342 2552 500 2611 triennium
512 2553 667 2627 provincia
679 2554 831 2629 domoque
843 2555 947 2614 caruit.
961 2553 1011 2615 42.
1026 2555 1084 2612 Cac-

84 2629 140 2690 tcri
163 2647 223 2690 non
243 2635 340 2692 solum
361 2633 468 2707 Siculi,
490 2636 546 2694 sed
561 2634 650 2695 etiam
667 2636 750 2696 cives
764 2637 892 2698 Romani
907 2638 967 2697 hoc
988 2644 1085 2697 statue·

82 2721 163 2772 rant
190 2716 333 2810 quoniam
356 2715 413 2774 iste
435 2725 547 2776 tantum
572 2718 734 2792 cupiditate
760 2721 1005 2794 progrederetur,
1026 2713 1086 2776 nihil

81 2812 153 2856 esse
168 2797 250 2871 quod
268 2798 429 2873 quisquam
445 2807 563 2873 putaret
578 2817 627 2880 se,
651 2804 733 2874 quod
747 2801 796 2862 isti
813 2805 914 2877 paullo
928 2804 1023 2877 magis
1035 2800 1086 2875 pla·

83 2887 178 2951 cenet,
201 2896 385 2940 conservare
399 2889 450 2940 aut
463 2882 545 2941 domi
559 2883 688 2942 retinere
703 2901 806 2958 posse.
840 2886 903 2946 XX.
925 2886 1035 2946 Postea
1046 2896 1086 2940 ve

82 2977 116 3020 ro
141 2979 231 3037 qnam
248 2963 458 3024 intellexerunt
477 2965 525 3024 isti
543 2965 640 3024 virum
657 2967 777 3039 sortem,
799 2985 888 3044 quem
901 2984 1017 3028 summe
1029 2979 1086 3041 pro·

81 3041 181 3103 vincia
202 3047 413 3121 exspectabat,
441 3047 624 3120 nenium,
643 3065 706 3108 non
730 3054 909 3124 succedere,
932 3050 1087 3111 statuerunt

81 3121 154 3181 nihil
174 3143 208 3186 se
230 3137 289 3189 tam
310 3130 446 3189 clausum
467 3146 566 3203 neque
585 3139 645 3189 tam
664 3133 852 3193 reconditum
867 3150 963 3208 posse
977 3133 1087 3198 habere,

82 3207 167 3277 quod
184 3224 245 3268 non
265 3211 352 3272 istius
369 3211 524 3287 cupiditati
540 3213 762 3286 apertissimum
777 3215 1087 3291 promptissimumque

79 3295 174 3346 esset

164 3368 262 3430 'l’urn
254 3381 310 3433 rste
330 3377 368 3435 ab
378 3376 485 3451 equite
498 3378 634 3437 Romano
650 3379 810 3452 splendido
825 3387 855 3439 et
870 3379 1020 3454 gratioso,
1043 3377 1085 3436 cn·
