2356 3854
118 154 181 219 noa
385 152 880 247 raoonrtauctooaarro.

115 311 176 373 tuis
199 326 238 370 ne
255 326 274 369 a
289 309 403 385 populo
415 308 580 369 iudicatum
594 324 666 368 esse
685 306 833 367 videatur.
877 307 944 366 Non
960 306 1037 368 enim
1051 309 1124 370 comi
1170 302 1172 373 ἶ

115 396 165 455 tiis
180 391 293 453 iudicat
308 407 429 465 semper
444 386 588 464 populus,
612 392 667 451 sed
689 399 828 451 movetur
842 391 1024 485 plerumque
1036 394 1126 466 gratia·

117 478 197 536 cedit
211 473 370 551 precibus·
396 473 468 532 lacit
481 488 552 547 eos,
567 491 585 533 a
600 474 711 548 quibus
729 482 776 533 est
789 473 921 533 maxime
936 475 1077 535 ambitus·
1089 476 1126 534 de·

116 561 217 634 nique,
235 560 323 618 etium
339 574 365 616 st
357 555 501 629 iudicat,
522 574 582 618 non
605 558 723 616 delectu
739 550 841 629 aliquo
855 565 913 616 aut
930 557 1077 633 sapientia
1088 558 1128 617 du

116 641 194 701 citur
213 640 476 712 adiudicandum,
498 641 554 700 sed
571 640 684 713 impetu
701 655 763 698 uon
782 655 950 713 numquam
972 649 1004 700 et
1018 641 1130 715 quadan

118 724 208 784 etiam
226 725 403 783 temeritate.
446 722 510 782 Non
527 733 575 782 est
589 723 668 781 enim
684 720 867 781 consilium
859 738 890 781 tn
908 724 1011 797 vulgo,
1027 741 1085 783 non
1096 740 1129 782 re

116 806 174 879 tio,
190 823 251 866 non
269 806 450 877 discrimen,
463 822 525 865 non
541 804 714 879 diligentia:
732 820 917 879 semperque
931 805 1086 880 sapientes
1098 822 1130 876 ea

119 905 197 963 quae
208 890 341 964 populus
357 887 495 959 lecisset,
509 890 653 959 terenda,
669 904 729 947 non
745 902 866 960 semper
883 888 1040 948 laudanda
1054 891 1130 949 duta

120 982 198 1033 runt.
243 973 354 1045 Quare
371 988 464 1046 quum
475 981 504 1030 te
516 970 643 1031 aedilem
659 971 724 1030 deri
742 971 917 1044 oportuisse
932 970 1029 1044 diois,
1045 970 1131 1047 populi

118 1057 254 1130 culpam,
277 1072 338 1114 non
360 1053 565 1128 competitoris
585 1069 726 1113 accusas.
777 1052 827 1113 tu.
847 1053 887 1113 Ut
909 1055 1006 1114 lueris
1027 1054 1130 1129 dignior

118 1154 209 1215 quam
224 1136 377 1197 Plancius·
396 1137 507 1211 dequo
521 1137 591 1212 ipso
607 1145 705 1196 tecum
717 1137 757 1196 ita
769 1138 952 1196 contendam
965 1139 1129 1212 paulopost

116 1232 149 1281 ut
164 1236 345 1280 conservem
370 1219 543 1292 dignitatem
560 1228 657 1280 tuam·
680 1220 750 1290 sed,
762 1226 795 1279 ut
815 1219 910 1282 lucris
931 1219 1070 1294 dignior,
1087 1235 1129 1279 aun

117 1305 304 1398 competitor,
311 1319 337 1362 a
351 1321 411 1376 quo
426 1318 462 1362 es
477 1303 590 1375 victus,
605 1303 662 1363 sed
677 1303 820 1378 populus,
835 1320 854 1361 a
871 1319 987 1376 quaes
1004 1301 1129 1396 practori-

117 1396 175 1458 tus,
190 1386 219 1444 in
238 1387 329 1459 eulpa
346 1393 403 1444 est.
446 1387 478 1443 ln
495 1402 556 1459 quo
574 1386 701 1460 primum
719 1385 792 1445 illud
808 1386 904 1446 debes
919 1394 1041 1460 putare,
1058 1384 1131 1447 comi·

115 1469 175 1542 iiie,
190 1468 368 1542 praesertim
380 1466 535 1539 aediltous
551 1469 683 1529 studium
695 1483 765 1529 esse
778 1469 890 1542 populi,
905 1486 973 1529 non
987 1468 1131 1529 iudicium:
1170 1522 1172 1527 .

117 1514 268 1612 eblandita
284 1550 349 1624 illa,
365 1566 426 1611 non
441 1551 597 1612 enucleata
614 1568 685 1612 esse
699 1551 857 1626 suffragia:
880 1568 952 1625 eas,
969 1570 1024 1628 qur
1015 1551 1132 1613 suffra

116 1636 198 1711 giam
214 1637 325 1707 ierant,
349 1634 422 1710 quid
445 1633 555 1709 cuique
574 1636 634 1711 ipsi
648 1635 780 1695 debeant
798 1634 996 1696 considerare
1022 1636 1130 1711 saepius

46 1788 49 1797 ¹
117 1735 207 1794 quam
224 1717 297 1796 quid
313 1718 424 1795 cuique
438 1734 457 1778 a
473 1734 507 1776 re
525 1719 645 1793 publica
665 1719 820 1779 debeatur.
864 1717 916 1777 Sin
933 1729 1037 1781 autem
1052 1717 1132 1781 mati

116 1802 191 1863 illud
208 1816 279 1864 esse
293 1801 446 1874 iudicium,
466 1818 525 1861 non
542 1801 594 1862 tibi
607 1801 637 1860 id
654 1800 890 1862 rescindendum
905 1810 963 1872 est,
979 1805 1040 1864 sed
1054 1805 1132 1864 letan

43 1906 45 1917 ·
117 1885 198 1945 dum.
243 1883 702 1960 lillaleiudicavitpopulus.
725 1916 761 1929 -
787 1884 998 1946 Atiudicavit.
1018 1920 1061 1933 —
1081 1887 1133 1945 Not

116 1969 228 2028 debuit.
251 2000 293 2012 —
315 1972 356 2027 At
369 1969 473 2042 potuit.
495 1969 617 2028 -Non
634 1970 772 2027 ieron-
790 1971 832 2028 At
844 1967 927 2028 multi
944 1968 1133 2030 clarissimiet

116 2051 333 2125 sapientissimi
350 2051 433 2111 cives
448 2052 586 2112 tulerunt.
623 2052 677 2110 Est
691 2051 770 2110 enin
784 2051 862 2112 haec
880 2051 1025 2113 condicio
1040 2053 1132 2112 libero

115 2150 181 2194 rum
197 2135 380 2210 populorum
396 2134 621 2209 praecipueque
635 2135 724 2194 huius
743 2134 890 2209 principis
907 2136 1022 2210 populi
1044 2145 1074 2197 et
1085 2151 1134 2195 om

116 2219 195 2277 nium
209 2217 342 2292 gentium
359 2216 471 2276 domini
484 2226 575 2292 atque
589 2219 720 2289 victorie,
737 2234 830 2292 posse
842 2217 999 2292 suffragiis
1016 2222 1064 2279 vel
1075 2219 1134 2278 dare

116 2304 163 2361 vol
176 2301 334 2361 detrahere
344 2303 429 2375 quod
444 2299 514 2361 velit
528 2301 654 2375 cuique=
671 2309 807 2361 nostrum
819 2309 988 2375 astantem,
1002 2312 1135 2370 nostrum,

117 2384 210 2456 quiin
226 2384 283 2444 hac
298 2391 475 2459 tempestate
491 2385 595 2459 populi
610 2384 754 2445 iactemur
768 2393 798 2444 et
813 2383 968 2458 fluctibus
986 2386 1068 2445 farre
1082 2398 1132 2445 mo·

116 2466 183 2525 dice
197 2467 304 2541 populi
320 2470 501 2539 voluntates,
517 2467 648 2526 adlicere
661 2467 791 2539 alienas,
806 2467 936 2529 retinere
951 2476 1068 2542 partas,
1082 2467 1132 2542 pla·
1153 2524 1159 2539 ,

116 2565 185 2631 care
205 2551 354 2611 turbatas:
380 2551 513 2610 honores
539 2552 565 2610 si
581 2551 680 2624 magni
696 2567 757 2610 non
773 2560 928 2625 putemuS,
951 2568 1015 2612 non
1031 2549 1133 2611 servire

117 2633 248 2706 populo=
264 2632 310 2691 sin
327 2650 382 2694 eos
395 2643 581 2708 expetamus
595 2651 655 2694 non
672 2634 829 2707 detetigari
845 2632 1065 2708 supplicando.

177 2716 212 2776 V.
228 2713 277 2777 12.
290 2715 388 2776 Venio
403 2715 463 2776 iam
476 2719 514 2776 ad
529 2717 627 2792 ipsius
647 2717 751 2791 populi
768 2726 880 2790 partes,
895 2726 928 2778 ut
943 2717 1028 2778 illius
1045 2725 1134 2777 corut

117 2807 146 2860 te
168 2799 304 2861 oratione
320 2799 421 2874 potius
440 2816 529 2874 quam
542 2817 609 2860 mea
625 2801 785 2876 disputem.
830 2800 884 2873 Qui
911 2802 937 2860 si
958 2809 1063 2861 tecum
1076 2815 1133 2860 con-

115 2884 270 2961 grediatur
287 2892 320 2944 et
334 2885 360 2943 si
374 2901 434 2943 una
448 2883 533 2958 loqui
555 2900 631 2944 voce
646 2885 757 2958 possit,
778 2883 855 2943 llaec
875 2882 974 2943 dicat=
996 2884 1065 2958 Ego
1085 2879 1132 2949 tibi

115 2967 298 3039 Laterensis,
312 2967 466 3027 Plancium
481 2984 542 3026 non
556 2966 729 3041 anteposui,
744 2967 799 3025 sed
815 2983 906 3040 quum
922 2967 1039 3027 essetis
1050 2976 1131 3040 acque

117 3048 187 3110 boni
200 3051 272 3124 viri,
294 3067 392 3110 meum
415 3048 593 3110 beneficium
608 3051 646 3109 ad
662 3067 733 3109 eum
746 3049 847 3123 potius
862 3049 971 3121 detuli,
994 3052 1051 3123 qui
1067 3059 1132 3108 aut

116 3137 319 3206 contenderat,
337 3151 425 3208 quam
441 3134 569 3206 adeum,
585 3132 637 3207 qui
649 3132 720 3190 mini
732 3149 793 3192 non
806 3131 892 3190 nimis
906 3132 1062 3192 submisse
1073 3144 1132 3202 sup·

116 3213 249 3285 plicaret.
291 3216 522 3293 Respondebis,
541 3217 648 3289 credo,
667 3225 695 3276 te
711 3216 877 3289 splendore
892 3222 922 3273 et
936 3223 1087 3275 vetustata
1099 3213 1132 3269 ie

115 3296 214 3355 miliae
230 3300 337 3360 fretum
352 3317 413 3360 non
428 3302 517 3359 valde
532 3299 724 3359 ambiendum
739 3305 872 3372 putasse.
908 3298 950 3356 At
965 3313 1040 3359 vero
1054 3307 1081 3357 te
1093 3293 1132 3352 ille

115 3379 154 3439 ad
179 3396 236 3439 sua
264 3382 397 3443 instituta
427 3399 613 3458 suorumque
641 3382 787 3441 maiorum
809 3381 952 3454 exempla
971 3376 1132 3442 revocatis
