2356 3854
380 208 798 275 cAP.1t-19.s.sr-sa.
991 220 994 226 ’
1037 212 1098 287 117

76 354 177 416 socios
196 354 227 414 in
243 355 354 415 ultimis
370 355 432 416 oris
447 356 625 418 auctoritate
648 358 743 418 nostri
759 359 876 434 imperii
890 361 994 427 salvos
1008 379 1096 437 prae·

77 448 153 499 stare
170 445 361 512 poteramus,
376 446 454 512 tum,
470 457 561 513 quum
579 439 679 499 insula
693 442 799 513 Delos,
815 451 875 502 tarn
889 446 995 515 procul
1009 461 1028 502 a
1041 462 1096 505 no-

76 521 118 580 bis
137 521 169 580 in
184 522 310 594 Aegaeo
331 523 405 580 mari
421 521 535 595 posita,
558 537 619 596 quo
635 537 739 582 omnes
757 524 891 598 undique
906 542 974 585 cum
989 527 1096 587 merci-

76 604 127 663 bus
141 612 237 677 atque
251 600 394 663 oneribus
409 605 632 675 commeabant,
648 606 759 663 referta
771 607 892 678 divitiis,
908 624 1013 681 parva,
1029 609 1097 669 sine

78 701 174 758 muro,
197 683 272 743 nihil
295 683 433 758 timebat,
452 687 542 747 iidem
564 703 624 744 non
641 687 732 746 modo
747 689 911 760 provinciis
926 699 1018 764 atque
1035 692 1097 750 oris

79 767 173 827 ltaliae
187 766 351 852 'maritimis
375 785 410 826 ac
431 770 578 842 portubus
593 768 722 839 nostris,
744 769 798 827 sed
817 772 906 829 etiam
923 772 1022 845 Appia
1037 774 1097 833 iam

80 849 120 908 uia
138 849 335 908 carebamus:
358 858 388 909 et
409 850 446 909 iis
467 850 653 924 temporibus
674 866 735 908 non
758 851 891 923 pudebat
904 854 1097 925 magistratus

81 931 178 1006 populi
191 930 322 1009 Romani
342 930 373 990 in
395 933 475 991 hunc
489 932 590 1006 ipsum
606 935 706 991 locum
724 934 904 1005 escendere,
922 951 1014 1007 quum
1028 951 1098 995 eum

82 1013 160 1075 uobis
180 1013 314 1073 maiores
330 1016 425 1075 nostri
442 1014 563 1075 exuviis
577 1014 705 1074 nauticis
720 1023 750 1074 et
766 1016 910 1075 classium
925 1014 1032 1090 spoliis
1050 1034 1098 1076 or·

82 1105 174 1157 uatum
186 1095 393 1168 reliquissent.

153 1179 232 1238 xlx.
255 1176 305 1238 56.
334 1179 421 1238 Bono
435 1188 466 1239 te
481 1178 580 1238 animo
595 1188 666 1251 tum,
681 1179 714 1252 Q.
728 1178 881 1251 Hortensi,
895 1179 1097 1254 populusRo·

81 1277 180 1321 manus
196 1269 228 1320 et
242 1270 395 1334 caeteros,
411 1263 462 1334 qui
480 1270 565 1321 erant
578 1263 608 1319 in
622 1263 728 1322 eadem
744 1261 900 1332 sententia,
917 1262 1019 1322 dicere
1035 1261 1097 1321 exi-

81 1343 206 1405 stimavit
226 1359 277 1415 ea,
298 1360 376 1418 quae
391 1344 581 1404 sentiebatis:
603 1346 658 1404 sed
672 1353 772 1404 tamen
788 1345 818 1403 in
836 1347 933 1404 salute
948 1345 1098 1406 cummuni

74 1424 152 1487 idern
171 1427 308 1501 populus
322 1427 478 1487 Romanus
499 1427 597 1487 dolori
620 1445 676 1487 suo
697 1427 802 1487 maluit
824 1444 913 1502 quam
928 1426 1098 1487 auctoritati

74 1519 194 1571 vestrae
212 1510 430 1583 obtemperare.
459 1510 564 1584 ltaque
578 1528 639 1569 una
654 1512 718 1583 lex,
733 1526 813 1569 unus
828 1510 889 1579 vir,
905 1527 984 1569 unus
999 1526 1098 1569 annus

71 1607 131 1654 uon
147 1593 242 1651 modo
257 1608 313 1651 nos
328 1591 379 1650 illa
391 1588 514 1652 miserie
527 1602 563 1651 a‘e
577 1593 762 1666 turpitudine
776 1591 921 1662 liberavit,
939 1592 994 1653 sed
1009 1591 1098 1651 e'tiarn

71 1676 188 1744 effecit,
212 1674 428 1749 utaliquando
449 1692 522 1734 vere
543 1674 873 1734 videremur-omnibus
898 1673 1037 1745 gentibus
1061 1689 1097 1731 ac

70 1756 246 1818 nationibus
260 1765 341 1816 terra
353 1757 489 1831 marique
504 1756 663 1831 imperare.
701 1754 752 1817 57.
781 1755 845 1827 Quo
861 1753 932 1812 mihi
949 1757 1037 1813 etiam
1054 1753 1098 1811 in·

70 1840 195 1916 dignius
211 1838 329 1921 videtur
343 1841 541 1899 obtrectatum
556 1856 627 1898 esse
640 1840 749 1909 adhuc,
767 1836 892 1896 Gabinio
908 1835 1006 1894 dicam
1021 1851 1098 1895 anne

70 1921 236 1997 Pompeio,
255 1938 292 1981 an
308 1922 449 1995 utrique,
470 1922 502 1980 id
526 1922 609 1996 quod
632 1930 679 1981 est
699 1921 814 1992 verius,
837 1936 876 1978 ne
897 1920 1047 1992 legaretur
1062 1919 1097 1978 Α.

70 2005 220 2067 Gabinius
239 2005 290 2064 Cu.
313 2004 457 2078 Pompeio
481 2004 634 2077 expetenti
658 2020 693 2062 ae
714 2003 888 2077 postulanti.
915 2003 1021 2061 Utrum
1039 1999 1098 2071 ille,

70 2088 125 2164 qui
146 2089 284 2164 postulet
300 2089 467 2148 adtentum
481 2088 592 2146 bellurn
607 2089 737 2160 legatum
754 2102 844 2160 quem
860 2084 945 2158 velit,
970 2084 1098 2144 idoneus

70 2189 134 2232 non
150 2170 266 2245 estqui
281 2170 435 2245 impetret,
451 2188 542 2245 quum
557 2170 670 2230 caeteri
686 2168 921 2242 adexpilandos
937 2166 1039 2226 socios
1054 2165 1099 2224 di-

70 2252 295 2329 ripiendasque
316 2252 489 2328 provincias
510 2270 588 2328 quos
611 2254 770 2312 voluerunt
790 2252 908 2325 legatos
932 2248 1105 2327 eduxerint,

72 2354 113 2398 an
135 2337 223 2411 ipse,
243 2336 331 2397 euius
346 2336 413 2410 lege
431 2338 515 2395 salus
529 2352 565 2394 ac
580 2335 710 2411 dignitas
725 2334 841 2408 populo
856 2333 994 2392 Romano
1009 2339 1100 2404 atque

73 2420 217 2480 omnibus
236 2417 376 2491 gentibus
398 2419 560 2479 constituta
583 2427 644 2488 est,
667 2434 779 2491 expers
795 2431 865 2474 esse
883 2415 973 2473 debet
987 2413 1100 2486 gloriae

74 2504 141 2563 eius
161 2499 356 2576 imperatoris
377 2501 555 2574 alquerius
576 2498 826 2577 exereitus,„qui
849 2495 976 2556 consilio
1002 2495 1100 2568 ipsius

76 2602 113 2645 ae
131 2583 269 2660 periculo
287 2591 335 2643 est
354 2583 555 2642 constitutus?
582 2582 632 2644 58.
653 2585 702 2641 Au
722 2583 751 2641 C.
765 2580 932 2650 FalcidiuS,
950 2578 981 2650 Q.
998 2578 1101 2637 Metel-

77 2671 138 2745 lus,
154 2668 190 2741 Q.
206 2667 326 2726 Caellus
340 2660 531 2737 Latiniensis,
548 2664 599 2723 Cn.
612 2666 773 2736 Lentulus,
788 2679 867 2738 quos
883 2678 988 2722 omnes
1004 2658 1100 2720 ho'no-

78 2751 119 2810 ris
133 2765 228 2811 eausa
243 2748 375 2818 nomino,
392 2766 483 2823 quum
498 2747 608 2807 tribuni
623 2747 703 2819 plebi
718 2748 855 2816 luissent,
869 2760 948 2804 anno
962 2742 1102 2818 proximo

82 2834 167 2907 legati
187 2848 259 2892 esse
281 2839 458 2906 potuerunt:
480 2831 593 2898 inuno
613 2829 740 2890 Gabinio
762 2838 833 2890 sunt
852 2837 912 2888 tam
933 2825 1102 2897 diligentes,

85 2915 175 2988 quiin
193 2915 251 2974 hoc
268 2915 364 2984 bello,
381 2915 463 2987 quod
479 2914 546 2985 lege
561 2912 688 2970 Gabinio
702 2913 830 2984 geritur,
853 2909 882 2968 in
898 2909 957 2967 hoc
974 2908 1102 2978 impera·

84 3004 144 3056 tore
157 3005 249 3072 atque
263 2996 407 3066 exercitu,
424 3011 514 3069 quem
525 3012 581 3068 per
592 3011 648 3053 vos
659 2994 727 3066 ipse
739 2991 900 3063 constituit,
915 2988 1004 3048 etiam
1016 3002 1103 3059 prae·

89 3079 169 3152 cipuo
187 3079 252 3140 iure
267 3095 338 3138 esse
353 3079 499 3138 deberet?
520 3078 639 3150 Deque
655 3076 785 3149 legando
801 3073 945 3132 consules
959 3084 1050 3143 spero
1065 3068 1104 3127 ad

91 3170 217 3222 senatum
230 3165 388 3222 relaturos.
428 3158 484 3231 Qui
501 3159 528 3218 si
545 3158 724 3218 dubitabunt
738 3165 789 3215 aut
805 3154 1022 3228 gravabuntur,
1046 3167 1103 3225 ego

92 3255 130 3304 me
149 3245 294 3320 profiteor
315 3245 492 3312 relaturum,
515 3256 615 3314 neque
635 3255 683 3297 me
697 3238 841 3311 impediet
857 3235 1035 3311 cuiusquam
1049 3233 1104 3293 ini-

94 3325 188 3388 micum
203 3327 349 3398 edictum,
367 3341 428 3399 quo
446 3323 545 3383 minus
562 3321 651 3382 vobis
670 3322 764 3380 fretus
780 3327 912 3379 vestrum
929 3319 976 3379 ius
990 3317 1103 3378 benefi-

95 3405 221 3486 liumque
235 3410 413 3481 delendam,
427 3421 528 3483 neque
542 3412 663 3481 praeter
675 3401 925 3463 intercessionem
940 3400 1105 3477 quidquam
