2356 3854
84 171 148 247 aaa
295 112 430 234 'rao
454 172 510 232 cu.
524 170 687 243 annucio
700 170 855 269 onnrrc.
963 130 966 135 ’

83 326 155 389 tutis
170 339 279 397 cursus
296 323 334 382 ad
353 321 499 397 gloriam:
520 321 580 382 hoc
592 321 709 382 facilior
724 322 866 394 fortasse,
883 322 968 397 quod
981 337 1034 396 ego
1091 331 1106 338 “

42 434 49 448 ,
83 429 102 470 c
117 424 164 468 me
180 416 263 468 ortus
278 413 308 465 et
322 421 376 478 per
394 422 441 464 me
457 406 545 464 nixus
560 404 696 477 ascendi,
710 404 799 465 istius
811 406 937 479 egregia
955 404 1106 474 virtue*-

82 490 234 563 iuvabitur
250 489 511 548 commendatione
524 488 679 556 maiorum.
710 487 772 548 Sed
789 497 823 547 ut
837 488 962 548 redeam
975 489 1013 548 ad
1027 488 1106 550 l?

83 577 178 644 cium,
200 589 362 646 numquam
375 587 414 630 ex
426 570 500 630 urbe
520 569 547 629 is
559 570 634 630 afuit
649 569 706 638 uisi
718 570 903 643 sorte‚¹legc,
919 569 1106 646 uecessL

82 675 142 718 non
165 657 258 715 valuit
277 655 370 713 rebus
389 653 497 713 iisdem
514 652 624 727 quibus
639 654 770 733 fortasse
786 666 846 713 non
863 655 954 713 nulli:
976 663 1008 715 at
1024 672 1106 728 ῃ

82 739 273 807 adsiduitate,
289 736 384 796 valuit
400 736 600 797 observandis
615 736 730 810 amicis,
745 735 840 832 ualuit
852 736 1106 810 liberalite&

82 822 113 884 in
132 823 244 882 oculis:
255 819 385 894 *pertrita
404 835 440 879 ea
456 828 503 880 est
518 836 593 880 usus
607 818 731 879 ratione.
739 828 836 892 vilae,
860 837 924 897 (tua
937 820 1106 898 minirQ

17 900 21 914 '
82 906 165 966 vidia
187 905 257 963 novi
274 904 413 962 iromines
431 901 550 977 plurimi
567 910 638 962 sunt
657 903 783 962 eosdem
793 897 936 964 honores
951 907 1106 980 con&⁴

144 987 277 1049 xxllltl.
299 985 350 1047 dat.
367 986 440 1044 Nam
466 986 550 1059 quod
570 985 632 1058 ais,
647 985 750 1057 Cassi,
772 1002 833 1045 non
844 987 917 1059 plus
932 1003 982 1046 me
994 987 1106 1068 P-2

83 1072 196 1132 debere
211 1082 300 1144 quam
316 1067 406 1128 honis
425 1068 575 1141 omnibus,
595 1069 677 1142 quod
692 1067 729 1127 iis
745 1083 845 1144 acque
859 1085 930 1129 mea
946 1071 1095 1147 salu}

84 1154 188 1227 fucrit,
213 1168 270 1226 ego
287 1168 334 1210 me
353 1152 464 1211 debere
486 1151 574 1211 bonis
590 1150 730 1212 omnibus
746 1153 851 1212 fateor.
898 1152 961 1212 Sed
983 1156 1106 1236 05³3

84 1239 195 1312 quibus
210 1251 268 1308 ego
284 1235 391 1301 debeo,
410 1233 482 1293 boni
494 1233 551 1293 viri
565 1242 595 1294 et
606 1229 690 1294 cives
701 1234 831 1295 comitiis
842 1236 993 1296 aediliciis
1002 1253 1106 1333 511·OE

71 1336 118 1380 'sc
134 1335 202 1379 mec
220 1316 339 1376 nornine
355 1316 476 1376 Plancio
492 1317 603 1376 debere
615 1317 765 1377 dicebant.
783 1319 899 1378 Verum
915 1320 964 1381 fac
978 1335 1106 1405 runem

83 1402 122 1462 tis
138 1402 250 1461 debere
268 1408 297 1460 et
312 1399 341 1458 in
357 1398 394 1458 iis
405 1399 542 1459 Plancio:
557 1409 655 1460 utrum
670 1399 760 1475 igitur
771 1417 820 1461 me
833 1403 1044 1466 conturbare
1055 1433 1106 1492 upon

82 1494 172 1545 letan
192 1481 334 1551 caeteris,
349 1499 441 1555 quum
454 1482 603 1557 cuiusque
614 1484 680 1544 dics
692 1483 817 1557 venerit,
829 1484 890 1544 hoc
901 1501 1040 1562 nomen,
1050 1509 1102 1571 qm

83 1577 184 1643 urget,
208 1581 288 1625 nunc
307 1582 399 1640 quum
419 1565 529 1639 petitur
545 1565 737 1627 dissolveret
756 1567 946 1644 Quamquam
959 1568 1090 1641 dissimuli

15 1698 20 1704 .
83 1660 131 1712 est
144 1650 291 1725 pecuniae
309 1648 422 1709 debitio
438 1656 467 1708 et
482 1648 604 1722 gratiae.
632 1650 705 1709 Nam
721 1650 773 1725 qui
789 1653 953 1726 pecuniam
965 1650 1079 1732 dissoluit

84 1734 182 1794 statim
199 1750 258 1795 non
277 1733 366 1791 habet
380 1731 419 1800 id,
437 1732 520 1805 quod
531 1731 682 1798 reddidit:
698 1733 750 1808 qui
765 1743 866 1794 autem
880 1735 978 1808 debet,
995 1749 1084 1801 aare.

82 1818 156 1877 tinet
171 1819 317 1877 alienum:
339 1814 464 1889 gratiam
478 1823 576 1875 autern
589 1823 619 1875 et
633 1814 684 1889 qui
701 1817 793 1877 refert
811 1817 904 1884 habet
917 1826 947 1878 et
959 1815 1003 1891 qui
1014 1815 1068 1877 itia

82 1899 112 1959 in
130 1899 258 1973 ocioso,
276 1898 358 1972 quod
377 1898 482 1969 habet,
494 1899 593 1959 refert.
637 1898 743 1973 Neque
758 1916 816 1974 ego
829 1916 911 1960 nunc
926 1896 1063 1959 Plancicfe

83 1980 180 2041 sina'm
195 1983 317 2052 debere,
335 1980 362 2039 si
384 1981 442 2040 lroc
457 1981 593 2040 solvet-02
609 1997 665 2041 nec
681 1981 779 2042 minus
795 1982 823 2042 ei
837 1980 1061 2043 redder‘crnrolu
1098 1985 1102 1996 “

84 2073 143 2124 late
160 2065 237 2136 insa.
250 2065 276 2123 si
292 2065 350 2123 troc
361 2052 522 2123 ‘molestiae
536 2080 595 2123 non
613 2064 785 2125 accidisset
822 2065 874 2127 69.
887 2064 1059 2140 Quaerisant
1086 2137 1087 2145 ἵ

85 2145 179 2214 Cassi,
194 2147 264 2220 quid
283 2163 337 2219 pro
354 2148 443 2205 fratre
455 2162 531 2217 meo,
552 2147 604 2220 qui
619 2146 690 2205 mihi
702 2156 749 2207 est
761 2147 946 2220 carissimua
964 2143 1058 2222 quidm

86 2229 160 2289 meis
174 2228 290 2296 liberis,
314 2229 424 2302 quibus
437 2228 510 2287 nihil
521 2227 591 2288 milri
605 2239 705 2304 potest
716 2247 786 2291 esse
799 2231 967 2304 iucundius,
978 2221 1058 2298 unul!
1089 2259 1091 2267 ·

85 2331 174 2387 currum
196 2330 250 2386 pro
271 2311 392 2372 Plancio
415 2311 492 2371 facio
520 2312 619 2373 facere
641 2314 778 2388 passima
793 2331 852 2375 nec
874 2315 965 2377 vides.
979 2310 1058 2395 iuuit?
1099 2311 1102 2334 '

85 2395 220 2468 ipsorum
245 2396 368 2456 caritate
382 2396 419 2454 ad
437 2392 527 2455 huius
542 2399 669 2456 salutem
680 2397 906 2460 defendendam
920 2388 1057 2458 maximill-

86 2478 191 2536 mulari
214 2495 260 2537 me
283 2489 374 2552 atque
398 2478 534 2538 ercituri.
578 2479 651 2539 Nam
673 2496 773 2554 ncque
791 2480 850 2541 illis
864 2474 1057 2542 cuiusnam·
1088 2530 1106 2557 q.

82 2577 147 2634 quo
163 2577 259 2620 mcum
282 2561 381 2620 sciunt
396 2578 467 2621 esse
482 2563 655 2636 defensam,
678 2562 844 2640 quidquam
859 2547 1057 2639 coropalati

84 2659 141 2717 ego
157 2642 225 2716 ipsc
242 2661 405 2717 nunnunquam
422 2644 489 2703 illos
503 2644 621 2720 aspicio
640 2646 723 2719 quin,
740 2665 832 2722 quum
850 2665 904 2722 per
919 2647 987 2708 hunc
998 2648 1027 2697 ml

85 2735 295 2787 conservatum
312 2743 384 2786 esse
397 2727 596 2802 meminerim„
606 2728 695 2790 huius
703 2731 839 2791 meritum
859 2731 888 2790 in
904 2712 1056 2790 marceat&-
1080 2756 1082 2761 .
1100 2722 1106 2781 ’2

146 2809 293 2883 Opimium
308 2810 480 2872 damnatum
493 2829 564 2872 esse
576 2828 805 2886 commemorari,
817 2802 1055 2898 servatoreuiultgl
1086 2875 1089 2884 q

83 2893 128 2952 rci
146 2889 299 2969 pacificae:
318 2894 463 2955 Calidium
482 2894 632 2969 adiungis,
642 2895 733 2955 cuius
749 2897 817 2970 lege
833 2897 867 2971 Q.
880 2888 1054 2958 Metellum*
1103 2940 1106 2948 .

84 2976 205 3037 vitatem
221 2980 259 3037 sit
275 2979 443 3039 recuccus:
468 2978 667 3052 reprehendis
689 2994 773 3039 meus
789 2997 845 3054 pro
860 2980 974 3041 Plancio
986 2968 1053 3048 ΡΜ

86 3063 166 3131 quum
188 3079 286 3136 ncrquc
303 3062 439 3136 Opimius
461 3079 518 3121 suo
538 3063 658 3131 nomine
674 3062 818 3124 liberatus
833 3063 873 3124 sit
888 3075 979 3138 neque
989 3038 1053 3126 0-1*

85 3144 144 3199 tolli
162 3145 293 3202 Calidius
328 3147 428 3204 xxix.
448 3147 488 3204 ilc
505 3145 619 3205 Calidio
637 3147 687 3207 tihi
703 3155 815 3208 tantum
830 3114 1054 3225 respondentia

85 3219 151 3291 iuae
167 3227 243 3283 ridi:
274 3228 306 3298 Q.
327 3229 475 3288 Metellum
498 3229 580 3289 Pium
608 3231 764 3289 consulem
790 3231 952 3305 praetoriis
968 3216 1054 3296 coralli·

87 3312 204 3374 Pfflellle
221 3311 252 3378 Q·
272 3310 401 3377 Calidio,
426 3314 540 3385 poprrlo
555 3316 690 3373 Romano
709 3314 917 3388 supplicasse
937 3300 1054 3387 qutlfss'lbh
1084 3368 1088 3376 .

85 3382 226 3447 domnoc
243 3391 394 3459 dubitaret
410 3403 440 3454 el
455 3397 563 3455 corusci
579 3405 610 3465 et
625 3397 714 3457 homo
729 3396 936 3469 nobilissimus
949 3378 1054 3470 poutifl
1081 3418 1104 3471 q
