2356 3854
277 192 380 272 ¹cae.
397 199 528 254 ar-ao.
548 199 720 332 §.or-ra.
812 284 814 298 Ι
909 269 912 272 ,
949 198 1013 265 eae

70 341 155 401 llum
178 348 312 401 suamet
330 342 459 402 lamiliae
483 346 582 422 [suae]
601 345 807 406 nobilissimae
828 348 946 409 dicere.
961 346 1011 412 to.
1070 376 1074 386 ¹

70 439 130 483 oco
146 439 261 497 quaero
282 434 365 486 exte
381 442 451 485 num
472 425 525 484 id
517 442 546 484 ιιι
560 427 672 488 iudicio
688 428 791 488 Calidii
808 439 911 504 pules,
927 435 1011 506 (ιιοιι

70 523 78 563 ι
99 505 214 565 Plancii
227 505 321 578 lucio,
344 516 396 568 aut
405 509 559 567 Metellum
572 509 672 580 Pium,
694 511 721 571 si
736 513 850 571 Ronrae
871 531 942 575 esse
956 532 1012 590 po-

70 596 95 662 l,
110 598 162 650 aut
174 599 290 663 patrem
302 589 376 661 eius,
391 592 415 652 si
429 590 566 666 vixisset,
577 608 637 651 non
651 592 746 653 luisse
759 596 926 656 lucturum.
923 598 1010 660 Nam

70 671 224 747 iquidem
243 673 397 734 calamitas
416 674 528 735 utinam
551 690 588 734 ex
609 674 762 735 hominum
779 679 920 737 memoria
939 697 1009 754 pos·
1060 676 1061 681 ’

71 755 146 814 ellit
167 756 287 817 Vulnus
303 757 375 816 illud
393 757 606 831 reipublicae,
627 759 762 817 dedecus
778 758 888 817 huius'
881 762 1023 834 imperii,

70 839 132 898 ndo
149 839 255 913 populi
265 840 406 910 Romani,
419 857 480 899 non
497 839 642 907 iudicium
656 842 822 915 putandum
836 850 883 902 est
913 841 1008 915 Quam
1079 861 1083 868 ·

70 919 117 979 illi
131 920 265 993 iudices,
289 921 315 981 si
333 922 449 982 iudices
465 931 495 982 et
516 940 575 983 nen
599 923 768 997 parricidae
783 924 898 997 patriae
914 926 1010 985 norni-

90 1013 175 1077 sunt,
193 1004 364 1079 graviorem
379 1014 542 1078 potuerunt
554 1008 598 1065 rei
614 1005 753 1080 prrblieae
768 1005 905 1080 infligere
921 1023 1009 1067 secu·

70 1095 271 1162 ruam‘quum
286 1086 369 1147 illum
385 1105 402 1147 e
423 1087 543 1148 civitate
561 1087 724 1160 eiecerunt,
740 1087 791 1162 qui
808 1099 930 1162 praetor
944 1089 1008 1148 lini·

70 1171 186 1230 consul
200 1170 369 1230 domestico
388 1171 466 1230 bello
483 1187 547 1230 rem
565 1172 712 1245 publicam
728 1171 889 1238 liberarat?
904 1167 953 1232 il.
970 1178 1010 1234 nt

73 1250 169 1313 nimis
190 1269 248 1328 ego
270 1270 411 1327 magnum
424 1253 604 1314 beneficium
618 1254 731 1314 Plancii
751 1256 829 1314 lucio
846 1263 890 1326 et,
905 1264 936 1316 ut
951 1255 1007 1327 ais,

70 1333 131 1396 reia
144 1351 314 1410 exaggero:
340 1336 428 1411 quasi
444 1353 515 1407 vero
531 1345 644 1397 metuo
659 1337 801 1398 arbitratu
816 1348 845 1398 et
862 1334 923 1398 ιιοιι
939 1355 1006 1404 naeu
1047 1343 1050 1347 '

70 1430 177 1480 nesse
198 1427 347 1493 oporteat.
391 1419 477 1492 Quod
493 1419 581 1480 istius
596 1428 708 1481 tantum
724 1420 876 1493 meritum,
892 1422 1009 1498 ioquitl

70 1501 116 1561 tia
134 1509 164 1562 te
177 1518 237 1561 non
253 1501 421 1576 iugulavit?
439 1504 533 1562 lmmo
548 1519 643 1573 vero,·
661 1504 731 1577 quia
745 1504 878 1578 iugulari
895 1521 1006 1580 passus

70 1593 112 1645 st
141 1584 347 1659 Quoquidem
362 1593 394 1646 tu
409 1586 487 1658 loeo,
504 1585 599 1657 Cassi,
614 1587 703 1644 eliam
722 1587 855 1659 purgasti
868 1588 1008 1646 inimicos
1058 1606 1062 1618 ·
1083 1633 1091 1639 .

76 1683 237 1741 meaeque
260 1667 339 1727 vitae
361 1669 459 1727 nullas
488 1667 604 1726 abillis
625 1667 753 1728 insidias
778 1668 872 1727 lirisse
895 1669 1007 1728 dixisti.

70 1751 161 1811 llroc
182 1749 264 1810 idem
282 1750 465 1810 Laterensis.
509 1748 603 1822 Quam
621 1749 663 1806 ob
685 1765 748 1808 rem
765 1751 866 1823 paullo
883 1760 953 1823 post
968 1751 1006 1808 de
1046 1796 1048 1807 .

70 1833 147 1893 »lura
163 1831 279 1893 dicam·
299 1833 338 1892 de
354 1842 383 1893 te
397 1841 511 1893 tantum
525 1830 663 1919 requiro,
684 1837 779 1890 ulrum
798 1840 886 1905 putes
904 1831 1005 1891 odium
1026 1863 1029 1868 ·

85 1916 261 1976 mediocre
253 1915 441 1975 mimicorum
456 1914 553 1974 luisse
572 1947 610 1958 -
622 1899 715 1988 quod
732 1916 785 1974 luit
800 1916 927 1974 ullorum
944 1932 1006 1974 um·
1032 1960 1036 1969 ,

90 1999 286 2060 barbarorum
307 2007 366 2060 lam
381 1998 511 2058 immane
531 2013 568 2056 ac
587 2005 649 2056 tom
671 1998 823 2057 crudele
817 2015 845 2058 m
869 1999 1007 2060 hosteml

70 2096 91 2141 n
115 2083 239 2143 luisse
231 2101 261 2142 m
282 2081 319 2141 iis
336 2081 468 2156 aliquem
488 2089 541 2141 eut
555 2082 653 2140 lamae
675 2089 784 2141 metum
798 2090 857 2145 aut
878 2097 1005 2155 poenae,

70 2182 105 2251 ,m
123 2165 226 2226 vidisti
240 2174 303 2226 toto
318 2163 370 2225 illo
384 2181 465 2229 anuo
483 2165 594 2224 lerrum
610 2162 640 2222 io
659 2164 733 2232 loro,
751 2163 899 2223 llammum
910 2163 938 2222 in
952 2163 1005 2222 de-

77 2241 163 2322 ‚vim
181 2249 210 2307 in
225 2255 287 2310 tota
305 2249 379 2309 urbe
392 2246 531 2307 versarii
545 2247 609 2306 Nisi
625 2248 702 2306 lorte
717 2247 874 2307 existimas
889 2262 945 2304 eos
961 2244 1005 2304 id-

71 2332 155 2393 vilae
170 2348 257 2391 meae
274 2331 482 2406 pepercisse,
488 2331 571 2405 quod
593 2330 631 2388 de
651 2329 748 2389 reditu
764 2336 831 2389 meo
846 2345 903 2387 ιιοιι
922 2327 1005 2388 time-

71 2412 112 2475 Et
127 2431 309 2510 quemquam
324 2424 413 2489 pulos
429 2414 525 2474 luisse
543 2422 601 2474 tam
617 2414 780 2472 excordem
800 2411 851 2486 qui
868 2409 945 2470 titis
957 2410 1006 2470 lris

70 2498 167 2559 urbe
179 2505 213 2557 et
228 2514 310 2557 curra
324 2498 488 2558 rediturum
506 2513 568 2567 me,
586 2493 776 2563 siviterem,
794 2511 852 2553 non
870 2500 1007 2568 pntooett
1065 2564 1068 2574 Ι

84 2582 199 2641 obrem
210 2597 269 2640 non
286 2580 404 2640 debes
396 2598 423 2640 rs
440 2581 530 2641 homo
546 2587 577 2640 et
592 2580 619 2638 is
634 2579 709 2638 civis
727 2578 903 2654 praedicare
915 2577 1006 2637 viarm

70 2709 90 2737 ,
112 2681 190 2738 quae
215 2663 358 2723 fidelitate
374 2662 538 2723 amicorum
554 2671 734 2722 conservata
747 2661 800 2733 sit,
819 2662 1006 2722 inimicorum
1038 2715 1043 2731 ,

70 2745 118 2807 tia
132 2764 193 2807 non
210 2763 281 2806 esse
299 2748 472 2819 appetitam.

70 2814 128 2889 XX.
147 2827 196 2891 72.
217 2829 425 2904 Respondebo
441 2827 492 2887 tibi
507 2844 602 2899 nune,
619 2827 808 2895 Laterensis,
827 2827 927 2885 minus
945 2826 1004 2883 lor

70 2913 275 2984 veliementer,
292 2928 381 2986 quam
394 2911 449 2970 abs
461 2919 490 2971 te
502 2927 568 2970 sum
582 2920 781 2984 provocatus
798 2911 852 2967 sed
870 2909 1005 2980 prolecto

70 2998 243 3057 onsiderate
260 2996 358 3056 minus
377 3010 433 3054 nec
447 2993 557 3057 miuus
570 2991 675 3052 amice.
720 2993 791 3050 Nam
809 2992 934 3064 primunr
951 2986 1006 3048 luit

70 3079 219 3153 asperius,
229 3095 277 3139 me
293 3094 371 3154 quae
387 3079 425 3138 de
436 3076 557 3136 Plancio
573 3075 705 3135 dicerem
719 3074 833 3132 mentiri
845 3081 874 3130 et
890 3081 1005 3144 ternpo-

70 3180 135 3223 rusa
155 3165 278 3238 lingere.
324 3161 446 3221 Scilicet
467 3158 557 3218 homo
579 3156 703 3231 sapiens
724 3154 892 3231 excogitari
916 3170 1006 3226 ipram

70 3263 103 3306 m
125 3247 245 3306 viderer
268 3243 407 3305 maximis
423 3241 562 3303 benclleii
585 3240 692 3299 vinclis
713 3238 890 3298 obstrictus.
914 3254 1004 3311 murm

76 3347 174 3390 essem
193 3340 223 3390 et
244 3330 370 3389 solutus.
415 3325 492 3400 Quid
512 3324 612 3384 enim?
631 3321 701 3383 milri
723 3322 760 3380 ad
783 3320 1007 3379 ‹lotendondnm

72 3412 131 3473 ium
146 3429 253 3489 porum
266 3414 391 3484 multae,
417 3426 523 3485 parum
543 3407 640 3468 iustae
656 3405 897 3547 nece3sl'updines
922 3412 1007 3464 erant
