2356 3854
433 172 516 231 cAP.
530 180 627 257 Η.
648 177 802 275 §.s-123
1063 168 1123 233 act

90 322 242 383 intulisse.
287 322 349 383 Sed
365 322 412 382 vis
426 322 602 382 calamitosa
619 330 680 392 est,
703 338 792 396 quarn
811 321 870 380 illis
888 321 1064 381 intulerunt=
1092 320 1124 380 li-

88 406 165 464 bido
187 405 353 480 flagitiosa,
372 422 434 480 qua
445 404 645 466 Antoniorum
666 403 759 467 oblita
783 410 830 463 cst
851 403 920 464 vita.
963 404 1018 464 Est
1036 398 1126 477 igitur

91 489 271 563 quisquam,
289 487 341 563 qni
355 488 461 549 hostes
475 488 631 562 appellare
647 502 707 546 non
722 486 846 559 audeat,
864 503 991 560 quorum
1007 487 1125 546 scelere

89 571 300 632 crudelitatem
312 566 609 646 Karthaginiensium
622 571 731 629 victam
742 585 814 628 esse
826 570 974 629 fateatur?
996 571 1046 627 lV.
1061 568 1126 644 Qua

88 652 172 715 enim
196 655 227 714 in
246 656 322 716 urbe
344 664 402 715 tam
422 653 565 714 immanis
579 652 728 712 Hannibal
747 658 837 726 capta
855 667 944 725 quam
968 651 997 709 in
1017 652 1125 712 Parma

87 747 232 812 surrepta
246 738 419 807 Antonius?
449 737 514 797 Nisi
529 739 605 797 lorte
621 737 712 796 huius
728 733 868 796 coloniae
884 742 913 793 et
929 741 1123 809 caeterarum,
1149 806 1152 811 ¹

70 819 122 880 ⁴in
138 837 215 895 quas
232 823 340 880 eodem
356 829 403 879 est
416 821 531 892 animo,
552 837 612 880 non
634 826 683 880 cst
696 818 794 878 hostis
811 818 974 892 putandus.
1017 815 1067 877 10.
1091 818 1124 878 Si

77 919 166 983 ⁸vero
183 906 369 965 coloniarum
381 910 411 962 et
422 902 653 976 municipiorum
669 902 736 961 sine
748 902 810 960 ulla
823 898 1010 960 dubitatione
1026 899 1123 960 bostis

88 995 155 1057 est,
176 986 249 1061 quid
265 987 387 1046 tandem
403 986 493 1047 huius
509 984 642 1045 censetis
655 983 756 1055 urbis,
773 1000 865 1058 quam
879 982 929 1041 ille
945 982 984 1040 ad
999 983 1124 1069 explen-

86 1069 147 1128 das
173 1076 326 1142 egestates
348 1068 495 1128 latrocinii
516 1069 563 1128 sui
591 1065 786 1141 concupivit?
813 1082 903 1140 quam
927 1063 986 1124 iam
1007 1063 1124 1138 peritus

85 1159 218 1212 metator
233 1160 263 1210 ct
278 1151 405 1210 callidus
423 1152 612 1225 decempeda
633 1167 688 1210 sua
704 1149 785 1209 Saxa
800 1148 967 1208 diviserat?
1008 1149 1120 1207 Recor-

86 1233 220 1306 damini,
241 1249 296 1307 per
318 1234 392 1294 deos
415 1233 615 1296 immortales!
648 1241 751 1308 patres
773 1231 953 1306 conscripti,
973 1229 1125 1306 quidhoc
1149 1246 1154 1258 ¹

84 1316 184 1376 biduo
207 1314 393 1375 timuerimus
421 1333 438 1376 a
459 1317 635 1378 domesticis
656 1315 796 1376 hostibus
816 1314 989 1375 rumoribus
1010 1315 1122 1388 impro-

84 1397 225 1458 bissimis
253 1397 419 1473 dissipatis.
464 1398 537 1474 Quis
562 1400 690 1474 liberos,
717 1401 786 1473 quis
808 1398 967 1473 coniugem
983 1397 1124 1473 aspicere

86 1490 209 1557 poterat
223 1480 289 1542 sine
303 1481 392 1554 lletu,
410 1484 478 1558 quis
495 1484 631 1556 domum,
650 1481 718 1558 quis
733 1491 827 1556 tecla,
844 1481 913 1557 quis
928 1484 1021 1541 larem
1036 1479 1122 1541 lami·

86 1567 218 1624 liaremt
259 1565 321 1626 Aut
340 1566 549 1627 foedissimam
566 1575 692 1627 mortem
717 1582 824 1626 omnes
845 1575 898 1626 ant
918 1564 1122 1625 miserabilem

85 1649 191 1722 lugam
218 1647 400 1721 cogitabant.
443 1651 526 1709 llaec
548 1666 566 1708 a
589 1650 701 1723 quibus
719 1649 915 1719 timebantur,
938 1664 993 1708 eos
1014 1647 1122 1706 hostes

86 1732 244 1805 appellare
263 1730 457 1791 dubitamus?
501 1731 628 1791 Gravius
651 1731 762 1804 siquis
784 1730 915 1790 attulerit
936 1745 1061 1799 nomen,
1088 1728 1121 1788 li-

83 1813 195 1874 benter
216 1813 385 1872 adsentiar:
402 1808 476 1873 'hoe
497 1815 612 1887 vulgari
640 1820 800 1873 contentus
822 1811 874 1871 vix
899 1829 981 1884 sum,
1006 1810 1121 1870 leviore

84 1912 150 1956 non
172 1905 250 1957 utar.

151 1977 200 2040 11.
222 1980 328 2052 ltaque
353 1995 446 2053 quum
460 1976 708 2053 ,supplicationes
729 1977 912 2050 iustissimas
934 1994 973 2038 ex
991 1979 1030 2039 iis
1044 1978 1120 2040 litte·
1173 2048 1176 2053 ,

85 2063 147 2134 ris,
167 2078 247 2136 quae
268 2062 410 2122 recitatae
430 2070 516 2132 sunt,
536 2061 706 2137 decernere
728 2062 893 2121 debeamus
910 2058 1120 2136 Serviliusque

87 2144 272 2216 decreverit,
305 2145 424 2219 augebo
455 2143 578 2205 omnino
604 2160 759 2204 nnmerum
786 2143 915 2216 dierum,
942 2146 1120 2218 praesertim

86 2238 181 2303 quum
197 2229 396 2290 communiter
410 2227 505 2288 tribus
520 2225 648 2287 ducibus
664 2229 724 2286 sint
735 2227 954 2287 decernendae.
983 2227 1045 2286 Sed
1060 2227 1120 2286 boe

86 2311 216 2388 primum
238 2312 360 2386 faciam,
382 2319 415 2371 ut
435 2311 633 2385 imperatores
652 2312 805 2386 appellem
816 2326 886 2380 eos,
910 2325 1039 2383 quorum
1060 2310 1118 2367 vir·

85 2405 164 2469 tute,
193 2394 337 2465 consilio,
360 2393 503 2459 felicitate
523 2392 661 2453 maximis
683 2392 827 2468 periculis
854 2393 1007 2466 servitutis
1027 2402 1119 2467 atque

77 2478 226 2540 interitus
251 2477 367 2539 liberati
389 2495 504 2538 sumus.
547 2478 664 2536 Etenim
686 2476 735 2536 cui
751 2475 854 2550 viginti
876 2475 923 2535 his
937 2475 1025 2536 annis
1047 2493 1118 2550 sup-

87 2563 211 2638 plicatio
226 2561 347 2621 decreta
362 2569 423 2633 cst,
446 2570 552 2621 utnon
569 2562 734 2636 imperator
747 2560 952 2634 appellaretur
966 2569 1018 2621 aut
1032 2558 1118 2619 mini-

86 2645 146 2704 mis
167 2645 260 2704 rebus
276 2644 370 2718 gestis
392 2653 445 2702 aut
458 2645 636 2718 plerumque
657 2645 768 2704 nullist
811 2643 905 2717 Quam
928 2643 967 2704 ob
989 2650 1121 2702 remant

88 2727 274 2802 supplicatio
295 2727 334 2786 ab
356 2741 408 2797 eo,
429 2726 572 2800 quiante
585 2726 675 2798 dixit,
697 2728 890 2788 decernenda
911 2743 971 2786 non
993 2726 1049 2785 luit
1068 2733 1120 2785 aut

85 2812 217 2873 usitatus
237 2810 336 2869 honos
359 2811 616 2883 pervulgatusque
632 2810 809 2870 tribuendus
826 2809 878 2882 iis',
895 2808 1006 2884 quibus
1029 2806 1119 2866 etiam

84 2892 159 2955 noui
182 2893 414 2968 singularesque
434 2891 591 2951 debentur.
634 2893 672 2950 V.
695 2891 745 2963 12.
766 2895 814 2951 An
834 2892 947 2965 siquis
967 2889 1117 2964 Hispano-

84 2994 153 3038 rum
175 2985 227 3036 aut
239 2975 391 3036 Gallorum
411 2984 464 3035 aut
477 2975 624 3034 Thracum
644 2972 725 3034 mille
745 2982 797 3033 ant
813 2974 875 3033 duo
892 2973 972 3032 milia
988 2973 1118 3033 occidis·

85 3068 150 3132 set,
168 3060 226 3119 bac
242 3058 478 3130 consuetudine,
496 3074 576 3132 quae
591 3056 768 3130 increbruit,
784 3054 1001 3130 imperatorem<
1014 3057 1118 3131 appel-

84 3145 164 3204 laret
176 3151 315 3202 senatuse
329 3150 374 3202 tot
388 3140 559 3215 legionibus
571 3141 680 3211 caesis,
691 3148 774 3200 tanta
786 3139 974 3200 multitudine
986 3139 1118 3198 hostium

83 3226 246 3288 interiecta
263 3256 299 3270 --
315 3223 448 3285 hostium
463 3224 556 3284 dicct
579 3224 638 3296 ita,
655 3222 794 3297 inquam,
812 3222 959 3295 hostium,
978 3221 1117 3297 quamvis

84 3310 148 3370 hoc
163 3308 213 3369 isti
228 3309 334 3368 hostes
344 3306 502 3368 domestici
514 3306 618 3378 nolin-t,
630 3305 806 3367 clarissimis
821 3305 951 3366 ducibus
964 3305 1115 3380 supplica-

85 3393 205 3454 tionum
215 3392 362 3453 honorem
376 3390 554 3465 tribuemus,
567 3388 794 3464 imperatorium
805 3406 914 3451 nomen
927 3390 1118 3450 adimemust

1042 3634 1047 3649 ,
1081 3592 1156 3636 Δ
