2356 3854
81 134 146 257 sto
353 184 360 193 ¹·
383 144 503 245 asor.
518 182 643 245 sumn
658 182 809 243 omno.

1 375 3 384 ν
83 356 133 401 me
148 352 219 397 esse
238 334 400 406 amissum,
427 334 454 393 sl
475 331 549 408 quid
569 341 617 392 est
635 331 687 393 tibi
699 331 861 393 remissum
876 341 971 409 atquo
984 350 1093 396 concas

86 438 162 483 sum.
191 419 287 492 Quum
301 417 370 476 illae
383 417 485 476 valent
499 416 581 490 apud
595 432 644 474 me
660 416 1018 478 excusationesiniurino
1028 426 1094 493 tuse

84 504 179 565 iratus
194 500 312 561 animus
327 508 413 572 tuus,
427 506 526 579 aetas,
542 497 673 558 amicitia
688 507 806 572 nostra,
822 506 887 558 tum
902 501 1036 561 nondum
1047 510 1094 563 tta

86 597 138 648 tuo
155 594 185 645 te
198 582 305 643 virium
321 581 395 642 satis
409 581 537 654 habere,
557 587 591 640 nt
607 597 667 656 ago
682 588 782 641 tecum
796 582 904 642 luctari
921 591 954 644 ot
967 582 1096 659 cosmedi

86 668 224 730 debeam.
265 665 354 738 Quod
373 665 400 724 sl
416 679 504 725 esses
525 679 583 722 usu
597 671 690 739 atque
703 673 800 725 aetate
814 665 987 738 robustior,
1010 680 1096 727 esscu

84 750 165 810 idem
181 747 234 823 qui
246 749 452 823 soleo‚,qnnm
466 763 534 806 sum
548 746 724 807 lacessitus:
741 761 821 807 nune
837 755 940 811 tecum
956 749 1003 808 slo
1015 764 1096 824 agam,

85 831 193 894 tulisse
216 838 250 891 ιιι
274 829 376 905 potius
399 828 540 889 iniuriam
564 845 653 902 quam
676 829 829 889 rettulisse
848 829 980 903 gratiam
1001 831 1096 891 ridear.

85 915 178 976 XVll.
192 911 243 976 ts.
262 913 369 988 Neque
385 912 543 986 veroquid
558 910 630 970 mihi
644 910 778 971 irascare
792 911 962 986 intelligere
976 929 1096 988 possum

87 997 129 1071 st,
145 998 229 1073 quod
245 1013 315 1056 eum
336 995 483 1067 delendo,
507 1010 598 1068 quem
620 1002 650 1053 ιιι
670 1009 815 1066 accusas,
837 1010 892 1054 cm·
907 994 964 1055 tibi
977 1011 1035 1070 ego
1048 1010 1095 1055 non

87 1096 274 1152 succenseo,
290 1076 342 1153 qui
355 1092 483 1137 accusas
500 1093 584 1148 eum,
600 1079 690 1150 quem
703 1091 762 1150 ego
776 1077 933 1139 defendor
959 1078 1096 1139 Inimicum

87 1179 159 1238 ogo,
181 1161 297 1235 inquis,
322 1175 434 1219 accuso
450 1175 558 1219 meum.
587 1159 625 1219 Et
638 1160 767 1218 amicum
781 1175 838 1234 ego
853 1160 991 1221 delendo
1004 1176 1093 1223 maur.

85 1247 153 1305 Non
168 1243 263 1304 debes
279 1250 312 1302 tu
329 1258 509 1316 quemquam
525 1243 555 1300 in
575 1241 793 1302 coniurationis
811 1243 996 1316 quaestione
1010 1244 1093 1305 dalm-

87 1329 170 1387 dere.
211 1327 305 1386 Immo
326 1341 414 1386 nemo
436 1324 532 1398 magis
553 1341 637 1398 eum,
664 1326 704 1385 de
726 1342 787 1399 quo
808 1324 882 1384 nihil
903 1335 954 1386 est
971 1342 1095 1402 umqutu

87 1408 270 1483 suspicatus,
286 1423 378 1482 quam
391 1408 426 1478 is,
444 1408 494 1481 qui
511 1408 549 1467 de
563 1408 630 1468 aliis
645 1409 737 1467 multa
753 1406 905 1481 cogitavit
937 1409 999 1470 Cur
1012 1407 1096 1469 diuisi

85 1489 290 1554 testimonium
304 1489 335 1549 in
345 1488 444 1549 aliosi
465 1489 539 1562 Quia
551 1498 685 1550 coactus.
707 1490 767 1549 Cur
780 1490 913 1551 damnati
929 1500 1022 1553 suntt
1038 1491 1096 1565 Qua

88 1575 233 1635 creditum
246 1581 303 1634 est.
331 1570 469 1647 Regnum
485 1582 533 1632 est
545 1573 646 1634 dicere
662 1573 693 1632 in
705 1589 795 1648 qnam
808 1572 886 1633 velis
898 1590 937 1634 ae
949 1576 1096 1636 delendum

88 1674 179 1734 quern
201 1656 287 1716 velis.
326 1656 420 1716 Immo
442 1657 574 1716 servitus
594 1665 641 1717 cst
663 1673 724 1715 non
746 1655 848 1715 dicere
869 1656 900 1715 in
923 1675 1016 1732 quem
1036 1655 1096 1727 velis

87 1756 124 1801 ao
143 1758 204 1801 non
223 1740 387 1800 defendere
408 1755 498 1814 quem
518 1739 603 1798 velis.
633 1740 680 1798 Ac
698 1739 725 1798 si
746 1739 944 1799 considerare
962 1738 1095 1817 coeperis,

86 1831 184 1885 utrum
199 1821 296 1897 magis
312 1821 384 1881 mihi
397 1823 456 1883 hoc
473 1838 602 1883 necesse
616 1821 705 1882 luerit
720 1823 821 1883 lacere
835 1838 874 1880 an
887 1823 974 1883 istud
986 1823 1049 1897 tibi,
1063 1822 1095 1883 in·

86 1905 204 1980 telliges
224 1905 383 1967 honestius
402 1914 431 1964 te
451 1905 670 1965 inimicitiarum
685 1905 808 1964 modum
823 1912 959 1965 statuere
975 1905 1096 1982 potuim

88 2005 176 2062 qnam
193 2005 241 2047 me
260 1987 462 2051 humanitatis.
505 1987 555 2048 49.
576 1990 623 2047 An
644 2004 719 2047 vero
742 2004 835 2062 quum
850 1987 953 2048 honos
968 1989 1096 2064 agebatur
1121 2014 1125 2019 ·

88 2069 218 2129 lamilioe
240 2079 361 2130 vestrae
379 2069 599 2145 amplissimus,
624 2070 750 2130 honest
774 2072 952 2131 consulatus
978 2067 1095 2147 parentis

86 2151 144 2223 tui,
169 2151 412 2226 sapientissimus
433 2152 478 2211 vir
498 2152 736 2213 familiarissimis
755 2151 820 2212 suis
835 2154 1014 2215 succensuit
1028 2161 1096 2229 pata

86 2244 166 2306 tuus,
186 2252 278 2310 quum
294 2234 408 2294 Sullam
423 2243 453 2295 et
467 2236 666 2295 defenderent
680 2243 710 2295 et
725 2236 903 2296 laudarent?
925 2235 1097 2311 Intelligebat

86 2318 165 2379 hanc
186 2317 275 2380 nohis
294 2334 314 2378 a
332 2317 497 2377 maioribus
515 2334 586 2377 esse
603 2317 742 2378 traditam
758 2317 967 2392 disciplinam,
997 2328 1030 2381 ut
1047 2316 1096 2379 nul·

86 2399 145 2460 lius
160 2400 290 2461 amicitia
304 2402 343 2461 ad
359 2399 495 2476 pericula
510 2402 720 2475 propulsanda
733 2400 958 2474 impediremur.
1000 2403 1038 2463 Ει
1049 2403 1098 2461 emi

85 2482 158 2541 linio
173 2483 284 2543 indicio
303 2482 392 2558 longe
412 2483 567 2544 dissimilis
582 2483 633 2542 illa
649 2483 815 2544 contantini
842 2493 921 2558 tum,
943 2483 1064 2545 adflicto
1074 2480 1097 2540 l.

88 2563 180 2636 Sulla,
199 2567 373 2626 consulatus
388 2565 476 2626 vobis
492 2566 669 2640 pariebatur,
688 2565 777 2626 sicuti
788 2575 892 2640 partus
907 2575 970 2629 cst=
989 2562 1098 2629 honoris

87 2653 152 2707 erat
166 2654 332 2706 certamem
359 2657 496 2723 ereptum
515 2657 653 2723 repetere
670 2664 728 2709 vos
749 2647 965 2724 clamitabatis,
992 2657 1026 2711 ut
1043 2642 1100 2708 violi
1133 2712 1135 2717 ,

85 2727 117 2788 iu
135 2744 242 2804 campo
261 2729 292 2788 in
311 2730 378 2791 loro
397 2730 574 2793 vinceretisz
600 2739 663 2791 tum
684 2730 737 2804 qui
753 2740 857 2792 contra
871 2748 930 2793 vos
945 2748 1005 2807 pro
1024 2729 1100 2791 notu

34 2882 38 2893 1
86 2813 184 2873 salute
203 2813 391 2887 pugnabant,
415 2813 590 2875 amicissimi
609 2813 718 2885 vestri,
746 2813 857 2888 quihus
876 2831 938 2874 uon
961 2813 1100 2877 immone

86 2894 174 2969 mini,
193 2897 385 2958 consulatum
400 2897 488 2957 vobis
504 2896 685 2970 eripiebant,
707 2895 816 2957 honori
838 2905 942 2958 vestro
962 2909 1099 2973 repugna

85 2976 172 3049 bant,
200 2987 231 3040 ct
249 2987 350 3040 tamen
370 2978 403 3041 id
419 2978 565 3041 inviolata
578 2987 679 3041 vestra
695 2977 840 3050 amicitia,
863 2978 986 3054 integro
1004 2975 1101 3047 ollitit.

85 3068 189 3121 vetere
209 3064 351 3138 exemplo
376 3071 468 3137 atque
488 3060 624 3121 instituto
649 3060 753 3134 optimi
777 3062 928 3136 cuiusque
953 3063 1102 3123 iaciebant

85 3139 255 3206 xvirum.
276 3146 340 3220 ugo
364 3161 436 3206 sero
457 3143 568 3218 quibus
590 3143 774 3205 ornamentis
790 3145 940 3205 adversor
960 3146 1042 3207 tuiss
1061 3145 1103 3201 ant

86 3221 137 3280 cni
157 3224 292 3298 dmnitati
311 3236 433 3293 vestrae
451 3233 610 3301 repugno?
638 3225 715 3298 Quid
737 3234 786 3287 est
808 3227 973 3299 quodiam
995 3228 1037 3287 ab
1055 3225 1104 3283 hoc

86 3313 234 3377 expetast
269 3310 376 3371 Honos
397 3311 437 3371 od
457 3317 589 3384 patrem,
614 3307 746 3381 insignia
764 3308 892 3371 nonoris
905 3310 947 3373 ad
966 3318 998 3371 te
1017 3308 1104 3369 dclslt

86 3391 166 3446 suut
208 3387 252 3450 Tu
270 3400 396 3453 ornatus
414 3389 536 3453 exuviis
552 3388 643 3455 liuius
659 3389 747 3453 vonis
763 3391 804 3455 ad
824 3406 894 3465 eum
909 3390 1103 3459 semotum
