2356 3854
287 94 290 111 '
355 109 437 169 car.
455 116 582 173 re-ao.
605 116 775 177 §.ra-us.
1000 152 1006 167 .
1040 107 1083 171 aa

36 261 41 302 :
81 259 198 319 atussim
215 258 320 333 vobis,
336 258 471 333 iudices,
486 268 538 321 aut
552 277 590 320 ne
604 260 732 336 ingeniis
748 261 858 323 vestris
877 261 981 323 videar
1001 262 1079 322 dilli-

14 344 45 384 ΠΗ
82 342 150 413 ιειε,
171 341 197 402 si
214 342 253 400 de
270 351 331 401 tam
351 341 524 416 perspicuis
544 343 637 404 rebus
658 343 770 404 diutius
788 345 945 407 disseram.
979 344 1080 407 Erucii

16 411 44 467 l:
82 424 226 484 criminatio
242 433 318 496 tora,
334 434 375 486 ιιι
380 425 522 495 arbitror
539 425 762 496 ιιιεεοιιιιιιεει;
786 426 844 485 nisi
870 429 946 487 lorte
969 444 1078 502 exspe-

13 510 42 584 ι’·
82 507 148 567 atis
160 506 256 567 utillo
271 509 390 577 diluam,
408 525 486 583 quae
501 509 539 567 de
555 510 695 582 peculatu
707 525 742 567 ac
758 510 796 568 de
811 509 971 569 eiusmodi
985 511 1077 569 rebus

13 590 36 665 a:
82 589 277 650 commenticiis
292 590 425 651 inaudita
446 591 533 650 nobis
545 600 615 651 ante
629 591 687 649 hoc
703 600 822 665 tempus
839 608 875 651 ac
896 609 976 652 nova
996 593 1077 651 obie-

13 674 38 716 ιιι
53 706 57 717 .
80 672 119 743 ιιι,
130 689 208 747 quae
219 672 291 731 milri
302 673 359 732 iste
373 673 456 735 visus
468 682 563 736 estex
577 674 635 732 alia
647 673 782 734 oratione
795 675 972 746 declamare,
988 691 1078 747 quam

14 758 33 797 ι·
78 755 193 815 inallum
207 771 293 815 reum
309 765 574 823 commemoratum
593 756 633 815 ita
654 771 754 829 neque
774 756 813 813 ad
828 756 939 815 crimen
956 757 1078 830 parrici-

28 841 34 880 ³3
77 836 108 895 dii
120 853 215 912 neque
232 839 369 913 adeum,
386 839 437 912 qui
453 854 576 898 causam
591 838 676 911 dicit,
692 837 895 911 perimebant:
914 839 1077 911 dequibus

18 923 33 963 -ἓ
79 922 205 992 quonlam
221 922 315 980 verbo
330 920 441 994 arguit,
463 922 556 980 verbo
581 919 654 980 satis
670 929 717 980 est
737 936 858 993 negare.
888 920 920 979 Si
943 921 1079 994 quidest

14 1007 29 1047 ἰ
76 1003 195 1076 quodad
210 1012 305 1063 testes
319 1012 468 1074 reservet,
493 1003 534 1062 lbi
550 1019 673 1077 quoque
694 1020 766 1074 noS,
787 1011 820 1062 ut
841 1002 870 1060 in
892 1003 960 1077 ipsa
976 1019 1077 1075 causa,

13 1102 29 1128 ··‘
75 1085 225 1156 paratiores
240 1085 372 1159 reperiet
384 1102 474 1160 quam
489 1088 623 1160 putabat.
644 1085 734 1145 XXX.
756 1085 806 1147 83.
827 1085 926 1145 Venio
939 1102 1018 1144 nunc
1030 1101 1077 1156 eo,

75 1183 181 1238 quomo
195 1184 257 1227 non
273 1167 423 1242 cupiditas
439 1168 533 1240 ducit,
556 1170 612 1228 sed
626 1169 715 1228 fides
752 1169 826 1227 Nam
843 1168 869 1228 si
887 1169 957 1227 mrln
972 1168 1078 1227 liberet

12 1256 21 1295 t
72 1264 218 1323 accusare,
243 1266 418 1310 accusarem
441 1250 653 1324 aliospotius,
675 1250 845 1325 exquibus
869 1267 991 1325 possem
1013 1267 1076 1310 cre-

11 1338 23 1411 {1
65 1346 158 1391 ‘ascero
175 1333 260 1406 quod
276 1342 389 1392 certum
403 1341 450 1392 est
464 1348 523 1391 non
539 1336 647 1405 lacere,
664 1335 734 1393 dum
749 1334 894 1393 utrumvis
910 1333 1018 1395 licebit.
1046 1334 1076 1392 ιε

11 1422 21 1459 ¹³³
71 1414 138 1475 enim
154 1415 225 1474 mihi
241 1416 359 1475 videtur
376 1415 596 1489 amplissimus,
619 1416 671 1490 qul
694 1433 749 1476 sua
766 1416 875 1476 virtute
895 1416 925 1474 in
941 1416 1076 1475 altiorem

11 1502 20 1541 ἲ
72 1495 156 1557 ιοειιιιι
172 1497 327 1571 pervenit,
346 1514 407 1557 non
429 1498 480 1571 qui
495 1499 632 1558 ascendit
646 1515 701 1572 per
716 1498 837 1559 alterius
853 1499 1076 1558 incommodum

11 1598 18 1623 ι
71 1579 309 1640 etcalamitatem.
340 1580 520 1640 Desinemus
536 1582 699 1654 aliquando
714 1598 751 1640 ea
762 1580 898 1652 scrutari,
917 1597 995 1653 quae
1007 1588 1076 1640 sunl

11 1666 16 1706 i
71 1658 170 1721 inanior
194 1679 376 1735 quaeramus
390 1663 432 1721 ibi
447 1663 641 1734 maleficium,
655 1663 707 1721 ubi
720 1672 749 1721 et
766 1670 813 1721 εει
825 1670 855 1721 ει
868 1661 996 1720 ιιινειιιιι
1010 1670 1075 1735 pot·

10 1782 13 1786 -
69 1752 114 1803 est
143 1745 207 1804 lam
226 1745 392 1819 intelliges,
409 1745 512 1814 Eruci,
536 1754 650 1803 certum
669 1744 780 1804 crimen
800 1760 888 1816 quam
904 1744 1003 1802 multis
1025 1760 1074 1803 su-

10 1856 12 1863 >
28 1838 32 1845 ·
68 1826 245 1899 spicionibus
260 1835 450 1901 coarguatur.
484 1825 613 1885 Tametsi
625 1842 724 1900 neque
740 1826 839 1885 omnia
850 1827 947 1885 dicam
963 1833 992 1885 et
1002 1824 1075 1885 levi·

30 1916 35 1927 ·
67 1916 103 1967 ter
120 1926 214 1970 unum
234 1912 379 1983 quodque
402 1918 530 1983 tangam.
569 1910 674 1983 Neque
695 1908 773 1967 enim
798 1909 829 1967 id
850 1911 995 1980 lacerem,
1017 1907 1076 1968 nisi

67 2007 185 2053 necesse
199 2000 297 2065 esset,
318 2000 347 2052 et
361 1993 390 2052 id
407 1994 463 2053 erit
477 1993 554 2066 signi
570 2008 617 2052 me
632 1992 757 2051 invitum
777 1992 891 2063 lacere,
918 1992 1001 2065 quod
1014 2008 1074 2050 non

66 2089 225 2150 persequar
241 2075 376 2150 longius,
399 2092 489 2149 quam
504 2076 587 2134 salus
601 2075 691 2135 huius
713 2084 742 2135 et
764 2089 830 2134 mea
845 2075 921 2134 fides
941 2075 1074 2147 postula-

64 2154 108 2217 tia
135 2157 187 2221 el.
209 2159 338 2218 Causam
350 2167 380 2217 ιιι
392 2160 503 2217 nullam
515 2157 690 2232 reperiebas
703 2157 730 2215 in
746 2157 816 2216 Sex.
829 2156 957 2216 Roscio:
974 2164 1005 2215 at
1015 2171 1072 2227 ego

64 2237 88 2296 in
101 2241 132 2299 Τ.
145 2241 260 2301 Roscio
274 2241 405 2314 reperio.
437 2241 548 2301 Tecum
571 2240 649 2299 enim
669 2240 741 2299 milri
764 2256 813 2299 res
835 2246 897 2312 est,
917 2239 949 2295 T.
969 2237 1072 2308 Rosci,

63 2323 198 2395 quoniam
211 2323 279 2384 istic
294 2325 386 2384 sedes
402 2339 437 2382 ac
453 2331 481 2384 te
494 2325 593 2398 palam
607 2322 814 2383 adversarium
830 2336 900 2383 esse
912 2319 1073 2394 profiteris.

62 2404 100 2463 lle
111 2404 256 2480 Capitone
268 2414 340 2478 post
351 2405 523 2476 viderimus,
539 2407 574 2477 ει,
592 2405 844 2479 quemadmodum
856 2411 991 2476 paratum
1001 2418 1073 2463 esse

61 2488 155 2561 audio,
166 2488 254 2549 testis
267 2488 425 2560 prodierit:
437 2498 498 2548 tum
511 2490 585 2548 alias
598 2505 720 2563 quoque
738 2503 809 2546 suas
827 2487 943 2560 palmas
961 2501 1073 2561 cogno-

61 2578 134 2643 scet,
152 2570 320 2645 dequibus
338 2587 387 2631 me
402 2587 441 2630 ne
455 2572 580 2631 audisse
602 2571 723 2646 quidem
738 2569 920 2643 suspicatur.
950 2570 982 2628 L.
1001 2569 1073 2628 Cas·

60 2650 118 2713 sios
133 2652 199 2725 ille,
215 2670 306 2728 quem
319 2655 451 2727 populus
464 2656 619 2713 Romanus
634 2653 824 2714 verissimum
839 2661 869 2712 et
885 2649 1072 2726 sapientissi-

59 2749 134 2795 mum
147 2735 279 2795 iudicem
295 2737 432 2810 putabat,
447 2736 619 2797 idemtidem
631 2736 660 2797 in
672 2737 773 2796 causis
788 2751 934 2809 quaerere
946 2733 1072 2802 solebat,

57 2821 103 2877 cui
119 2818 191 2879 bono
207 2818 323 2892 fuisset.
362 2817 412 2879 Sic
437 2818 497 2880 vita
516 2818 670 2879 hominum
693 2825 754 2891 est,
780 2827 814 2879 ιιι
833 2817 873 2877 ad
892 2813 1072 2874 maleficium

58 2915 142 2961 nemo
153 2908 280 2961 conetur
292 2900 358 2961 sine
369 2909 525 2976 speatque
536 2904 737 2962 emolumento
748 2900 904 2960 accedere.
919 2895 969 2956 85.
984 2895 1071 2954 Hunc

57 2982 258 3056 quaesitorem
271 3000 309 3065 ac
320 2983 451 3044 iudicem
464 2984 618 3058 fugiebant
628 2993 720 3058 atque
732 2981 896 3041 horrebant
909 2977 945 3049 ιι,
961 2976 1071 3050 quibus

56 3065 407 3138 periculumcreabatur,
421 3066 491 3126 ideo
507 3067 605 3140 quod,
627 3064 746 3125 tametsi
759 3061 894 3123 veritatis
914 3069 978 3120 erat
998 3061 1069 3121 ami-

56 3161 122 3221 cus,
147 3156 248 3209 tumen
276 3158 383 3210 natura
402 3165 463 3208 non
486 3156 544 3207 tam
567 3162 741 3221 propensus
767 3145 807 3205 ad
833 3142 1071 3208 misericordiam

56 3245 142 3302 quam
157 3230 329 3305 implicatus
344 3233 383 3291 ad
400 3230 590 3290 severitatem
606 3229 771 3288 videbatur.
794 3226 873 3301 Ego,
887 3242 1070 3302 quamquam

56 3323 174 3387 praeest
190 3313 261 3374 huic
276 3312 447 3389 quaestioni
459 3313 505 3373 vir
518 3321 548 3373 et
559 3320 664 3372 contra
673 3309 830 3371 audaciam
843 3309 1025 3372 fortissimus
1040 3314 1071 3367 et
