2384 3854
149 176 212 239 292
437 173 510 235 PRO
526 171 705 233 P.=SEST10
721 172 870 234 ORATIO.

147 322 263 400 patrino
286 322 423 383 dextram
443 322 630 397 porrexerint
650 322 839 393 Brundisini,
863 338 957 397 quarn
980 323 1060 397 ipsis
1072 322 1165 385 Nonis

147 405 312 467 Sextilibus
326 406 406 464 idem
423 405 488 465 dies
502 407 651 466 adventus
666 407 724 465 mei
736 406 844 465 luisset
854 404 1044 482 reditusque,
1060 408 1164 467 natalis

146 489 227 551 idam
241 488 415 548 carissimae
432 488 521 562 tiliae,
538 505 629 568 quarn
643 504 680 565 ex
696 488 875 562 gravissimo
891 496 953 547 turn
968 488 1164 563 primumdo

147 571 259 632 siderio
276 573 419 647 luctuque
433 571 590 646 conspexi,
606 571 686 630 idem
703 570 792 629 etiam
805 570 904 645 ipsius
920 572 1064 632 coloniae
1076 573 1163 633 Brun·

147 654 280 725 disinae,
297 653 386 726 idem,
404 662 437 715 ut
452 655 545 728 scitis,
563 653 684 726 Salutis,
699 670 852 728 quumque
868 670 915 714 me
929 655 1044 715 domus
1063 657 1163 715 eadem

147 737 326 811 optimorum
347 746 377 797 et
398 736 642 797 doctissimorum
666 736 811 811 virorum,
832 737 872 795 Μ.
892 737 997 796 Laenii
1022 737 1163 799 Flaccict

147 818 241 895 patris
262 828 292 880 et
310 818 410 879 lratrls
431 820 512 891 eius,
533 819 697 879 laetissima
718 818 903 894 accepisset,
924 836 1007 893 quae
1030 821 1162 895 proximo

145 918 225 964 anno
240 909 549 976 maerensreceperat
563 911 593 962 at
607 918 663 962 suo
679 901 831 976 praesidio
846 902 1051 977 periculoque
1066 905 1162 963 delen·

47 1048 51 1059 ,
147 987 245 1044 derat:
269 1000 422 1059 quumque
444 984 551 1044 itinere
570 992 633 1044 toto
655 984 746 1044 urbes
761 983 866 1043 Italiae
880 985 979 1044 lastos
994 985 1066 1046 dies·
1080 1001 1162 1060 agore

146 1070 294 1128 adventus
311 1066 370 1127 moi
388 1067 581 1139 videbantur,
603 1066 670 1126 viae
684 1065 872 1126 multitudine
892 1068 1065 1140 legatorum
1085 1068 1161 1127 undi-

147 1167 207 1226 quc
220 1150 380 1209 missorum
396 1150 641 1221 celebrabantur,
660 1149 698 1208 ad
712 1149 818 1209 urbem
835 1163 983 1210 accessus
999 1149 1162 1211 incredibili

146 1231 299 1292 hominum
316 1231 503 1293 multitudine
523 1240 552 1293 et
568 1230 765 1308 gratulatione
786 1231 927 1304 florebat,
950 1231 1011 1292 iter
1033 1250 1054 1293 a
1074 1242 1162 1308 porta,

146 1317 177 1373 in
192 1313 368 1388 Capitolium
382 1331 546 1387 ascensus,
567 1317 690 1374 domum
711 1313 826 1377 reditus
847 1323 912 1375 erat
933 1314 1115 1389 eiusmodi,
1135 1322 1164 1375 ut

144 1413 262 1457 summa
279 1396 310 1456 in
329 1396 443 1471 laetit'n¹
461 1397 533 1457 illud
555 1398 703 1467 dolerem,
725 1396 876 1457 civitatem
895 1405 956 1457 tam
975 1407 1097 1472 gratam
1110 1405 1162 1460 tam

145 1480 286 1540 miseram
299 1487 391 1554 atquc
406 1494 586 1554 oppressam
599 1479 704 1539 luisse.

227 1561 297 1624 132.
318 1563 420 1622 Habes
434 1563 523 1637 igitur
538 1564 620 1647 quod
635 1579 674 1621 cx
688 1578 735 1621 nte
750 1560 909 1636 quaesisti,
927 1561 981 1636 qni
995 1572 1104 1624 essent
1116 1580 1151 1637 op

144 1645 273 1707 timates.
297 1646 363 1706 Non
382 1655 429 1707 est
442 1645 532 1719 natio,
547 1653 579 1705 ut
593 1644 710 1705 dixisti:
728 1645 811 1719 quod
824 1661 883 1719 ego
899 1646 1030 1705 verbum
1045 1644 1160 1721 agnovi:

146 1736 193 1791 est
213 1729 293 1790 enim
313 1729 409 1804 illius,
429 1745 448 1788 a
462 1745 523 1803 quo
540 1745 602 1807 uno
617 1727 745 1787 maxime
759 1727 791 1785 P.
810 1724 930 1788 Sestius
947 1744 982 1788 sc
998 1728 1162 1805 oppugnari

145 1811 243 1885 videt,
259 1810 390 1872 hominis
405 1811 481 1887 eius,
500 1813 551 1885 qui
567 1813 645 1871 hanc
660 1811 811 1870 nationem
827 1809 922 1870 deleri
936 1818 967 1871 et
980 1812 1106 1873 concidi
1117 1827 1161 1871 cu·

145 1893 233 1970 pivit:
255 1895 307 1969 qui
322 1895 353 1954 0.
372 1895 547 1967 Caesarem,
568 1894 668 1955 mitem
683 1893 835 1952 hominem
849 1901 880 1952 et
899 1909 917 1952 a
940 1895 1042 1956 caede
1063 1894 1161 1955 abhor

40 2006 46 2017 ·
144 1984 275 2049 rentem,
297 1995 392 2053 saepe
405 1977 567 2052 increpuit,
583 1993 677 2051 saepe
691 1975 860 2046 accusavit,
881 1992 979 2050 quum
996 1979 1162 2038 adfirmma

144 2057 227 2118 illurn
241 2076 420 2135 numnquam,
434 2061 505 2120 dum
521 2060 597 2121 haec
613 2058 693 2119 natio
708 2060 839 2131 viveret,
853 2055 920 2118 sine
937 2075 1015 2119 aura
1033 2062 1160 2122 futurum

144 2141 221 2199 Nihil
233 2142 362 2216 proiecit
376 2143 415 2202 de
429 2144 597 2202 universis:
613 2143 651 2201 de
664 2158 711 2200 me
726 2157 817 2215 agere
831 2158 894 2201 non
907 2142 1043 2206 destitit:
1059 2161 1106 2205 ma
1115 2158 1160 2217 op

146 2226 305 2299 pugnavit,
328 2224 456 2301 primum
478 2242 533 2300 per
554 2224 682 2285 indicem
698 2225 844 2296 Vettium,
869 2241 962 2299 quem
983 2227 1018 2285 in
1033 2226 1161 2288 contione

145 2307 184 2366 de
201 2310 249 2368 nia
262 2316 294 2369 et
306 2309 345 2368 dc
360 2308 535 2368 clarissimis
549 2309 621 2369 viris
635 2305 839 2380 interrogavit.
869 2307 903 2369 ln
918 2325 982 2382 quo
1000 2318 1103 2371 tamen
1114 2316 1166 2368 nos¹

146 2389 230 2449 cives
253 2390 409 2452 coniunxit
428 2393 536 2452 eodem
557 2389 692 2465 periculo
715 2399 746 2450 et
761 2388 899 2464 crimine,
920 2401 955 2453 ut
975 2408 997 2451 a
1012 2410 1063 2453 mc
1076 2388 1161 2453 inierit

145 2473 284 2547 gratiam,
304 2475 388 2547 quod
408 2491 455 2534 me
478 2491 545 2534 cum
559 2471 753 2548 amplissimis
770 2481 800 2532 et
815 2472 992 2535 fortissimis
1009 2475 1086 2537 viris
1098 2489 1160 2535 cou-

145 2554 289 2628 gregavit.
309 2557 410 2615 LXIV.
427 2554 493 2618 133.
515 2555 577 2615 Sed
590 2563 697 2630 postea
707 2554 781 2615 mihi
796 2556 879 2616 nullo
894 2573 964 2617 meo
976 2558 1097 2631 merito,
1111 2552 1160 2617 uisi

147 2638 230 2710 quod
245 2636 334 2698 bonis
349 2640 469 2712 placere
483 2638 650 2713 cupiebam,
669 2655 774 2698 omnes
789 2647 837 2698 est
851 2638 981 2699 iusidias
1000 2637 1158 2703 sceleratis
1181 2634 1183 2649 '

145 2719 221 2779 sime
234 2720 430 2782 machinatus.
460 2721 566 2781 illaad
580 2738 651 2794 eos,
675 2719 819 2795 aquibus
840 2721 1042 2799 audiebatur,
1063 2719 1158 2785 muti:

144 2801 260 2877 aliquid
271 2803 310 2863 de
322 2818 370 2863 me
381 2801 442 2864 liati
455 2805 624 2865 adferebat:
635 2805 684 2863 ille
695 2804 845 2863 hominem
856 2803 931 2871 mihi
939 2806 1157 2871 amicissimum.

144 2885 197 2945 cn.
210 2886 401 2961 Pompeium,
422 2889 576 2959 monebat,
598 2896 631 2947 ut
651 2903 748 2946 meam
769 2887 893 2947 domum
914 2896 1068 2950 metueret
1080 2896 1157 2961 anat

142 2984 163 3028 a
176 2986 224 3029 me
240 2969 309 3045 ipso
326 2969 460 3030 caveret:
477 2970 527 3030 ille
541 2987 576 3030 sc
590 2970 635 3029 sic
650 2986 718 3029 oum
732 2967 853 3047 inimicq
869 2986 938 3030 meo
951 2975 1119 3048 copularat,
1130 2972 1156 3027 ut

141 3049 225 3111 illum
252 3069 338 3113 meae
361 3048 606 3129 proscriptionis,
635 3068 724 3126 quam
739 3051 917 3125 adiuvabat,
941 3054 1019 3117 Sex.
1041 3052 1156 3118 Clodius,

138 3131 233 3205 bomo
256 3135 294 3196 iis
322 3135 517 3211 dignissimus
543 3135 721 3211 quibuscum
751 3133 841 3209 vivit,
866 3136 1004 3199 tabulam
1027 3154 1110 3210 essa,
1128 3146 1156 3193 aa

144 3215 321 3289 scriptorem
344 3219 472 3279 dicaret:
498 3220 548 3278 ille
567 3235 646 3277 unus
669 3216 784 3277 ordinis
806 3219 902 3278 nostri
923 3219 1073 3283 discessu
1091 3230 1155 3285 mett:

142 3292 225 3356 luctu
244 3309 346 3361 vestro
368 3301 467 3374 palam
487 3299 656 3361 exsultavit
694 3299 739 3358 De
759 3317 819 3373 quo
841 3317 915 3376 ego,
941 3321 1040 3377 quum
1061 3298 1154 3364 cotidit

142 3387 257 3453 rueret,
272 3383 396 3443 verbum
411 3384 479 3454 leci,
493 3383 619 3455 iudices,
632 3382 811 3457 numquam:
827 3399 931 3459 neque
943 3386 1063 3461 putori,
1075 3392 1164 3463 quau,
