2356 3854
107 199 171 262 444
227 170 233 178 ”
257 156 295 259 ru
308 199 348 257 u.
365 197 565 258 aurearum
580 196 721 258 ortano
738 159 954 256 rnrnrrnca
967 197 1006 256 u.

107 354 138 413 c.
154 352 266 429 Caesar
288 347 470 423 pecuniane
494 363 548 406 cur
571 347 673 421 potius
690 363 781 421 quarn
796 362 854 421 ego
871 348 913 406 ab
930 345 1009 407 ittot
1028 363 1068 405 an
1083 345 1139 407 siue

107 450 156 494 me
174 433 223 491 ille
237 432 331 490 vieitl
346 433 388 489 At
401 447 439 490 ne
457 428 556 505 potuit
571 429 704 504 qmdem.
747 429 813 503 Ego
828 431 867 488 ad
887 429 975 489 illurn
990 429 1063 488 belli
1077 431 1139 489 civi-

106 517 144 576 lis
166 531 289 574 eausam
313 513 412 574 attuli:
437 529 494 586 ego
518 514 602 587 leges
622 511 813 587 perniciosas
833 512 969 584 rogavi:
993 528 1052 587 ego
1069 528 1141 572 arma

108 605 213 658 contra
228 598 372 656 consules
386 596 649 670 imperatoresque
660 596 765 668 populi
779 595 923 667 Romani,
939 598 1053 656 contra
1064 612 1141 655 sena·

109 691 170 742 turn
186 682 396 754 populumque
410 681 594 752 Romanum,
615 686 721 737 contra
741 678 818 737 deos
835 677 959 752 patrios
976 694 1106 752 arasque
1118 686 1142 737 et

107 767 205 837 locos,
222 771 326 822 contra
343 761 470 837 patriam
488 762 550 820 tuli.
594 760 671 820 Num
687 759 745 819 sibi
761 759 820 819 soli
834 759 932 820 vicit?
956 760 1093 833 Quorum
1106 762 1140 818 ia·

109 847 195 906 cinus
207 855 255 907 est
266 861 435 916 commune,
448 860 503 902 cur
516 859 575 902 non
588 843 627 903 sit
641 858 745 902 eorum
758 843 874 916 praeda
887 845 1089 904 communiat
1099 844 1140 902 lus

108 930 303 1004 postulabas:
327 927 384 986 sed
399 925 472 1001 quid
487 928 527 985 ad
541 933 628 985 rem?
646 925 718 985 Plus
731 926 782 984 ille
795 933 931 999 poterat.
981 924 1037 992 73.
1050 929 1140 1001 ltaque

108 1011 250 1072 excussis
265 1009 324 1072 tuis
337 1008 464 1069 vocibus
481 1016 510 1068 et
527 1009 567 1069 ad
580 1016 611 1069 te
625 1016 655 1068 et
668 1009 708 1067 ad
725 1008 856 1083 praedes
879 1017 956 1069 tuos
974 1009 1085 1071 milites
1097 1008 1138 1068 ni·

109 1097 156 1167 sit,
176 1111 269 1170 quum
286 1101 411 1166 repente
426 1091 497 1168 [est]
512 1108 530 1151 a
544 1099 575 1151 te
590 1093 746 1165 praeclara
761 1089 812 1149 illa
822 1091 930 1151 tabula
942 1095 1077 1167 prolata.
1094 1089 1137 1164 Qui

108 1177 190 1237 risus
203 1176 373 1236 hominurn!
388 1182 501 1236 tantam]
516 1188 591 1255 esse·
602 1174 743 1245 tabulam,
757 1181 818 1232 tam
835 1174 955 1247 varias,
972 1184 1038 1236 tam
1050 1177 1136 1235 mulus

108 1260 337 1335 possessiones,
350 1274 388 1317 ex
401 1255 511 1331 quibus
524 1264 766 1331 praeterpartem
774 1254 887 1316 Miseni
899 1257 981 1316 nihil
993 1260 1062 1320 'erat
1073 1255 1138 1332 quod

109 1344 152 1412 is,
175 1341 226 1416 qui
243 1342 481 1413 auctionaretur,
503 1347 611 1413 posset
625 1355 714 1398 suum
734 1340 845 1397 dicere.
893 1340 1067 1402 Auctionis
1080 1354 1138 1399 vero

108 1422 290 1483 miserabilis
304 1429 466 1494 aspectus:
482 1422 578 1481 vestis
593 1420 728 1496 Pompeii
740 1437 801 1480 non
816 1423 915 1482 multa
930 1438 1041 1499 eaque
1055 1440 1138 1483 macu-

30 1555 33 1561 ,
109 1507 193 1565 losa=
207 1503 344 1565 eiusdem
358 1503 509 1577 quaedam
516 1513 661 1578 argentea
672 1518 747 1562 vasa
758 1501 879 1564 collisa:
895 1506 1034 1567 sordida
1044 1504 1138 1567 manci·

109 1589 175 1662 pia,
196 1595 229 1647 ut
243 1583 426 1647 doleremus
436 1587 601 1662 quidquam
624 1603 694 1647 esse
712 1584 825 1646 axillis
841 1586 993 1662 reliquiis
1011 1591 1092 1666 quod
1106 1586 1137 1646 vi-

110 1672 182 1730 dere
198 1687 372 1745 possemus.
416 1666 467 1732 tt.
484 1670 569 1729 Hanc
584 1679 684 1730 tamen
700 1668 872 1729 auctionem
888 1670 1031 1733 heredes
1044 1674 1078 1732 L.
1092 1674 1139 1732 Ru·

109 1753 167 1813 bril
184 1755 306 1815 decreto
323 1752 463 1813 Caesaris
482 1752 709 1829 prohibuerunt.
751 1753 908 1812 Haerebat
936 1756 1140 1828 nebulaeque

111 1852 146 1895 se
166 1846 298 1898 verteret
319 1853 380 1897 non
401 1836 541 1896 habebat.
585 1836 662 1909 Quin
682 1836 732 1897 his
755 1834 832 1909 ipsis
852 1839 1056 1913 temporibus
1073 1835 1140 1899 doni

113 1919 427 1995 Caesarispercussor
438 1920 476 1978 ab
489 1919 546 1979 isto
560 1919 673 1979 missus
681 1918 894 1993 deprehensus
905 1920 1075 1983 dicebatur
1083 1936 1140 1981 esse

112 2017 180 2073 cum
201 2002 274 2064 sica.
318 2005 363 2063 De
386 2019 446 2076 quo
465 2003 577 2062 Caesar
594 2003 626 2061 in
654 2009 762 2062 senatu
781 2011 886 2077 aperte
900 2003 934 2062 in
958 2012 990 2066 te
1004 2005 1139 2066 invehens

29 2126 35 2135 .
113 2093 241 2158 questus
262 2094 318 2145 est.
366 2085 572 2144 Proficiscitur
591 2085 621 2144 in
635 2085 815 2160 Hispaniam
833 2086 952 2147 Caesar
975 2088 1086 2164 paucis
1099 2083 1138 2146 ubi

112 2167 152 2226 ad
167 2169 347 2228 solvendum
364 2176 488 2242 propter
505 2168 639 2244 inopiam
653 2170 924 2243 tuamprorogatis
941 2171 1067 2233 diebus.
1107 2169 1138 2228 lie

111 2258 173 2310 tum
191 2251 312 2326 quidem
329 2251 479 2326 sequeris.
496 2252 568 2310 Tam
586 2251 687 2312 bonus
702 2251 852 2325 gladiator
864 2246 980 2314 rudem
996 2263 1058 2316 tarn
1076 2255 1139 2314 citat

110 2333 199 2392 Hunc
212 2335 301 2408 igitur
312 2333 482 2409 quisquam,
498 2335 551 2409 qui
565 2336 594 2393 in
617 2336 681 2395 suis
692 2334 838 2409 pat-tibus,
849 2334 883 2395 id
896 2344 948 2397 est
962 2338 996 2398 in
1015 2338 1080 2400 suis
1093 2338 1137 2396 lor-

111 2413 201 2485 tunis‚
217 2425 275 2476 tarn
290 2417 413 2477 timidus
429 2417 527 2489 luerit,
545 2417 762 2491 pertimescam

173 2497 263 2561 XXX.
287 2497 337 2561 75.
352 2500 509 2570 Proiectus
525 2509 573 2560 est
588 2500 751 2575 aliquando
767 2501 888 2560 tandem
903 2498 938 2559 in
955 2502 1138 2579 Hispaniam:

113 2579 168 2637 scd
185 2587 261 2652 tuto,
277 2589 310 2640 ut
324 2581 380 2654 ait,
396 2583 557 2654 pervenire
572 2600 631 2643 non
647 2583 753 2658 potuit.
797 2582 937 2655 Quonam
953 2588 1051 2648 modo
1066 2587 1139 2661 igitur

111 2661 269 2721 Dolabella
285 2662 444 2737 pervenit?
459 2665 522 2723 Aut
536 2681 596 2724 non
610 2665 806 2740 suscipienda
823 2666 879 2726 luit
891 2665 955 2727 ista
968 2673 1074 2740 causa,
1090 2671 1138 2728 Au·

112 2744 185 2817 toni,
198 2753 258 2817 aut,
275 2761 367 2820 quum
380 2745 586 2820 suscepisses,
597 2749 789 2808 defendenda
800 2764 900 2822 usque
914 2751 959 2810 ad
975 2762 1139 2814 extremun-

113 2827 171 2886 Ter
196 2827 383 2904 depugnavit
403 2828 515 2888 Caesar
536 2846 604 2889 curn
625 2831 758 2905 civibus,
784 2830 815 2890 in
836 2831 1019 2908 Thessalia,
1041 2834 1139 2903 Africa

112 2908 270 2983 Hispania.
315 2910 460 2971 Omnibus
482 2912 579 2973 adluit
597 2911 646 2972 his
666 2913 776 2988 pugnis
790 2913 967 2976 Dolabella:
988 2917 1023 2977 in
1045 2917 1138 2992 Hispa·

113 2989 212 3052 niensi
227 2994 316 3054 etiam
327 2996 438 3054 vulnus
453 2994 581 3068 accepit.
614 2995 647 3055 Si
664 2998 703 3056 de
722 2995 918 3057 meoiudicio
936 3000 1076 3074 quaeris,
1088 2998 1137 3058 nol-

114 3074 182 3133 lem.
227 3075 292 3138 Sed
309 3086 409 3137 mmen
433 3077 592 3138 consilium
612 3094 631 3137 a
652 3079 749 3153 primo
765 3079 1076 3155 reprehendendum,
1089 3084 1134 3140 lau-

114 3155 215 3216 danda
229 3160 407 3220 constantia.
450 3161 495 3220 Tu
510 3177 582 3221 vero
601 3162 674 3235 quid
689 3169 744 3221 est
765 3162 817 3224 Cn.
831 3161 972 3237 Pompeii
985 3165 1134 3226 liberium

113 3237 241 3305 primum
257 3242 384 3316 patriam
400 3244 587 3317 repetebant.
609 3244 699 3303 Esto:
714 3245 804 3305 luerit
817 3245 894 3306 haec
909 3250 1049 3320 partium
1060 3257 1136 3308 causa

115 3320 292 3382 communis.
316 3326 507 3398 Repetebant
519 3334 676 3398 praeterea
690 3327 767 3386 deos
781 3334 911 3402 penates
923 3332 1054 3403 patrios,
1071 3343 1136 3391 aras,

114 3398 216 3471 locos,
233 3402 327 3464 larem
342 3422 430 3465 suum
448 3407 637 3480 familiarem,
658 3408 689 3467 in
705 3424 784 3483 quae
800 3417 832 3470 tu
849 3407 1025 3472 invaseras.
1067 3413 1135 3471 llaec
