2356 3854
48 167 225 251 ‚1422
360 138 446 227 inb.
462 122 671 223 caraman
687 160 827 257 ortano
842 163 880 225 n.
999 114 1045 145 ‘¹

113 316 223 392 partim
238 317 328 376 etiam
343 314 513 388 sumptibus
524 313 565 380 in
582 321 685 373 vetere
705 327 776 373 aare
796 311 896 371 alieno
915 312 1063 377 vacillant
1093 314 1140 392 qut

114 398 311 472 vadimoniis,
325 396 460 469 iudiciis,
482 395 707 471 proscriptione
722 397 872 456 bonorum
887 394 1062 470 deleugatt,
1078 414 1138 474 per·

111 480 198 542 multi
215 489 246 541 et
261 496 301 544 ex
315 481 391 541 urbe
408 487 438 539 et
452 495 492 538 ex
505 479 587 554 agris
603 494 638 538 se
652 478 682 537 in
698 478 749 538 illa
764 484 864 538 castra
885 480 1030 540 conterre
1043 480 1137 542 dicun·

112 573 173 625 tur
202 565 305 624 Hosce
321 579 378 637 ego
395 577 456 622 non
474 570 533 622 tam
547 562 657 622 milites
676 577 764 622 acres
783 576 874 657 quam
888 559 1071 625 infitiatores
1082 566 1136 625 lou

113 656 162 708 tos
177 663 248 707 esse
263 646 401 707 arbitror.
423 644 480 718 put
491 645 629 706 homines
642 645 782 719 primum,
798 645 825 704 si
840 651 993 705 starenon
1005 655 1135 722 possunt,
1165 640 1170 651 '

114 737 265 801 corruant,
282 729 402 804 sedita,
418 735 528 789 utnon
546 731 638 790 modo
655 727 771 801 civitas,
787 728 843 786 sed
858 744 897 787 ne
912 726 1009 791 vicini
1024 730 1134 826 quidem

103 813 244 888 *proximi
259 812 399 875 sentiant
436 813 511 872 Nam
528 812 602 872 illud
619 828 680 871 non
694 810 853 884 intelligo,-
850 827 955 886 quarn
969 804 1012 873 ob
1026 818 1100 888 reni,
1112 813 1133 872 si

95 890 218 958 'vivere
234 897 364 957 honeste
379 912 441 956 non
458 903 605 970 possunt,
628 894 730 969 perire
749 894 877 968 turpiter
892 893 1004 969 velint,
1016 904 1075 957 aut
1089 912 1133 957 car

112 979 230 1041 minore
248 981 356 1041 dolore
372 979 525 1055 perituros
540 994 656 1040 seeum
671 976 781 1051 multis,
800 993 929 1052 quamsi
920 941 1004 1039 soli,
1010 987 1129 1054 pereant,

112 1050 301 1125 arbitrentur.
319 1062 369 1123 22
386 1061 527 1136 Quintum
541 1078 639 1137 genus
653 1059 940 1136 estparrioidarum,
957 1061 1129 1135 sicariorum,
1171 1124 1173 1129 ,

44 1158 46 1165 ’
113 1147 246 1222 denique
261 1162 394 1206 omnium
405 1144 663 1207 facinorosorum
680 1160 758 1221 quos
773 1160 832 1219 ego
847 1160 867 1203 a
880 1143 1010 1205 Catilina
1022 1161 1128 1209 noure·
1171 1172 1174 1179 ·

113 1246 208 1290 voco.
221 1245 303 1288 nam
320 1243 421 1301 neque
438 1229 477 1288 ab
498 1244 536 1288 eo
558 1227 661 1299 divelli
675 1236 807 1303 possunt
827 1236 857 1287 et
875 1236 1006 1302 pereant
1025 1229 1126 1290 sanein
1171 1243 1174 1250 ·

112 1311 287 1382 latrocinio,
304 1310 447 1387 quoniam
463 1318 534 1371 sunt
548 1309 589 1370 ita
602 1312 701 1381 multi,
722 1319 756 1370 ut
769 1326 825 1370 eos
840 1325 1127 1394 carcercapereaoa
1169 1324 1174 1360 ὲ

114 1393 223 1469 possit
255 1393 444 1454 Postremum
458 1402 559 1455 autem
573 1409 671 1468 genus
687 1402 735 1454 cst
748 1410 809 1453 non
824 1393 923 1453 solum
938 1410 1074 1468 numero,
1090 1410 1127 1455 ve
1169 1402 1174 1413 “

111 1494 179 1537 rum
195 1475 285 1537 etiam
299 1492 410 1551 genere
425 1476 495 1574 ipso
518 1485 610 1552 atque
626 1476 702 1548 vita,
727 1477 809 1551 quod
824 1475 982 1550 proprium
1000 1477 1127 1539 cauum

113 1568 174 1634 est,
199 1561 239 1619 de
254 1559 320 1620 eius
335 1559 495 1633 dilectu,
487 1576 578 1620 immo
600 1575 673 1618 vero
695 1561 734 1619 de
749 1558 953 1633 complexu
927 1576 995 1620 erus
1013 1577 1051 1621 ac
1064 1560 1126 1633 sinu,

114 1659 194 1718 quos
208 1653 290 1718 pexo
306 1644 432 1718 capillo,
450 1644 578 1715 nitidos,
597 1651 650 1702 aut
664 1642 817 1703 imberbes
834 1651 887 1702 aut
905 1643 1127 1723 beqebarbotot

113 1726 406 1799 videtis,manicatis
423 1735 453 1787 et
470 1726 614 1787 talaribus
629 1725 756 1800 tunicis,
769 1724 847 1787 velis
864 1725 1010 1802 amictos,
1022 1744 1081 1789 noa
1093 1733 1127 1787 to

112 1807 169 1885 gis,
187 1826 316 1884 quorum
332 1809 429 1871 omnis
445 1810 594 1871 industria
609 1809 687 1871 vitac
702 1817 732 1869 et
746 1807 891 1883 vigilandi
906 1808 995 1869 labor
1013 1809 1045 1870 in
1060 1816 1128 1870 ante

112 1892 231 1952 lucanis
246 1892 354 1961 coenis
372 1894 568 1968 expromitur.
604 1892 655 1954 23.
670 1893 704 1951 In
719 1891 767 1953 his
782 1891 927 1968 gregibus
942 1908 1051 1953 omnes
1062 1894 1128 1954 aleo

111 1983 205 2047 tores,
223 1990 330 2035 omnes
345 1976 484 2054 adulteri,
500 1994 606 2037 omnes
621 1975 731 2050 impuri
745 1975 953 2051 impudicique
970 1984 1127 2037 versantur:

111 2057 143 2115 hi
157 2057 246 2130 pueri
258 2065 317 2116 tam
329 2059 422 2132 lepidi
439 2075 475 2118 ac
491 2059 612 2120 delicati
624 2076 686 2119 non
699 2060 796 2118 solum
809 2075 911 2118 amare
926 2069 956 2120 et
970 2059 1128 2135 amariae

113 2154 174 2214 que
188 2146 311 2199 eantare
327 2149 357 2200 et
372 2142 522 2216 psallere,
536 2144 594 2203 sed
610 2142 700 2203 etiam
719 2141 799 2202 sicas
816 2142 935 2203 vibrare
950 2147 982 2204 et
997 2155 1127 2219 spargere

112 2237 230 2282 venena
246 2221 433 2284 didicerunt:
450 2225 501 2300 qui
517 2225 577 2286 nisi
592 2233 719 2299 exeunt,
747 2225 806 2284 nisi
830 2234 975 2301 pereunt,
1005 2222 1127 2290 etiamsi

113 2304 238 2366 Catilina
253 2305 391 2381 perierit,
411 2307 520 2369 scitote
540 2309 646 2369 hocin
666 2325 699 2368 re
715 2308 837 2383 publica
853 2309 1049 2372 seminarium
1066 2307 1128 2372 cai·

111 2387 249 2447 linarium
264 2391 405 2451 iuturum.
427 2392 540 2452 Verum
555 2403 654 2452 tamen
671 2391 744 2466 quid
760 2392 818 2452 sibi
833 2391 883 2452 isti
900 2391 1004 2453 miseri
1019 2395 1130 2456 voluutt

112 2470 185 2539 llmn
205 2488 278 2532 suas
294 2489 399 2533 seeum
415 2476 607 2536 mulierculas
622 2475 734 2536 suntin
752 2484 853 2535 eastra
870 2472 1012 2536 ducturi?
1049 2478 1130 2574 Quem

112 2554 290 2614 admodum
314 2566 415 2641 autem
435 2557 495 2618 illis
514 2575 619 2619 carere
636 2566 793 2634 poterunt,
818 2557 867 2618 his
882 2560 1065 2632 praesertim
1082 2560 1129 2620 ian

110 2634 273 2697 noctibus?
288 2656 348 2712 quo
363 2632 463 2699 aulem
475 2650 564 2715 pacto
577 2641 820 2716 illiApenninum
832 2650 924 2715 atque
935 2641 1005 2704 illas
1010 2642 1129 2719 pruinas

111 2735 147 2779 ac
158 2718 247 2779 nives
258 2723 472 2795 perierante
443 2740 503 2784 msr
494 2723 628 2786 idcirco
642 2742 676 2785 se
688 2724 807 2785 facilius
820 2723 949 2784 hiemem
961 2728 1130 2789 toleraturos

110 2809 225 2879 putant,
243 2805 326 2876 quod
343 2804 440 2865 nudi
433 2824 462 2865 m
479 2807 628 2887 ιοιιιινιιε
646 2809 757 2868 saltare
774 2808 954 2869 didicerunt

170 2887 220 2947 XI.
229 2886 278 2947 24.
288 2887 436 2951 Obellum
444 2907 553 2964 magno
564 2908 658 2965 opere
666 2893 950 2965 pertimescendum
962 2893 1131 2969 quumbauc

111 2969 149 3032 sit
162 2971 320 3031 habiturus
339 2972 641 3035 Catilinascortorum
654 2975 810 3035 cohortem
824 2975 1017 3051 praetoriam.
1032 2979 1133 3055 lustru·

110 3050 151 3112 ite
167 3069 247 3123 nunc
254 3054 421 3130 ,Quirites
437 3057 605 3118 contrahas
620 3066 680 3118 tam
692 3059 879 3156 praeclaras·
880 3058 1027 3122 Catilinae
1038 3057 1134 3153 copias

112 3144 213 3194 vestra
229 3139 384 3212 praesidia
399 3149 583 3216 vestrosque
599 3141 767 3202 exercitus.
789 3150 819 3203 et
833 3143 964 3218 primum
984 3138 1135 3219 gladiatori

110 3215 153 3275 illi
171 3232 228 3276 con
231 3220 310 3282 lecto
332 3231 363 3284 et
376 3223 481 3286 saucio
503 3226 646 3286 consules
666 3225 928 3302 imperatoresque
948 3237 1073 3289 vestros
1090 3241 1135 3300 op

110 3297 229 3373 ponite·
238 3303 348 3365 demde
357 3307 550 3368 contrarllam
558 3310 772 3385 naulragorum
780 3310 906 3370 erectam
915 3327 950 3370 ac
960 3311 1137 3372 debilitatam

110 3398 232 3448 nanum
244 3384 351 3450 liorem
362 3389 567 3453 totiusltaliae
579 3407 616 3452 ac
629 3393 732 3463 robur
738 3393 867 3505 educite.
883 3395 947 3454 lam
959 3411 1034 3456 voro
1050 3393 1137 3457 urbes
