2356 3854
96 185 157 252 188
377 186 451 246 pito
465 187 498 243 L.
510 185 676 244 MURENA
691 184 843 244 ORATIO.

94 337 190 408 dicio,
218 344 250 395 ut
270 334 370 394 nimiis
389 334 555 393 adversarii
577 335 693 394 viribus
715 335 852 396 abiectus
875 335 1031 401 videretur.
1058 336 1079 398 tt

94 419 186 493 Quid,
209 418 273 478 Ser.
289 417 413 476 Galbam
426 450 469 460 -
482 434 550 476 nam
566 418 706 478 traditum
721 417 886 479 memoriae
903 429 952 480 est
963 453 1005 465 -
1017 437 1078 480 nonu

92 518 208 578 proavo
229 509 297 572 tuo,
321 499 485 559 fortissimo
503 510 594 574 atque
615 499 831 562 florentissimo
854 501 936 573 viro,
958 503 997 562 Μ.
1014 503 1079 562 Catu

92 584 276 643 incumbenti
302 585 342 642 ad
368 583 433 642 eius
461 582 624 656 perniciem
652 587 784 659 populus
807 586 965 645 Romanus
992 585 1079 660 eripuit

93 666 220 740 Semper
237 667 267 725 in
283 667 339 725 hac
355 665 475 726 civitate
492 666 581 726 nimis
602 667 719 740 magnis
737 675 949 728 accusatorum
965 669 1079 743 opibus(

92 756 224 824 populus
239 750 401 809 universus
415 757 446 809 et
463 748 617 823 sapientes
633 758 669 808 ac
689 753 813 810 multum
830 751 860 809 in
877 761 1032 825 posterum
1044 767 1079 826 pro

91 832 255 908 spicientes
275 833 391 892 iudices
414 832 596 892 restiterunt.
636 833 712 892 Nolo
734 841 895 894 accusator
920 835 950 893 in
976 834 1079 894 iudiciur

89 917 255 991 potentiam
268 917 393 985 adierat,
411 930 471 973 non
486 915 549 972 vim
564 913 707 974 maiorem
722 916 863 990 aliquam,
882 935 944 977 non
958 917 1079 977 auctorita

88 1007 149 1059 tem
167 1001 379 1069 excellentem,
396 1014 458 1056 non
475 996 596 1056 nimiam
614 998 748 1070 gratiam.
778 1001 908 1061 Valeant
926 1001 1002 1061 haec
1017 998 1079 1058 omni

90 1084 271 1143 adsalutem
286 1080 504 1154 innocentium,
525 1081 565 1138 ad
580 1097 670 1154 opem
684 1077 903 1156 impotentium,
918 1084 958 1142 ad
975 1084 1079 1142 auxilius

88 1165 350 1240 calamitosorum,
373 1164 403 1221 iu
419 1163 555 1236 periculo
573 1181 644 1223 vero
662 1170 692 1224 et
704 1165 734 1223 in
750 1165 886 1238 pernicie
901 1165 1012 1226 civium
1026 1181 1078 1238 rapu

90 1248 218 1307 dientur.
258 1246 307 1307 60.
329 1247 403 1304 Nam
419 1246 445 1304 si
463 1246 607 1320 quisbue
623 1249 699 1307 torta
717 1247 811 1320 dicet,
830 1248 976 1309 Catonem
991 1251 1077 1308 descen

91 1347 195 1390 surum
208 1331 248 1388 ad
263 1329 470 1389 accusandum
486 1345 546 1386 non
562 1331 673 1399 luisse,
697 1331 754 1390 nisi
776 1331 861 1405 prius
879 1332 918 1391 de
933 1348 1025 1392 causa
1037 1329 1079 1389 iudi

90 1421 205 1483 cassel,
222 1412 355 1486 iniquam
370 1412 482 1484 legem,
497 1412 630 1484 iudices,
648 1423 678 1473 et
690 1414 831 1473 miseram
848 1411 1079 1474 condicionemin

89 1497 191 1556 stituet
201 1495 347 1570 periculis
359 1493 521 1567 hominum,
538 1495 563 1553 si
576 1495 758 1556 existimabit
771 1497 916 1557 iudicium
929 1493 1078 1558 accusatori

87 1579 119 1639 in
133 1595 218 1640 reum
234 1578 408 1654 proaliquo
423 1577 610 1651 praeiudicio
628 1582 730 1639 valere
746 1588 897 1654 oportere.

171 1663 274 1724 XXIX.
301 1662 367 1735 Ego
394 1668 476 1721 tuum
503 1660 678 1734 consilium,
704 1662 791 1736 Cato,
818 1671 945 1737 propter
965 1661 1078 1736 singular

72 1745 180 1806 aanimi
193 1744 254 1805 mei
268 1746 307 1804 de
322 1754 373 1805 tua
388 1745 495 1805 virtute
509 1744 662 1816 iudicium,
682 1746 853 1820 vituperare
871 1746 944 1823 [non
961 1746 1079 1821 possum]

88 1846 149 1889 non
170 1828 253 1889 nulla
274 1828 399 1888 forsitan
416 1830 605 1887 conformare
626 1838 655 1888 et
675 1829 782 1889 leviter
798 1830 962 1890 emendare
980 1840 1079 1903 possm

88 1914 153 1972 Non
167 1917 259 1972 multu
267 1929 385 1986 pecces,
411 1911 507 1985 inquit
521 1911 571 1970 ille
586 1910 750 1972 fortissimo
762 1912 827 1971 viro
847 1912 950 1972 senior
964 1910 1080 1985 magister

87 2002 128 2066 el,
141 1998 302 2069 alpeceos,
318 2002 344 2053 te
358 2011 462 2067 repere
473 2012 599 2068 possum.
638 1997 679 2053 At
694 2011 751 2068 ego
767 2003 796 2054 te
813 1993 973 2055 verissime
990 1991 1079 2054 dixerit

87 2092 218 2149 peccare
240 2076 313 2134 nihil
333 2093 433 2150 neque
454 2079 515 2135 ulla
534 2077 564 2135 in
584 2093 617 2135 re
637 2086 666 2136 te
684 2094 755 2137 esse
775 2078 981 2149 huiusmodi,
1003 2084 1032 2136 ut
1043 2087 1079 2132 cot

87 2159 233 2233 rigendns
247 2160 350 2234 potius
365 2175 455 2233 quam
469 2159 575 2218 leviter
586 2159 789 2220 inflectendus
801 2177 873 2220 esse
885 2161 1017 2221 videare.
1041 2155 1079 2215 m

51 2284 54 2293 .
87 2241 131 2301 xit
151 2242 230 2302 enim
251 2251 280 2301 te
299 2241 368 2315 ipsa
382 2250 487 2301 natura
502 2243 541 2301 ad
560 2242 765 2317 honestatem,
786 2243 980 2317 gravitatem,
1001 2252 1079 2312 tempe

86 2325 226 2397 rantiam,
250 2324 484 2399 magnitudinem
503 2325 608 2397 animi,
625 2325 783 2400 iustitiam,
805 2328 844 2386 ad
859 2344 968 2388 omnes
983 2322 1079 2395 deniqn

87 2407 213 2468 virtutes
227 2426 368 2483 magnum
388 2409 539 2468 hominem
560 2417 590 2469 et
609 2411 774 2469 excelsum.
803 2409 946 2470 Accessit
965 2410 1039 2470 istnc
1053 2405 1079 2466 dt

87 2490 182 2549 ctrina
197 2507 258 2550 non
273 2493 428 2559 moderata
442 2508 499 2550 nec
513 2490 607 2562 mitis,
631 2493 702 2563 sed,
725 2501 757 2552 ut
770 2493 841 2551 mihi
857 2493 990 2562 videtur,
1012 2487 1079 2565 paulr

86 2574 226 2646 asperior
246 2582 276 2632 et
297 2575 400 2633 durior
415 2592 504 2649 quam
524 2583 576 2634 aut
591 2575 701 2634 veritas
722 2584 774 2636 aut
790 2584 897 2634 natura
912 2576 1031 2650 patitur.
1055 2565 1079 2630 ot

84 2656 123 2716 Et
137 2655 280 2730 quoniam
295 2666 355 2715 non
371 2664 417 2716 est
437 2658 526 2718 nobis
546 2658 622 2717 haec
638 2658 734 2717 oratio
750 2658 891 2727 habenda
905 2658 1004 2719 autin
1018 2656 1079 2727 impe

85 2739 142 2800 rita
156 2738 345 2798 multitudine
363 2740 459 2799 autin
474 2741 576 2814 aliquo
593 2749 745 2800 conventu
762 2741 941 2816 agrestium,
967 2735 1077 2800 audacia

85 2824 187 2898 paullo
203 2823 242 2882 de
256 2821 364 2883 studiis
379 2823 586 2894 humanitatis,
611 2841 690 2897 quae
710 2833 739 2884 et
758 2824 830 2883 mihi
851 2832 881 2884 et
894 2824 985 2884 vobis
1000 2829 1079 2881 noae

84 2906 218 2967 iucunda
233 2914 316 2978 sunt,
333 2905 505 2980 disputabo.
533 2908 566 2964 In
581 2907 620 2964 M.
637 2908 765 2979 Catone,
788 2906 921 2978 iudices,
940 2907 1017 2966 haee
1030 2904 1079 2962 bon

21 3042 23 3047 ⁴
86 3007 165 3062 quae
180 2990 318 3050 videmus
340 2989 442 3048 divina
462 2999 492 3050 et
508 2989 629 3063 egregia
645 2989 744 3062 ipsius
763 2990 871 3050 scitote
889 3006 960 3049 esse
974 2982 1078 3063 propria

85 3088 164 3143 quae
178 3086 415 3148 nonnumquam
429 3073 621 3147 requirimus,
637 3089 674 3133 ea
689 3081 760 3133 sunt
774 3072 874 3132 omnia
887 3090 948 3132 non
966 3090 984 3131 a
998 3078 1079 3157 natura

86 3168 189 3212 verum
211 3172 230 3214 a
248 3157 401 3230 magistro.
435 3156 502 3216 Fuit
523 3158 600 3214 enim
624 3155 746 3231 quidam
771 3173 889 3216 summo
911 3155 1030 3229 ingenio
1052 3160 1079 3204 vl

84 3232 183 3306 Zeno,
208 3240 294 3298 cuius
315 3241 507 3301 inventorum
528 3240 638 3298 aemuli
658 3239 753 3300 Stoici
775 3239 977 3298 nominantur.
1014 3230 1079 3320 linitt

86 3319 252 3376 sententiae
274 3331 344 3382 sunt
365 3333 395 3383 et
420 3331 582 3398 praecepta
608 3321 674 3382 eius
699 3320 795 3381 modi:
826 3321 995 3394 sapientem
1017 3320 1079 3391 grai*

25 3427 30 3435 =
84 3415 248 3474 numquam
269 3405 399 3477 moveri,
422 3422 592 3478 numquam
607 3407 785 3478 cuiusquam
803 3405 915 3464 delicto
936 3403 1078 3476 ignoscere
