2356 3854
386 148 468 209 cAP.
485 158 582 212 a—o.
604 157 758 218 §.a-ro.
967 136 970 141 ’
1026 155 1092 222 137

70 317 102 361 cs
120 299 197 375 ipsa
211 297 336 374 flagitat
366 299 464 360 Unum
480 300 569 361 etiam
587 318 667 362 nunc
681 304 863 365 concedam=
879 313 998 380 exeant,
1017 324 1089 383 pro-

70 383 252 457 ciscantur,
278 397 318 445 ne
343 382 492 458 patiantur
516 383 669 447 desiderio
695 387 743 448 sui
765 387 919 448 Catilinam
944 389 1088 451 miserum

70 466 228 541 ¹tbescere
257 466 479 535 Demonstrabo
494 468 565 529 itera
590 468 714 531 Aurelia
731 470 781 530 via
798 474 956 546 profectus
974 480 1036 533 est:
1060 472 1088 534 si

70 551 233 611 ccelerare
251 551 362 623 volent,
379 552 419 619 ad
432 567 592 628 vesperam
604 563 840 629 consequentur.
871 551 900 617 7.
918 554 1087 618 Ofortuna-

70 652 112 695 nn
132 648 202 693 reru
223 632 389 708 publicam,
414 634 441 695 si
457 634 578 712 quidem
593 636 672 697 hanc
687 637 835 698 sentinam
848 638 933 699 urbis
947 632 1086 700 eiecerit!

70 719 122 778 'no
139 716 316 777 mehercule
332 717 457 779 Catilina
471 719 629 792 exhausto,
647 721 746 780 levata
759 720 830 780 mihi
846 730 876 781 et
886 731 1022 783 recreata
1035 739 1086 783 res

70 799 183 863 ubliea
204 798 331 860 videtur.
367 799 445 873 puin
459 801 538 862 enim
553 802 623 862 mali
638 811 689 864 aut
704 803 829 864 sceleris
844 804 917 885 fingi
937 812 989 865 aut
1004 806 1087 880 cogi·

70 884 109 944 tri
127 890 235 958 potest
254 883 338 958 quod
353 901 414 945 non
433 883 483 953 ille
500 886 696 960 conceperit?
724 885 797 963 Quis
812 887 979 951 totaltalia
995 904 1087 947 vene-

70 984 145 1041 cuS,
162 965 233 1043 quis
246 966 404 1042 gladiator,
419 966 488 1043 quis
504 969 589 1041 latro,
609 968 677 1045 quis
693 968 831 1045 sicarius,
847 970 915 1045 quis
926 969 1087 1044 parricida,

70 1050 126 1113 uis
142 1056 393 1115 testamentorum
409 1049 577 1124 subiector,
594 1052 663 1127 quis
675 1051 935 1128 circumscriptor,
952 1051 1021 1127 quis
1035 1069 1088 1127 ga·

72 1154 126 1208 eo,
143 1133 216 1209 quis
228 1151 337 1211 nepos,
352 1135 421 1212 quis
436 1136 561 1209 adulter,
579 1153 657 1210 quae
670 1137 776 1197 mulier
790 1135 920 1209 infamis
936 1135 1005 1210 quis
1021 1152 1088 1199 cor·

70 1228 164 1297 optor
180 1218 360 1291 iuventutis,
377 1218 446 1294 quis
461 1227 632 1296 corruptus,
648 1219 717 1294 quis
730 1219 866 1296 perditus
881 1219 1009 1281 inveniri
1022 1227 1088 1295 pot-

70 1312 108 1365 tst
128 1300 182 1379 qui
202 1317 237 1363 se
257 1318 326 1364 curn
342 1301 469 1365 Catilina
481 1319 543 1364 non
561 1303 792 1365 familiarissime
809 1303 925 1366 vixisse
941 1305 1091 1366 fateaturt

70 1404 141 1467 quae
155 1387 269 1467 caedes
289 1403 346 1462 per
365 1389 462 1451 hosce
477 1405 574 1451 annos
593 1386 660 1449 sine
678 1388 730 1449 illo
751 1389 831 1450 facta
845 1395 913 1450 estu
938 1388 1021 1464 quod
1036 1405 1089 1448 ne-

70 1472 169 1535 'arium
185 1480 324 1548 stuprum
339 1489 401 1533 non
414 1491 470 1550 per
483 1475 586 1535 illumi
608 1470 645 1543 ,8.
665 1475 727 1536 lam
741 1490 816 1534 vero
835 1489 914 1548 quae
929 1481 1010 1533 tanta
1023 1489 1090 1532 um·
1150 1521 1163 1537 t

70 1574 152 1634 quam
168 1555 199 1617 iu
213 1558 276 1619 ullo
291 1556 413 1617 bomine
429 1557 593 1620 iuventutis
608 1559 751 1621 illecebra
769 1557 825 1618 fuit
842 1564 955 1631 quanta
971 1555 1000 1616 in
1016 1554 1091 1614 illot

70 1640 113 1717 qui
132 1641 211 1701 alios
233 1639 304 1715 ipso
318 1641 438 1701 amabat
451 1641 641 1716 turpissime,
661 1641 790 1702 aliorum
804 1638 899 1700 amori
914 1637 1089 1712 flagitiosis·

70 1725 138 1785 time
152 1723 321 1784 serviebam
341 1724 409 1784 aliis
426 1725 555 1785 fructum
569 1723 741 1793 libidinum,
758 1723 825 1783 aliis
840 1730 966 1782 mortem
981 1736 1090 1797 paren·

70 1825 123 1869 um
138 1822 201 1867 non
215 1807 307 1866 modo
322 1806 523 1881 impellendo,
545 1823 650 1867 verum
670 1806 760 1866 etiam
776 1804 950 1865 adiuvando
964 1805 1090 1879 pollice-

70 1900 157 1953 eamr.
191 1889 279 1951 Nunc
299 1906 482 1964 veroquam
503 1889 603 1950 subito
618 1906 680 1949 non
702 1890 802 1950 solum
818 1905 859 1948 ex
873 1889 963 1960 urbe,
986 1894 1096 1973 uerum·

70 1973 151 2035 etiam
168 1971 304 2048 onagris
319 1974 472 2047 ingentem
487 1988 646 2033 numerum
656 1971 842 2047 perditorum
858 1971 1013 2032 hominum
1028 1972 1090 2033 col·

70 2058 191 2132 egerat!
212 2056 308 2117 Nemo
326 2073 386 2117 non
402 2057 494 2116 modo
508 2056 633 2128 Romae,
651 2056 707 2116 sed
723 2073 761 2115 ne
776 2056 837 2119 ullo
854 2055 978 2131 quidem
991 2054 1022 2114 in
1036 2072 1090 2117 an-

70 2142 132 2215 ullo
152 2138 246 2201 totius
260 2139 364 2200 ltaliae
386 2156 556 2215 oppressus
576 2155 647 2199 aere
668 2138 768 2199 alieno
785 2139 840 2201 fuit
862 2156 951 2214 quem
971 2155 1033 2199 non
1049 2138 1091 2199 ad

70 2223 120 2283 boc
140 2221 318 2297 incredibile
340 2222 466 2284 sceleris
489 2223 599 2283 foedus
621 2221 772 2283 asciverit.
814 2224 853 2282 V.
875 2220 905 2280 9.
932 2226 1034 2297 Atque
1058 2229 1092 2282 ut

70 2304 128 2367 eius
145 2303 271 2367 diversa
292 2305 393 2367 studia
409 2307 438 2365 in
459 2305 600 2366 dissimili
619 2306 736 2367 ratione
758 2306 934 2380 perspicere
953 2304 1090 2379 possitis,
1126 2334 1133 2349 ν

70 2405 150 2451 nemo
166 2397 215 2451 est
229 2388 261 2449 in
275 2390 350 2449 ludo
367 2388 547 2465 gladiatorio
562 2390 665 2464 paullo
686 2390 727 2448 ad
744 2389 862 2448 lacinus
877 2386 1023 2449 audacior
1037 2387 1091 2464 qui

70 2488 98 2532 oe
112 2489 174 2533 non
189 2471 325 2532 intimum
341 2471 485 2532 Catilinae
499 2488 570 2532 esse
589 2473 732 2543 fateatur,
755 2488 844 2532 nemo
865 2470 896 2531 in
917 2487 1029 2532 scaena
1048 2473 1091 2531 le·

70 2556 128 2615 rior
148 2564 179 2617 et
197 2554 329 2630 nequior
350 2554 403 2631 qui
424 2571 459 2615 se
483 2570 545 2614 non
568 2554 706 2616 eiusdem
721 2570 820 2629 prope
836 2555 974 2615 sodalem
993 2555 1091 2616 fuisse

70 2645 287 2699 commemoret.
326 2640 429 2714 Atque
451 2637 531 2699 idem
552 2645 667 2709 tumen,
693 2646 866 2712 stuprorum
889 2646 920 2699 et
941 2639 1092 2699 scelerum

70 2721 278 2783 exercitatione
299 2722 511 2792 adsuefactus,
535 2720 647 2795 frigore
669 2729 699 2782 et
715 2721 795 2783 farne
815 2730 846 2783 et
860 2718 911 2782 siti
932 2730 962 2781 et
982 2719 1092 2794 vigiliis

70 2805 267 2878 perferendis,
289 2803 376 2865 fortis
397 2805 435 2864 ab
455 2804 523 2865 istis
540 2804 788 2879 praedicabatur,
812 2820 905 2878 quum
925 2801 1092 2863 industriae

70 2888 200 2951 subsidia
223 2897 315 2964 atque
339 2886 537 2949 instrumenta
557 2886 675 2949 virtutis
697 2886 728 2946 in
753 2887 878 2947 libidine
902 2883 1094 2956 audaciaque

71 2979 266 3033 consumeret.
304 2969 354 3035 10.
376 2973 463 3032 Hunc
480 2987 554 3031 vero
572 2970 599 3031 si
615 2969 713 3031 secuti
734 2978 822 3031 arunt
836 2968 885 3029 sui
900 2966 1042 3037 comites,
1065 2963 1093 3024 si

71 3066 103 3113 ex
121 3055 197 3116 urbe
218 3052 348 3117 exierint
368 3054 602 3128 desperatorum
626 3051 781 3113 hominum
802 3047 947 3125 flagitiosi
971 3063 1091 3123 greges,

73 3150 153 3198 onos
166 3139 286 3210 beatos,
303 3154 322 3198 o
337 3153 401 3197 rem
416 3135 568 3211 publicam
583 3137 774 3205 fortunatam,
793 3150 811 3194 o
826 3131 1013 3209 praeclaram
1028 3132 1092 3192 lau·

74 3216 321 3283 lenconsulatus
331 3219 406 3280 mei!
428 3219 495 3280 Non
506 3219 586 3279 enim
597 3219 657 3277 iam
669 3215 922 3278 suntmediocres
936 3214 1093 3276 hominum

74 3296 218 3378 ibidines,
238 3321 301 3365 non
320 3303 472 3364 humanae
485 3316 522 3360 ac
540 3299 715 3361 tolerandae
736 3298 896 3360 audaciae:
920 3297 995 3360 nihil
1009 3296 1093 3373 cogi-

75 3386 126 3447 tant
137 3387 198 3449 nisi
211 3388 347 3459 caedem,
364 3385 426 3517 aiei
438 3382 590 3457 incendia,
606 3382 664 3445 nisi
677 3381 812 3457 rapinas.
839 3381 1092 3444 commonuero
