2356 3854
6 156 11 162 ἣ
79 202 140 269 128
343 210 381 266 lN
397 209 431 266 L'.
447 207 657 273 CATILINAM
672 204 812 266 ORATIO
827 196 853 265 1.'

80 362 163 434 Quae
177 367 248 418 noto
263 357 447 417 domesticae
462 355 653 430 turpitudinis
665 373 725 415 non
742 356 842 415 inusta
860 355 942 415 vltae
954 364 1017 415 tuat

81 443 168 516 Quod
183 440 364 521 privatarum
382 456 481 498 rerum
498 440 632 499 dedecus
647 456 708 499 non
723 438 827 499 haeret
844 437 1010 497 infamiam

81 524 173 584 libido
188 524 226 582 ab
243 523 347 596 oculiS,
365 522 448 596 qnod
461 523 576 581 lacinus
592 539 610 580 a
625 521 764 581 monibus
779 536 923 594 umquam
938 519 1009 592 tuis,

81 606 226 681 flagitium
241 622 260 664 a
274 612 337 665 toto
356 621 485 678 corpore
499 604 594 663 alulit
638 604 691 663 cui
707 612 737 663 tu
755 603 1003 675 adolescentulo,

81 691 319 763 corruptelarum
334 688 485 747 illecebris
503 687 664 756 irretisses,
683 695 807 746 nonant
821 687 861 744 ad
875 685 1017 745 audaciai

80 788 147 832 rum
162 771 266 832 autad
280 770 434 830 libidinem
452 771 547 842 facem
562 770 751 842 praetulisti?
776 767 824 829 14,
840 768 919 841 Quid
933 785 1010 827 vero

82 871 137 930 per
152 871 243 929 quum
257 863 353 913 morte
368 852 536 927 superioris
550 851 655 910 uxoris
679 851 769 910 novis
786 851 899 925 nuptiis
917 852 1017 911 domur

82 914 283 1009 cueiedisses,
306 951 407 996 nonne
429 935 517 994 etiam
536 935 593 993 alio
612 933 780 993 incredibili
794 934 912 993 scelere
927 934 988 992 hoc
1006 950 1017 991 s

82 1018 263 1081 cumulasti?
274 1020 358 1094 quod
372 1035 430 1093 ego
446 1017 648 1092 praetermitto
662 1024 692 1076 et
707 1016 795 1075 facile
807 1015 905 1090 patior
916 1017 1007 1090 sileri,

80 1104 138 1164 hac
158 1101 279 1162 civitate
300 1101 374 1160 tanti
394 1099 537 1160 facinoris
558 1100 726 1159 immanitas
743 1109 795 1160 aut
809 1099 966 1159 exstitisse
981 1115 1017 1159 au

81 1186 233 1244 vindicata
248 1199 318 1243 esse
332 1183 479 1245 videatur.
502 1183 708 1243 Praetermitto
726 1182 828 1241 ruinas
841 1182 1017 1241 fortunarun

80 1284 156 1339 rum,
176 1282 253 1340 quas
267 1281 373 1326 omnes
387 1265 564 1340 impendere
578 1266 631 1325 tibi
643 1264 791 1340 proximis
801 1265 907 1323 Idibus
922 1265 1017 1324 sentie

80 1349 133 1409 illa
147 1348 255 1420 venio,
285 1365 364 1423 quae
381 1364 442 1407 non
457 1349 496 1406 ad
514 1347 659 1422 privatam
677 1347 871 1422 ignominiam
885 1347 1017 1407 vitiorun

81 1449 157 1504 rum,
174 1448 234 1491 non
251 1431 290 1489 ad
306 1430 502 1491 domesticam
517 1439 598 1490 tuam
610 1431 815 1491 difficultatem
831 1445 867 1489 ac
881 1431 1014 1504 turpitud

83 1516 138 1575 sed
160 1514 200 1574 ad
223 1530 453 1595 summamrem
476 1513 628 1589 publicam
647 1523 738 1588 atque
758 1513 950 1573 ad-omnium
971 1530 1017 1575 nor

84 1597 175 1658 vitam
190 1598 379 1672 salutemque
395 1599 552 1672 pertinent.
576 1596 624 1658 15.
645 1597 787 1657 Potestne
803 1595 858 1657 tibi
873 1597 951 1656 haee
966 1598 1017 1656 lux

83 1679 180 1754 tilina,
205 1689 257 1742 aut
277 1680 367 1741 huius
383 1680 458 1739 caeli
477 1680 601 1755 spiritus
621 1696 692 1740 esse
714 1679 881 1750 iucundus,
911 1696 1005 1753 quum

81 1765 189 1825 horum
201 1779 272 1824 esse
282 1765 431 1824 neminem
443 1764 495 1838 qui
507 1763 623 1824 nesciat
633 1773 663 1824 te
674 1763 771 1838 pridie
782 1762 938 1821 Kalendas
951 1765 1017 1822 lanu

81 1848 197 1922 Lepido
213 1857 243 1907 et
254 1847 339 1907 Tullo
352 1848 529 1908 consulibus
544 1847 665 1908 stetisse
680 1848 710 1905 in
724 1845 844 1905 comitio
864 1861 932 1904 cum
947 1848 1017 1906 telot

82 1946 154 1990 num
169 1925 327 1990 consulum
342 1940 373 1991 et
386 1928 556 2005 principum
572 1928 700 1990 civitatis
720 1927 997 1991 interficiendorum
1013 1949 1017 1984 t

82 2012 262 2086 paravisset
275 2008 383 2073 sceleri
398 2029 433 2072 ac
451 2014 544 2074 furori
558 2021 610 2074 tuo
626 2031 686 2073 non
702 2023 831 2074 mentem
851 2012 986 2086 aliquam
1004 2029 1017 2070 a

82 2109 197 2152 morem
211 2101 309 2167 tuum,
339 2095 395 2155 sed
415 2097 565 2158 fortunam
581 2097 688 2172 populi
704 2098 833 2157 Romani
854 2095 1017 2159 obstitisse¹

82 2176 141 2236 iam
155 2175 207 2235 illo
221 2177 325 2238 omitto
339 2212 381 2222 --
398 2194 498 2254 neque
512 2181 591 2240 enim
606 2190 676 2240 sunt
690 2189 742 2239 aut
756 2182 886 2241 obscura
898 2192 949 2242 ant
962 2200 1017 2241 non

81 2268 112 2320 ta
133 2260 296 2321 commissa
308 2294 352 2305 -
367 2264 507 2336 quotiens
529 2271 561 2323 tn
580 2280 629 2323 me
646 2263 849 2337 designatum,
874 2267 1015 2338 quotiens

83 2345 180 2402 sulcm
196 2342 366 2404 interficere
383 2355 510 2407 conatus
525 2355 574 2406 est
614 2354 688 2420 quot
712 2362 769 2421 ego
798 2356 867 2407 tuas
889 2349 1017 2421 peritton

83 2424 245 2497 coniectas,
260 2435 293 2486 ut
306 2428 393 2488 vitari
408 2445 502 2502 posse
516 2446 577 2489 non
592 2430 780 2500 viderentur,
796 2447 891 2504 parva
907 2432 1017 2503 quadar

82 2506 243 2567 clinatione
258 2519 296 2580 et,
313 2520 344 2570 ut
358 2510 450 2583 aiunt,
467 2528 596 2587 corpore
612 2511 718 2585 effugi!
747 2512 825 2571 Nihil
839 2513 1017 2587 adsequeris

83 2605 144 2663 que
158 2597 257 2650 tamur
269 2594 373 2653 conari
387 2609 423 2653 ec
437 2596 514 2654 velle
529 2595 661 2654 desistis.
688 2593 737 2654 16.
754 2595 898 2667 Quotiens
915 2597 968 2656 tibi
979 2596 1017 2655 iar

81 2678 160 2732 torta
180 2680 228 2732 est
245 2674 303 2732 ista
318 2676 381 2734 sica
402 2676 612 2736 demonibus!
655 2677 795 2753 quotiens
818 2679 931 2739 excidit
954 2696 1017 2739 cast

82 2770 144 2829 qno
161 2762 191 2813 et
205 2757 310 2830 elapsa
325 2766 385 2817 est!
419 2777 498 2833 quae
520 2760 642 2834 quidem
665 2760 775 2834 quibus
803 2762 905 2821 abste
928 2762 1017 2821 initiat

82 2837 142 2897 cris
158 2854 194 2897 ac
209 2839 320 2900 devota
336 2840 375 2900 sit
394 2843 514 2916 nescio,
541 2844 623 2916 quod
638 2859 705 2902 eam
722 2859 851 2903 necesse
873 2853 965 2918 putas
987 2861 1017 2904 es

82 2921 217 2981 consulis
233 2938 361 2997 corpore
370 2925 518 2998 deligere.
556 2927 620 2984 Vll.
635 2924 719 2985 Nube
734 2944 806 2986 vero
823 2943 902 3000 quae
915 2935 968 2987 tna
984 2945 1017 2987 es

81 3004 163 3064 vitet
179 3005 230 3065 Sic
247 3007 325 3065 enirn
342 3007 400 3066 iarn
416 3016 514 3068 tecum
528 3009 644 3082 loquar,
659 3025 719 3068 non
734 3018 766 3069 ut
781 3010 850 3070 odio
864 3019 1017 3085 permotus

81 3085 195 3159 videar,
213 3106 273 3165 quo
288 3090 396 3165 debeo,
412 3092 468 3151 sed
479 3100 511 3150 ut
525 3091 740 3163 misericordia,
758 3109 836 3165 quae
851 3093 903 3152 tibi
915 3097 997 3152 nulla
1012 3112 1017 3150 t

80 3174 138 3226 tur.
172 3171 292 3234 Venisti
305 3176 408 3249 paullo
426 3183 495 3234 ante
511 3173 542 3233 in
557 3183 702 3235 senatum.
751 3175 824 3247 Quis
848 3184 876 3236 te
891 3193 930 3234 ex
950 3177 1008 3235 hac

81 3250 264 3328 frequentia,
280 3264 324 3317 tot
339 3274 378 3317 ex
390 3256 448 3317 tuis
464 3256 568 3316 amicis
581 3274 617 3316 ac
627 3257 809 3317 necessariis
823 3259 984 3319 salutavit?
1002 3260 1017 3318 S

80 3338 153 3407 post
171 3332 325 3417 bominum
345 3340 518 3400 memoriam
543 3340 667 3415 contigit
686 3340 813 3413 nemini,
841 3342 925 3401 vocis
941 3358 1017 3416 exsp

80 3419 310 3519 οοηῑιιιῃοιρμ,
331 3438 424 3497 quum
440 3423 483 3481 sis
498 3422 679 3497 gravissimo
696 3422 806 3482 iudicio
823 3424 1014 3484 taciturnitati

194 3508 263 3571 aaa:

128 3578 138 3593 r·
182 3576 192 3593 .¹
234 3576 238 3585 ·
283 3576 288 3583 ¹

157 3580 278 3631 ..¹·'·''111
