2356 3854
386 213 467 272 cap.
481 221 597 275 s-rc.
619 220 645 280 s.
661 214 736 276 itt-¹
748 224 790 277 aa·
1042 217 1103 286 153

70 363 181 424 talibus
196 361 325 423 ducibus
342 361 421 421 banc
434 371 585 434 'utentem
603 362 747 435 Quirites,
771 367 1017 440 voluntatemque
1033 385 1100 429 sus-

70 446 153 521 cepi,
178 452 272 520 atque
286 445 326 505 ad
339 444 415 505 ltaec
428 453 511 506 tenta
525 445 638 504 indicia
649 446 788 520 perveni.
820 448 883 507 lam
898 465 972 509 vero
985 449 1036 511 illa
1049 455 1100 513 Al-

70 531 230 602 lobrogum
253 527 424 589 sollicitatio
441 571 529 590 ......
550 529 610 588 iam
631 529 670 589 ab
682 529 810 590 Lentulo
832 531 1025 607 caeterisque
1046 535 1100 595 do-

70 610 204 672 mesticis
219 610 358 672 hostibus
373 618 434 671 tam
449 613 605 672 dementer
619 619 719 672 tantae
733 628 785 673 res
799 615 933 675 creditae
944 623 975 675 et
989 617 1101 691 ignotis

70 705 96 756 et
111 693 255 754 barbaris
270 693 515 769 commissaeque
527 695 643 756 litterae
657 711 821 769 numquam
836 706 941 759 essent
951 702 1099 772 protecto,

70 777 127 838 nisi
156 777 195 836 ab
223 776 272 837 dis
297 777 516 839 immortalibus
542 778 612 839 huic
637 786 739 838 tantae
765 779 912 839 audaciae
940 783 1100 844 consitium

70 868 153 922 esset
178 869 326 934 ereptum.
369 860 449 934 nQuid
471 869 566 920 vorot
592 871 625 921 ut
650 860 788 921 homines
811 861 888 921 Galli
913 879 954 922 ex
980 865 1100 927 civitate

70 945 148 1004 male
170 951 294 1017 pacata,
315 959 394 1016 quac
409 959 484 1017 gens
503 960 563 1004 una
578 951 673 1004 restat
689 960 767 1018 quae
782 945 894 1003 bellum
909 949 1026 1020 populo
1040 949 1100 1009 Ro-

70 1043 157 1086 mano
175 1027 277 1086 iacere
293 1033 323 1085 et
339 1043 434 1101 posse
449 1035 479 1087 et
493 1044 554 1086 non
569 1028 650 1088 nolle
665 1027 811 1099 videatur,
831 1045 918 1102 spem
932 1028 1050 1104 imperii
1064 1047 1100 1091 ac

70 1126 170 1178 rerum
189 1108 388 1169 maximamm
407 1111 485 1170 ultro
504 1110 562 1169 sibi
583 1127 601 1171 a
622 1110 756 1185 patriciis
776 1111 949 1172 hominibus
970 1115 1099 1173 oblatam

70 1193 259 1270 negligerent
284 1200 478 1266 vestramque
499 1194 625 1253 salutem
650 1194 714 1254 suis
740 1194 850 1270 opibus
871 1205 1099 1270 anteponerent,

70 1277 103 1336 id
113 1293 175 1337 non
190 1275 335 1336 divinitus
351 1292 422 1337 esse
437 1277 548 1336 iactum
563 1277 697 1352 putatis?
714 1278 891 1353 praesertim
905 1280 957 1354 qui
969 1297 1027 1341 nos
1038 1298 1100 1341 non

70 1360 252 1435 pugnando,
274 1360 330 1418 sed
345 1360 474 1419 tacendo
490 1376 636 1433 superare
650 1369 835 1435 potuerunt?

150 1443 189 1504 X.
206 1440 258 1504 23.
282 1442 524 1517 Quamobrem,
543 1443 688 1516 Quirites,
707 1446 849 1519 quoniam
865 1447 903 1504 ad
920 1445 1020 1510 omnia
1035 1449 1100 1520 pul-

70 1526 187 1587 vinaria
208 1526 391 1601 supplicatio
414 1527 536 1588 decreta
556 1536 617 1598 est,
644 1529 828 1589 celebratote
853 1530 922 1589 illos
945 1530 1011 1588 dies
1033 1546 1101 1590 cum

70 1608 251 1684 coniugibus
268 1626 305 1668 ac
320 1605 423 1670 liberis
437 1610 558 1671 vestris.
600 1612 674 1670 Nam
690 1610 774 1671 multi
794 1627 888 1685 saepe
902 1611 1036 1671 honores
1053 1614 1100 1672 dis

69 1692 287 1753 immortalibus
300 1692 371 1753 iusti
386 1692 480 1753 habiti
491 1701 563 1754 sunt
572 1710 607 1752 ac
619 1693 722 1765 debiti,
738 1694 797 1752 sed
808 1695 946 1766 protecto
958 1694 1100 1754 iustiores

70 1792 243 1851 numquam.
276 1777 380 1850 Erepti
402 1776 481 1834 enim
499 1775 574 1836 estis
590 1793 627 1836 ex
649 1775 861 1835 crudelissimo
880 1792 916 1834 ac
932 1776 1100 1837 miserrimo

69 1859 204 1931 interitu,
214 1859 310 1934 erepti
326 1859 392 1918 siue
410 1861 514 1931 caede,
530 1858 596 1917 sine
611 1858 767 1932 sangnine,
785 1858 850 1918 sinc
867 1858 1011 1928 exercitu,
1035 1859 1102 1920 sine

70 1943 278 2004 dimicatione:
303 1941 397 2016 togati
418 1958 467 2001 mc
490 1959 551 2001 uno
573 1950 675 2016 togato
692 1942 771 2002 duce
786 1950 816 2001 et
830 1942 1012 2025 imperatore
1030 1942 1101 2002 vici-

70 2026 144 2086 stis·
176 2025 227 2087 24.
248 2026 365 2086 Etenim
383 2025 601 2097 recordamini,
620 2025 766 2099 Quirites,
789 2041 895 2086 omnes
914 2025 1020 2086 civiles
1039 2025 1102 2086 dis-

70 2109 241 2181 sensiones,
258 2126 318 2169 uon
335 2111 434 2169 solum
448 2126 511 2181 eas,
530 2109 761 2183 quaeaudistis,
783 2110 918 2183 sedeas,
937 2127 1014 2182 quas
1030 2126 1101 2170 vos-

70 2201 128 2254 met
150 2191 212 2268 ipsi
233 2191 410 2252 meministis
433 2199 526 2267 atque
553 2192 682 2253 vidistis.
724 2193 758 2251 L.
781 2192 864 2252 Sulla
880 2192 911 2251 P.
935 2191 1103 2266 Sulpicium

70 2275 240 2351 oppressit,
256 2275 345 2337 eiecit
361 2292 400 2335 cx
416 2276 506 2350 urbe,
522 2276 552 2335 C.
568 2276 711 2347 Marium,
728 2277 887 2336 custodem
902 2274 994 2334 huius
1008 2274 1103 2347 urbis,

70 2361 244 2434 multosque
261 2361 355 2419 tortos
375 2360 459 2420 viros
477 2359 586 2434 partim
604 2359 694 2419 eiecit
714 2375 753 2418 ex
771 2358 906 2430 civitate,
928 2356 1037 2432 partim
1058 2356 1103 2416 in-

70 2441 194 2503 teremit.
224 2443 275 2502 Cn.
289 2441 433 2502 Octavius
446 2446 554 2503 consul
565 2442 657 2502 armis
670 2440 787 2516 expulit
801 2456 839 2501 cx
851 2441 927 2501 urbe
939 2442 1103 2516 collegam:

70 2526 167 2587 omnis
188 2524 238 2586 hic
259 2528 346 2585 locus
364 2526 483 2586 acervis
504 2543 666 2600 corporum
691 2534 721 2586 et
737 2525 846 2586 civium
864 2525 1012 2600 sanguine
1034 2526 1102 2585 red-

70 2608 204 2669 undavit.
247 2608 409 2682 Superavit
435 2619 545 2683 postea
576 2609 670 2669 Cinna
699 2626 767 2670 cum
794 2608 905 2669 Mario:
931 2619 994 2671 tum
1018 2625 1103 2680 vero,

70 2691 248 2753 clarissimis
268 2691 343 2751 viris
366 2693 546 2763 interiectis,
569 2692 683 2753 lumina
703 2692 833 2753 civitatis
854 2695 1005 2754 exstincta
1023 2700 1102 2752 sunt.

70 2775 156 2835 Ultus
171 2784 219 2836 est
238 2774 329 2835 huius
350 2775 496 2836 victoriae
514 2776 722 2836 crudelitatem
741 2785 849 2850 postea
865 2777 963 2846 Sulla,
987 2791 1025 2834 ne
1044 2773 1104 2832 dici

70 2857 192 2932 quidem
209 2875 289 2932 opus
307 2868 355 2918 est
371 2867 483 2932 quanta
500 2859 705 2919 deminutione
722 2860 833 2919 civium
849 2868 878 2918 et
896 2865 1008 2932 quanta
1026 2857 1104 2914 cala-

70 2940 170 3001 mitate
191 2942 237 3000 rei
257 2942 409 3016 publicae.
451 2943 604 3003 Dissensit
622 2943 662 3000 itt.
680 2938 815 3016 Lepidus
836 2959 854 3000 a
876 2940 1046 3000 clarissimo
1068 2953 1104 2996 ac

70 3023 236 3085 fortissimo
251 3023 317 3084 viro
336 3024 370 3097 Q.
386 3024 506 3084 Catulo:
532 3024 629 3084 attulit
643 3043 704 3085 non
719 3034 780 3085 tam
795 3024 892 3097 ipsius
907 3021 1045 3082 interitus
1060 3021 1104 3078 rei

70 3106 210 3180 publicae
229 3109 344 3168 luctum
362 3124 453 3181 quam
476 3116 674 3166 caeterorum.
717 3105 768 3167 25.
797 3109 899 3179 Atque
916 3105 985 3164 illac
1005 3112 1103 3164 tamen

70 3204 176 3250 omnes
192 3189 406 3251 dissensiones
422 3197 508 3248 arant
522 3189 588 3249 eius
602 3190 696 3262 modi,
712 3204 791 3263 quae
805 3204 864 3247 non
880 3190 919 3248 ad
935 3189 1105 3259 delendam,

70 3273 122 3332 sed
145 3273 187 3332 ad
214 3274 457 3334 commutandam
481 3288 546 3331 rem
571 3271 724 3346 publicam
749 3271 949 3345 pertinerent=
974 3288 1035 3331 non
1062 3270 1104 3329 illi
1172 3348 1175 3352 Δ

70 3357 180 3415 nubam
197 3372 269 3416 esse
283 3373 347 3416 rem
364 3355 531 3430 publicam,
555 3356 610 3414 sed
629 3354 658 3413 in
675 3371 726 3426 ea,
749 3370 827 3428 quae
849 3364 946 3427 esset,
972 3370 1006 3415 se
1034 3368 1105 3414 esse

70 3439 241 3514 principes,
258 3456 361 3515 neque
375 3440 454 3499 hanc
469 3439 574 3499 urbem
583 3437 783 3514 conflagrare,
799 3437 855 3498 sed
870 3455 905 3500 se
920 3439 951 3498 in
965 3438 1022 3497 hac
1029 3436 1105 3495 urbe

1095 3584 1136 3636 d
