2356 3854
122 181 186 247 ast
369 179 442 239 eno
457 179 743 241 mauraneum
756 177 910 238 omno.
944 160 951 253 ἴ

120 338 289 407 putaretur,
307 338 368 390 tum
389 328 567 389 auctoritate
591 336 620 388 et
641 329 735 401 gratia
751 328 869 387 Luculli
888 328 928 387 ab
947 327 1136 388 Heracliensi-

120 415 178 474 bus
200 413 379 489 impetravit.
408 406 438 471 7.
454 413 530 471 Data
545 418 593 470 est
607 409 844 470 civitassilvani
862 411 934 484 lege
949 417 981 470 et
995 407 1144 485 Cardeam
1177 490 1178 496 ἵ

120 513 148 556 s1
165 510 213 563 our
230 510 413 554 rosnuanrrs
428 509 614 553 crvrrnrmus
626 508 761 552 nscnnm
775 507 931 552 uurssuur=
947 508 977 551 sr
989 507 1059 563 rou,
1070 508 1137 560 oum

118 593 376 648 armorumue,
393 594 424 634 nr
443 577 548 635 lenum
563 590 740 651 nourcruruu
760 588 944 634 uiaurssunr
957 591 996 632 ur
1010 591 1039 633 ει
1059 576 1136 635 seire·

35 688 38 695 ·
118 677 209 720 cruri
231 675 334 719 ornans
356 675 432 717 erun
458 674 636 717 rnnurorunr
662 674 771 718 ussuur
793 672 944 718 eaoressr.
983 657 1079 730 Quum
1099 659 1136 718 lrie

118 743 304 804 domicilium
318 744 434 804 Romae
452 743 561 802 multos
576 740 635 800 iam
650 757 748 800 annos
762 740 903 812 haberet,
925 741 1088 814 professus
1100 748 1136 801 est
1175 723 1178 800 Ι

117 827 201 900 apud
222 835 393 900 praetorem
414 824 448 897 0.
468 825 621 884 Metellum
641 821 907 883 familiarissimum
929 839 1033 883 suum.
1066 821 1094 884 8.
1111 823 1134 884 st
1175 804 1178 876 Ι

23 910 32 920 '
118 909 192 968 nihil
200 908 288 967 aliud
300 906 358 967 nisi
370 908 408 966 de
423 906 542 966 civitate
553 906 592 964 ¹ac
604 908 671 979 lege
683 904 826 977 dicimus,
841 903 914 964 nihil
925 904 999 965 dico
1009 906 1134 982 amplios,
1176 941 1178 965 2

117 1007 212 1050 causa
226 990 305 1050 dicta
325 998 381 1050 est.
410 989 487 1062 Quid
507 988 586 1048 enirn
606 988 715 1048 horum
736 987 894 1059 infirmari,
911 987 1012 1060 Grati,
1032 995 1134 1064 potasti
1175 971 1178 1050 l

117 1072 313 1133 Heracliaene
328 1088 399 1132 esse
414 1080 476 1131 turn
492 1071 657 1145 ascriptum
678 1069 828 1144 negabis?
847 1070 945 1130 Adest
965 1071 1013 1130 vir
1035 1086 1133 1132 summ
1175 1056 1178 1126 l

115 1154 296 1215 auctoritate
311 1162 341 1214 et
354 1154 500 1229 religione
514 1162 544 1215 et
558 1154 634 1227 fide,
648 1153 682 1212 L.
696 1154 857 1225 Lucullus,
878 1151 931 1226 qui
953 1169 991 1213 se
1005 1170 1069 1214 non
1084 1153 1131 1229 opi
1175 1137 1178 1184 ¹

117 1239 198 1308 nari,
215 1238 271 1296 sed
287 1236 382 1308 scire,
398 1253 460 1296 non
475 1236 645 1306 audivisse,
661 1236 717 1295 sed
731 1235 862 1308 vidisse,
883 1250 946 1294 non
964 1235 1129 1308 interfuisse,
1173 1220 1178 1295 Ι

106 1320 175 1380 'sed
202 1319 304 1392 egisse
326 1318 407 1379 dicit.
444 1320 566 1379 Adsunt
590 1317 804 1378 Heraclienses
830 1317 937 1391 legati,
967 1318 1131 1380 nobilissiri
1173 1301 1178 1375 l

115 1401 269 1462 homines:
291 1401 381 1462 huius
396 1401 500 1462 iudicii
517 1417 611 1461 eausa
629 1417 697 1460 cum
718 1400 867 1460 mandatis
888 1408 917 1460 et
938 1418 1008 1462 eum
1027 1401 1132 1478 publico
1173 1382 1178 1463 i

114 1483 287 1545 testimonio
305 1491 466 1544 venerunt:
490 1484 541 1558 qui
563 1483 644 1543 hune
665 1483 831 1557 ascriptum
849 1484 1080 1545 Heracliensem
1100 1482 1132 1543 di
1174 1467 1178 1543 ¹,

115 1574 197 1627 eunt.
225 1567 281 1626 Hie
294 1575 328 1627 tu
338 1568 457 1627 tabulas
471 1566 628 1626 desideras
642 1566 882 1626 Heracliensium
897 1567 1057 1641 publicam
1072 1581 1133 1642 quas
1175 1552 1178 1626 i

115 1648 220 1710 italico
235 1650 315 1710 bello
330 1649 457 1710 incenso
477 1648 625 1710 tabulario
648 1649 788 1709 interisse
810 1648 925 1710 scimus
947 1666 1068 1710 omnes.
1091 1650 1134 1709 Est
1175 1631 1178 1692 ⁴

115 1733 274 1793 ridiculum
289 1733 396 1806 adea,
411 1749 490 1807 quae
504 1732 665 1802 habemus,
681 1731 752 1791 nihil
767 1731 885 1804 dicere,
902 1750 1055 1807 quaerere
1068 1744 1135 1809 quse
1176 1717 1178 1760 ¹

114 1815 228 1876 habere
242 1832 304 1876 non
321 1832 501 1890 possumus,
516 1824 547 1875 et
561 1814 599 1874 de
613 1814 766 1875 hominum
782 1813 927 1874 memoria
944 1824 1060 1889 tacere,
1072 1815 1134 1876 littt-
1177 1802 1178 1844 ¹

115 1914 216 1958 rarum
232 1897 405 1958 memoriam
420 1898 574 1973 flagitare,
589 1905 634 1969 et,
651 1915 744 1971 qurum
758 1898 873 1957 habeas
893 1897 1078 1973 amplissimi
1089 1893 1134 1956 viri
1177 1886 1178 1905 ¹

114 1979 306 2052 religionem,
322 1980 506 2055 integerrimi
520 1980 734 2056 municipiiius
749 1979 910 2040 iurandum
920 1981 1087 2058 fidemque,
1097 1994 1133 2051 et,

115 2077 195 2135 quae
207 2062 368 2136 depravari
379 2065 461 2123 nullo
473 2065 564 2124 modo
578 2072 721 2137 possunt,
734 2064 911 2137 repudiare,
923 2065 1057 2158 tabulam,
1068 2076 1132 2140 quat

114 2143 195 2203 idem
213 2143 290 2204 dieis
311 2145 411 2205 solere
429 2146 598 2220 corrumpi,
619 2145 805 2205 desiderare.
834 2145 865 2205 9.
885 2148 934 2204 An
961 2147 1134 2209 domicilium

113 2227 229 2287 Romae
251 2244 310 2288 non
332 2227 437 2288 halruit
456 2228 498 2300 is,
522 2230 572 2304 qui
596 2236 640 2288 tot
664 2228 752 2287 annis
773 2236 843 2289 ante
868 2228 1024 2289 civitatem
1048 2233 1134 2290 daun

114 2310 220 2370 sedem
241 2309 373 2370 omnium
389 2327 491 2371 rerum
511 2328 549 2370 ac
564 2313 750 2371 fortunarum
770 2327 893 2371 suarum
910 2313 1032 2374 Romae
1054 2313 1133 2374 collo

114 2392 213 2467 ceriti
224 2395 272 2452 An
286 2410 347 2452 non
358 2403 407 2455 est
416 2395 597 2470 professusl
607 2395 700 2454 lrnmo
712 2410 786 2453 vero
798 2393 836 2453 iis
847 2393 1134 2469 tabulisoroiessus,

115 2490 195 2548 quae
216 2478 300 2536 solae
320 2493 360 2535 ex
381 2475 434 2536 illa
451 2476 645 2552 professione
656 2476 852 2550 collegioque
874 2486 1054 2551 praetorum
1071 2475 1133 2538 obli·

113 2565 186 2615 nent
195 2557 381 2630 publicarum
392 2560 560 2620 tabularum
571 2559 789 2620 auctoritatem.
807 2561 844 2617 V.
856 2560 929 2619 Nam
944 2577 1043 2634 quum
1052 2555 1134 2636 Appii

112 2639 234 2700 tabulae
251 2641 451 2716 negligentius
472 2643 653 2702 adservatae
673 2642 859 2714 dicerentur,
881 2641 1021 2716 Gabinii,
1044 2659 1133 2719 quani·

114 2720 166 2781 diu
195 2722 354 2783 incolumis
383 2723 453 2795 luit,
477 2726 602 2799 levitas,
635 2733 707 2799 post
733 2723 958 2785 damnationem
987 2726 1134 2787 calamites

15 2872 18 2879 ,
114 2820 233 2864 omnem
244 2806 412 2867 tabularum
426 2807 1004 2882 lidemresignasset,lllletellus,homo
1018 2807 1133 2870 sanctis·
1163 2798 1170 2815 ⁴

112 2886 209 2948 simus
225 2888 531 2965 modestissimusque
543 2890 690 2963 omniurn,
705 2898 788 2950 tanta
802 2888 958 2964 diligentia
974 2891 1047 2963 luit,
1061 2886 1130 2952 utsd

112 2969 144 3028 L.
159 2970 317 3032 Lentulum
333 2979 504 3044 praetorem
519 2981 549 3033 et
565 2974 604 3032 ad
624 2973 740 3033 iudices
759 2972 875 3031 uenerit
890 2975 1031 3034 etunius
1051 2968 1128 3035 noni·

112 3050 160 3110 nis
175 3053 263 3114 litura
278 3070 313 3114 se
331 3063 513 3116 commotum
528 3071 600 3116 esse
615 3055 735 3116 dixerit.
761 3055 821 3114 His
833 3053 924 3129 igitur
943 3057 1059 3120 tabulis
1079 3053 1131 3115 nul

113 3132 172 3192 lam
186 3134 304 3196 lituram
318 3135 349 3196 in
364 3139 487 3198 nomine
502 3141 539 3198 A.
556 3137 665 3198 Licinii
679 3136 798 3198 videtis.
828 3133 877 3199 10.
894 3139 979 3212 Quae
994 3157 1088 3216 quum
1099 3137 1131 3197 ie

111 3211 187 3284 sint,
209 3219 352 3291 quidest
378 3222 461 3294 quod
483 3222 522 3280 de
549 3221 616 3282 eius
639 3220 761 3282 civitate
780 3220 937 3293 dubitetis,
963 3220 1130 3297 praesertin

112 3310 206 3366 quum
226 3300 294 3361 aliis
316 3320 442 3377 quoque
463 3303 492 3362 in
514 3301 687 3365 civitatibus
713 3304 803 3363 luerit
828 3304 1006 3378 ascriptusi
1026 3302 1128 3366 Etenim
