2356 3854
89 186 134 270 to
257 185 331 246 rao
347 144 431 246 suu.
445 183 583 245 nostro
597 183 772 244 mantuo
795 182 947 243 cunno.

93 348 172 398 tuam
188 338 371 396 voluntatem
386 334 466 394 laedi
479 351 497 394 a
512 350 560 393 me
577 342 687 409 putas?
707 333 759 394 ubi
778 333 837 393 tuis
854 332 1025 393 commodis

91 420 161 489 ciojr
176 420 248 494 quid
262 418 315 479 tibi
330 419 441 478 obsto?
461 417 493 477 Si
506 416 673 491 spoliorum
689 433 781 477 causa
795 415 842 476 vis
857 415 1010 476 hominem

92 505 178 574 dere,
196 501 270 577 quid
284 501 406 576 quaeris
421 499 574 575 amplius?
587 499 613 559 si
630 499 859 571 inimicitiarum,
878 515 957 573 quae
974 516 1025 558 sur

90 584 261 645 inimicitiae
272 600 340 646 curn
351 600 398 656 eo,
414 584 500 644 cuius
512 588 584 642 ante·
591 583 717 656 praedia
728 581 895 658 possedisti
909 598 1000 655 quarn
1011 583 1025 655 i

89 667 251 742 cognosti?
270 667 317 728 sin
337 659 452 741 metus',
473 668 512 726 ab
531 682 609 727 cone
628 665 743 741 aliquid
765 664 889 737 metuiS,
916 682 1008 738 quern

89 751 189 824 ipsum
202 751 241 810 ab
257 767 327 811 sese
339 760 401 813 tam
417 759 550 811 atrocem
563 748 701 809 iniuriam
723 749 903 823 propulsare
917 765 979 809 non
996 766 1025 823 pt

90 833 152 905 sin,
175 835 257 909 quod
271 835 361 906 bona,
379 849 458 909 quae
469 832 574 894 Roscii
588 834 721 904 luerunt,
737 841 788 890 tua
800 833 879 890 lacta
895 840 979 901 sunt,
995 832 1025 890 id

89 916 169 977 hunc
188 917 268 977 illius
284 918 379 977 filium
394 917 500 976 studes
516 917 659 989 perdere,
679 931 781 974 nonne
797 914 934 973 ostendis
960 915 992 972 id
1016 923 1026 974 t

88 999 162 1072 reri,
193 1001 276 1075 quod
304 1008 423 1074 praeter
447 1007 585 1058 caeteros
612 1006 643 1058 tu
668 1005 728 1057 met
729 1013 801 1056 uere
827 1012 888 1054 non
914 998 1025 1056 debeas

91 1084 212 1156 quaudo
228 1082 331 1142 liberis
348 1081 590 1156 proscriptorum
609 1081 691 1140 bona
712 1081 808 1174 patria
829 1080 1014 1139 reddanturt

88 1164 204 1224 Facis'
195 1164 352 1249 iniuriam,
378 1165 592 1258 Chrysogono,
617 1163 644 1223 si
671 1163 815 1222 maiorem
842 1179 928 1237 spem
950 1173 1025 1236 empt

91 1256 158 1307 tuae
172 1247 202 1305 in
207 1234 307 1305 huius
324 1245 415 1306 exitio
433 1237 524 1320 polis
546 1263 635 1320 quam
650 1247 679 1305 in
697 1245 745 1306 his
758 1245 866 1315 rebus,
885 1261 962 1318 quas
979 1246 1012 1304 L.

89 1328 193 1402 gessit
226 1329 341 1401 Quodsi
354 1328 407 1388 tibi
425 1344 519 1388 causa
534 1330 616 1387 nulla
630 1336 677 1387 est
696 1344 749 1388 cur
769 1329 849 1386 hunc
870 1328 1013 1387 miserum

90 1411 256 1471 calamitate
270 1412 361 1472 adlici
376 1411 467 1484 veliS,
482 1411 509 1470 si
524 1410 576 1471 tibi
591 1412 692 1471 omnia
703 1428 759 1471 sua
773 1420 859 1485 praet
860 1427 893 1469 er
907 1411 1025 1469 animan

89 1493 165 1554 didit
184 1510 241 1555 nec
261 1493 319 1554 sibi
340 1493 505 1568 quidquam
533 1502 692 1569 paternum
715 1510 754 1552 ne
779 1495 965 1554 mouumenti
988 1512 1025 1567 qu

89 1592 182 1636 causa
195 1578 271 1637 clam
284 1577 464 1648 reservavit,
479 1592 535 1651 per
549 1577 625 1637 deos
639 1575 842 1655 immortales,
864 1594 942 1651 quae
958 1579 1016 1636 ista

89 1661 250 1739 crudelitas
265 1666 334 1720 esti
348 1662 426 1735 quae
440 1669 501 1720 tarn
514 1662 579 1720 lera
590 1659 790 1734 immanisque
805 1668 933 1720 natural
959 1660 1025 1733 Quis

90 1760 180 1818 quarn
192 1745 307 1818 praedo
323 1745 378 1805 luit
391 1752 451 1805 torn
465 1742 608 1816 nefarius,
626 1744 694 1817 quis
710 1743 807 1816 pirata
821 1752 880 1802 tarn
895 1744 1025 1802 barbaru

90 1843 183 1900 quum
197 1826 344 1902 integrum
360 1828 504 1902 praedam
519 1827 586 1886 sine
601 1826 750 1900 sanguine
764 1826 876 1885 habere
895 1835 1017 1899 posset,

88 1919 157 1970 enta
172 1909 273 1982 spolia
286 1912 445 1971 detrahere
459 1912 581 1969 mallet?
611 1907 682 1971 147.
714 1908 782 1968 Scis
804 1909 884 1967 huuc
899 1909 972 1968 nihil
987 1909 1025 1967 ha

87 1991 161 2050 nihil
182 1993 307 2064 audere,
329 1993 403 2052 nihil
423 2009 531 2067 posse,
556 1992 630 2052 nihil
652 2007 797 2066 umquam
818 2001 922 2051 contra
944 2009 1009 2051 rem

88 2073 255 2146 cogitasse,
275 2083 306 2135 ct
326 2084 423 2139 tamen
444 2091 604 2149 oppugnas
625 2092 708 2146 eum,
736 2091 826 2148 quem
847 2092 947 2149 neque
975 2092 1024 2134 me

88 2165 178 2230 poles
192 2173 293 2231 neque
307 2157 413 2217 odisse
427 2159 521 2218 debes
536 2175 593 2218 nec
607 2158 775 2233 quidquam
783 2158 902 2217 habere
919 2158 979 2216 iam
1000 2175 1025 2217 rr

87 2239 174 2300 vides
195 2242 279 2314 quod
301 2241 329 2300 ei
353 2241 510 2300 detrahere
530 2240 649 2315 possis:
671 2240 730 2301 nisi
751 2242 810 2300 hoc
832 2241 988 2315 indignum
1009 2259 1025 2315 p

5 2322 9 2334 ’
88 2318 171 2396 quod
185 2325 326 2384 vestitum
341 2325 449 2384 sedere
463 2324 494 2382 in
508 2324 619 2384 iudicio
635 2324 731 2393 vides,
748 2340 839 2398 quem
853 2333 884 2384 tu
900 2324 1025 2398 epatrin

87 2415 240 2479 tamquam
256 2424 274 2466 e
289 2406 446 2482 naufragio
461 2408 574 2467 nudum
589 2406 742 2482 expulisti.
781 2406 872 2480 Quasi
892 2424 966 2467 vero
988 2424 1026 2466 ne

86 2488 166 2546 hunc
177 2496 206 2547 et
217 2489 256 2547 ali
266 2499 295 2559 et
305 2489 410 2550 vestiri
421 2506 440 2548 a
450 2490 578 2550 Caecilia
590 2489 748 2565 [Balearici
759 2490 829 2562 filia,
841 2491 968 2564 Nepotis
981 2508 1025 2550 sot

30 2612 34 2619 .
87 2570 312 2644 spectatissima
331 2573 457 2645 lernina,
476 2590 554 2647 quae
571 2590 663 2647 quum
683 2582 800 2648 patrem
816 2573 1025 2642 clarissimum,

84 2650 240 2726 piissimos
263 2663 404 2728 patruos,
429 2656 654 2716 ornatissimum
682 2656 803 2716 fratrem
831 2656 971 2728 haberet,
993 2665 1025 2716 ta*

86 2751 180 2808 quum
195 2745 279 2797 esset
296 2738 416 2810 mulier,
430 2740 539 2799 virtute
555 2738 696 2813 perfecit,
711 2747 746 2797 ut
767 2748 880 2813 quanto
902 2740 1019 2798 honore

85 2834 124 2877 ex
139 2818 258 2878 illorum
274 2819 418 2894 dignitate
435 2823 632 2893 adficeretur,
648 2838 709 2881 non
724 2820 840 2881 minora
855 2821 915 2880 illis
932 2839 1025 2881 ornan

2 2922 4 2927 ·
84 2904 297 2962 exsualaude
312 2905 462 2964 redderet.
493 2905 541 2962 Ll.
572 2901 642 2965 148.
664 2905 712 2962 An
730 2906 812 2977 quod
828 2904 1023 2976 diligenterd

84 2983 179 3057 ditur,
194 2985 226 3045 id
240 2986 293 3045 tibi
307 2985 464 3060 indignum
479 2986 597 3046 lacinus
615 2987 752 3046 videtur?
791 2987 865 3046 Mihi
880 2989 987 3059 crede,
1010 3005 1025 3047 s

83 3067 177 3138 patris
193 3068 259 3128 cius
274 3069 396 3145 hospit'
378 3087 414 3129 us
432 3078 462 3128 et
482 3068 578 3142 gratia
598 3071 711 3130 vellent
731 3087 837 3130 omues
859 3070 949 3129 huius
969 3070 1025 3129 hos

82 3149 194 3208 adesse
209 3144 399 3211 clauderent
418 3151 513 3211 libere
528 3153 706 3222 defendere,
730 3154 804 3213 satis
820 3154 947 3227 copiose
961 3154 1025 3212 dela

18 3294 21 3299 ⁴
80 3237 177 3289 rotur=
196 3231 356 3294 sinautem
371 3251 427 3308 pro
443 3234 670 3309 magnitudine
662 3235 789 3296 iniuriae
804 3253 922 3310 proque
946 3253 1000 3308 eo,

83 3329 200 3372 summa
216 3330 267 3375 res
285 3316 430 3389 publica
422 3334 452 3376 in
475 3316 564 3377 huius
583 3319 719 3393 periculo
744 3327 919 3392 temptatur,
945 3319 1022 3377 hacc

80 3411 136 3455 nes
152 3395 350 3483 vindicarent,
364 3400 533 3460 consistere
547 3402 720 3461 mehercule
732 3401 821 3461 vohis
834 3401 892 3462 isto
909 3401 939 3460 in
957 3402 1025 3461 loco
