2356 3854
229 127 231 131 ¹
323 157 405 217 cnr.
421 143 551 218 33435.
573 162 598 221 t.
615 164 745 218 vt-to.
951 235 954 240 ‚
989 159 1051 226 att

61 311 195 387 probata
209 292 502 382 laudataqueCo'ttae
515 284 663 366 sententia
678 305 755 366 dixit
766 323 836 366 sese
848 307 1049 369 ociimeicau·
1119 326 1121 330 ·

61 442 68 466 ‚
85 402 122 452 ut
137 391 219 451 omni
236 388 376 467 populari
391 388 591 448 concitatione
607 389 803 463 defungerer,
821 406 947 450 censere
963 400 996 452 ut
1010 393 1050 451 ad

60 485 151 536 notus
166 472 373 553 auctoritatem
391 471 495 548 populi
509 487 632 545 quoque
644 472 771 532 Romani
783 472 964 534 beneficium
979 491 1051 549 erga

60 559 313 632 tadiungeretur.
348 556 445 629 Quum
466 570 572 614 omnes
593 553 727 614 certatim
748 554 888 630 aliusque
908 556 967 616 alio
983 575 1050 632 gra·

60 659 88 701 1s
107 648 200 714 atque
216 638 350 721 ornatius
366 640 404 697 de
420 654 488 698 mea
503 632 600 697 salute
611 636 740 696 dixisset
754 638 901 713 fieretque
912 638 978 700 sine
986 643 1051 700 ulla

60 725 170 784 rietute
185 721 352 795 discessio,
368 720 512 793 surrexit,
534 729 567 788 ut
579 719 683 801 scitis,
700 719 809 780 Atilius
824 720 873 780 hic
889 721 1050 794 Gavianus,

61 825 77 867 c
93 823 191 866 ausus
207 813 269 878 est,
285 821 378 880 quum
397 813 479 881 esset
494 812 627 878 emptus,
642 803 846 866 intercedere:
861 812 980 864 noctem
991 805 1050 865 sibi

60 943 62 948 .
79 889 311 950 deliberandum
322 887 498 962 postulavit.
526 887 644 946 Clamor
660 893 800 958 senatus,
817 888 968 960 querelae,
982 904 1050 962 pre-

60 991 90 1044 s,
111 987 201 1033 socer
215 972 254 1031 ad
271 972 367 1045 pedes
382 970 528 1029 abiectus.
564 971 666 1029 illese
683 968 843 1028 adfirmare
861 977 986 1044 postero
1002 969 1053 1029 die

60 1065 138 1116 oram
154 1055 264 1114 nullam
280 1071 351 1114 esse
368 1055 524 1113 iacturum.
558 1051 709 1113 creditum
725 1060 785 1112 est:
808 1052 979 1112 discessum
995 1063 1050 1112 est.

60 1140 67 1197 i
85 1139 200 1199 interea
214 1135 407 1197 deliberatori
422 1151 537 1195 merces
554 1138 646 1210 longa
660 1135 839 1211 interposita
850 1143 940 1196 nocte
952 1136 1051 1211 dupli·

60 1231 92 1282 ta
108 1229 163 1281 est.
201 1218 362 1281 Consecuti
377 1216 443 1278 dies
459 1218 550 1293 pauci
565 1217 687 1279 omnino
703 1219 842 1280 Ianuario
870 1234 975 1280 mense
996 1235 1053 1294 per

59 1321 106 1363 tos
126 1313 264 1364 senatum
291 1300 398 1362 haberi
423 1301 540 1362 liceret:
569 1303 624 1362 sed
650 1310 752 1368 tamen
777 1311 877 1364 actum
897 1303 970 1362 nibil
993 1302 1052 1363 nisi

60 1402 136 1447 amo.
498 1389 502 1413 '

106 1469 225 1530 XXXV.
248 1465 299 1533 75.
322 1468 418 1542 Quum
440 1469 521 1528 omni
536 1484 636 1541 mora,
658 1467 879 1542 ludificatione,
901 1467 1052 1528 calumnia

60 1562 146 1613 natus
161 1552 326 1612 auctoritas
343 1551 553 1627 impediretur,
571 1550 652 1611 venit
666 1552 787 1613 tandem
806 1551 936 1611 concilio
949 1552 987 1610 de
1001 1567 1052 1610 me

60 1635 134 1700 :endi
151 1635 217 1694 dies
236 1651 294 1694 v111
316 1634 471 1697 Kalendas
486 1632 677 1694 Februarias.
708 1633 856 1709 Princeps
871 1633 1049 1707 rogationis,

60 1736 69 1776 r
83 1718 156 1785 mibi
171 1715 390 1789 amicissimus
407 1717 439 1790 Q.
454 1717 626 1788 Fabricius,
649 1718 794 1790 templum
809 1716 964 1789 aliquanto
980 1721 1051 1774 ante

60 1818 123 1862 cem
147 1802 317 1876 occupavit.
349 1801 473 1872 Quietus
494 1816 530 1859 eo
557 1800 606 1857 die
622 1798 755 1867 Sestius,
777 1798 876 1872 isqui
898 1805 945 1856 est
965 1797 1004 1855 de
1018 1795 1059 1875 vi?

60 1903 109 1944 us:
131 1893 216 1952 actor
231 1883 279 1943 hic
295 1885 501 1956 defensorque
517 1897 631 1941 causae
648 1897 732 1941 meae
754 1880 826 1939 nihil
847 1878 1073 1954 progreditur&

63 1964 152 2028 nsilia
174 1975 332 2042 exspectat
355 1964 544 2025 inimicorum
565 1979 710 2023 meorum.
745 1963 821 2038 Quid
838 1962 895 2036 illi,
921 1978 1050 2036 quorum

60 2051 152 2111 nsilio
163 2049 195 2109 Ρ.
209 2048 327 2110 Sestius
342 2048 372 2109 in
387 2047 531 2108 iudicium
542 2056 682 2118 vocatur,
693 2063 762 2123 ,quo
775 2063 810 2106 se
822 2046 911 2122 pacto
924 2053 1052 2120 geruntt

60 2151 121 2211 aum
137 2133 261 2206 iorum,
271 2131 440 2205 comitium,
462 2130 575 2191 curiam
593 2132 685 2191 multa
701 2132 741 2205 de
755 2139 844 2202 nocte
859 2130 981 2190 armatis
995 2130 1049 2189 ho·

60 2217 207 2276 inibusac
225 2215 322 2276 servis
337 2214 493 2290 plerisque
511 2213 761 2289 occupavissent,
778 2215 922 2289 impetum
937 2211 1050 2274 iaciunt

63 2298 242 2369 Fabricium,
256 2315 364 2358 manus
376 2299 524 2369 adierunt,
537 2296 681 2358 occidunt
696 2315 755 2358 non
767 2299 877 2368 nullos,
893 2297 1051 2355 vulnerant
1081 2357 1084 2367 ¹

60 2385 144 2443 ultos.
171 2380 221 2443 76.
242 2380 420 2441 Venientem
433 2380 461 2440 in
475 2382 587 2453 iorum,
602 2381 699 2441 virum
712 2381 856 2455 optImum
868 2387 897 2439 et
909 2387 1049 2438 constan-

60 2466 190 2537 tsimum,
212 2464 252 2522 Μ.
271 2464 420 2538 Cispium,
444 2465 593 2524 tribunum
610 2462 724 2538 plebis,
745 2463 776 2523 vi
792 2464 960 2538 depellunt=
982 2478 1049 2522 cae-

60 2565 94 2607 tm
110 2548 140 2607 in
156 2549 224 2607 loro
238 2546 399 2607 maximam
415 2547 541 2608 iaciunt:
558 2546 757 2621 universique
772 2545 923 2607 destrictis
941 2544 1052 2620 gladiis

77 2630 210 2690 cruentis
232 2624 263 2688 in'
284 2630 423 2690 omnibus
445 2631 501 2691 lori
522 2631 657 2707 partibus
673 2633 795 2691 tratrem
815 2647 930 2703 meum,
956 2629 1050 2690 virum
1140 2670 1142 2676 .

60 2715 185 2784 utimum,
203 2713 398 2773 fortissimum
410 2713 530 2788 meique
542 2714 797 2784 amantissimum,
814 2713 910 2775 oculis
923 2727 1049 2785 quaere-

60 2806 112 2870 tnt,
134 2813 219 2878 voce,
233 2797 411 2870 poscebant.
461 2798 592 2869 Quorum
612 2797 662 2858 ille
683 2797 751 2858 telis
772 2796 897 2856 libenter
917 2794 947 2853 in
967 2801 1051 2853 tanto

60 2887 107 2940 ctu
123 2895 161 2939 ac
176 2879 329 2939 desiderio
347 2878 406 2938 mei
418 2896 479 2939 non
498 2878 702 2954 repugnandi,
720 2879 776 2938 sed
792 2876 939 2939 moriendi
956 2891 1051 2934 causa

60 2979 137 3038 rpus
154 2962 314 3044 obtulisset
332 2978 437 3034 suum,
465 2961 524 3021 nisi
542 2979 627 3022 suam
643 2961 734 3021 vitam
751 2960 791 3019 ad
807 2977 893 3035 spem
909 2957 968 3016 mei
981 2958 1049 3016 red-

60 3064 85 3107 ts
102 3054 303 3106 reservasset.
332 3043 429 3105 Subiit
443 3052 542 3104 tamen
562 3043 622 3103 vim
636 3042 717 3103 illam
733 3043 877 3101 nefariam
893 3042 1049 3100 conscele-

60 3136 157 3189 torum
172 3129 321 3188 latronum
338 3136 381 3200 et,
405 3145 497 3203 quum
511 3126 550 3185 ad
565 3125 665 3184 fratris
684 3128 809 3185 salutem
823 3142 842 3184 a
858 3125 974 3199 populo
988 3125 1048 3184 Ro-

60 3229 114 3273 tno
132 3213 357 3286 deprecandam
374 3210 526 3285 venisset,
547 3207 655 3282 pulsus
671 3206 809 3268 erostris
824 3207 853 3267 in
870 3205 990 3268 comitio
1006 3208 1048 3266 ia·

61 3298 199 3375 it'seque
215 3289 371 3355 servorum
387 3302 417 3354 et
431 3293 605 3352 libertorum
618 3291 798 3365 corporibus
816 3289 930 3353 obtexit
944 3289 1048 3351 vitam>-

60 3397 82 3442 .e
99 3387 163 3441 tum
179 3395 265 3439 suam
279 3376 376 3438 noctis
399 3384 429 3436 et
450 3377 539 3450 togae
564 3371 733 3450 praesidio,
754 3390 814 3437 non
832 3373 905 3435 iuris
921 3372 1067 3435 iudiciovx

1086 3381 1089 3401 l

1068 3550 1118 3616 ι’
