2356 3854
423 361 466 442 ll.
487 365 628 447 ‘Tutili
654 365 867 447 citatoriis

209 508 256 606 lN
286 512 336 607 ll.
366 509 817 738 ANTilNlSU'lllzhlffiTlll
834 510 1103 610 latttllltl

483 941 813 1000 ARGUMENTUM.

212 1044 292 1103 Quum
308 1041 341 1090 tt.
353 1039 438 1089 Cicero
457 1028 612 1102 superiorem
629 1039 766 1087 oraticnem
784 1039 923 1096 habuisset,
942 1040 979 1090 tl.
1000 1034 1145 1099 Muciam

63 1138 66 1145 ·
143 1111 228 1161 villam
238 1111 392 1160 Tiburtinam
401 1122 428 1156 se
438 1106 548 1166 contulit,
567 1107 666 1168 utquid
676 1107 824 1156 adversario
838 1108 1011 1171 responderet
1021 1119 1146 1162 commuto·

143 1187 218 1237 retur,
233 1193 282 1242 qua
295 1179 321 1225 in
329 1192 355 1224 re
365 1177 518 1239 consumpsit
526 1175 703 1239 septemdecim
713 1175 776 1225 dies.
795 1173 824 1223 D.
835 1172 1044 1228 XHLKalendaa
1052 1180 1144 1231 Odobru

143 1248 178 1296 M.
193 1247 315 1295 Antonius
332 1246 494 1302 incenatum,
513 1244 556 1305 qui
575 1242 601 1291 in
616 1243 678 1292 aede
693 1242 844 1292 Concordiae
862 1242 1023 1307 habebatur,
1039 1250 1105 1307 venit,
1117 1260 1145 1296 u·

143 1315 216 1363 matis
234 1315 347 1377 stipatus,
364 1312 441 1374 quasi
452 1313 504 1361 vim
523 1312 622 1360 timeret
636 1311 790 1360 denuncietis
807 1319 864 1360 ante
879 1310 1002 1364 Ciceroni
1024 1316 1142 1365 iuimmitiit

143 1383 224 1442 Quum
238 1379 323 1430 Cicero
338 1393 387 1427 uon
404 1394 480 1427 ausus
496 1387 563 1428 esset
575 1395 605 1429 co
619 1380 660 1429 die
671 1380 753 1428 venire
771 1381 797 1428 iu
812 1388 939 1440 senatum,
961 1383 989 1431 in
1005 1399 1062 1435 cum
1078 1385 1144 1433 obsu-

142 1458 192 1498 tem
198 1448 475 1498 acerbissimaoratione
483 1449 595 1497 invectus
605 1456 656 1496 emt
667 1448 798 1496 Antonius.
814 1446 859 1496 Oui
866 1450 980 1499 crationi
988 1450 1142 1502 advemriitti

143 1516 228 1566 Cicero
246 1516 293 1565 hac
311 1516 402 1578 scripta
417 1518 537 1579 oratione,
556 1531 621 1579 quae
637 1515 703 1566 inira
717 1514 822 1580 legitur,
840 1518 992 1581 respondet,
1011 1536 1081 1583 quam
1092 1519 1142 1586 lingit
1174 1530 1178 1544 ’

143 1601 159 1635 a
184 1600 212 1635 ae
235 1585 347 1634 habitam
367 1585 416 1644 ita,
438 1593 565 1646 tamquam
589 1587 612 1633 si
633 1598 753 1648 praeseus
776 1585 904 1648 praesenti
926 1591 1095 1650 responderet.
1119 1587 1142 1636 i.

142 1652 268 1703 Ciceronis
280 1653 316 1702 cd
326 1650 433 1703 Atticum
445 1653 488 1702 lib.
506 1651 574 1701 XVI.
591 1668 631 1716 cp.
652 1653 692 1703 ll.

204 1790 227 1849 l.
247 1787 273 1848 l.
295 1789 430 1862 Quonam
444 1788 602 1856 mactato,
620 1795 720 1860 patres
735 1789 914 1863 conscripti,
941 1791 1012 1851 fieri
1026 1793 1139 1851 dicanti
1176 1784 1178 1802 ⁴

142 1888 231 1932 nemo
252 1872 299 1930 his
327 1869 414 1930 annis
440 1867 551 1942 viginti,
564 1869 607 1928 rei
625 1869 766 1943 publicae
789 1871 878 1931 luerit
900 1872 1006 1934 hostis
1033 1876 1081 1951 qui
1098 1888 1137 1934 nor
1174 1862 1177 1888 ¹

141 1955 250 2014 bellum
266 1955 373 2013 eodem
391 1963 525 2026 tempore
538 1952 610 2011 mihi
627 1968 750 2027 quoque
765 1953 930 2015 indixerit?
951 1958 1016 2017 Nec
1032 1975 1096 2018 vero
1108 1971 1138 2015 ro
1176 2026 1178 2034 ἢ

142 2052 231 2097 cesse
242 2045 289 2114 est
304 2052 483 2110 quemquam
498 2052 516 2094 a
530 2051 577 2094 ma
591 2036 752 2094 nominari:
773 2037 936 2098 vobiscum
951 2041 1015 2115 ipsi
1029 2041 1137 2100 recorda·
1176 2039 1178 2054 “

142 2119 233 2179 minit
256 2119 328 2177 Mihi
351 2133 516 2194 poenarum
538 2117 578 2176 illi
601 2120 670 2192 plus
687 2135 776 2192 quam
798 2129 935 2195 optarem
953 2125 1138 2185 dederunt:t
1177 2113 1178 2131 ¹

141 2203 240 2276 miror,
255 2202 380 2272 Antoni4
398 2217 526 2274 quorum
541 2202 618 2260 lacta
629 2203 759 2274 imitere,
782 2219 884 2263 comm
900 2205 1006 2267 exitus
1027 2225 1082 2268 non
1094 2219 1137 2281 pot·

141 2286 328 2345 horrescere.
372 2287 471 2358 Atque
489 2284 546 2344 hoc
564 2284 602 2342 in
612 2284 677 2343 aliis
695 2285 792 2344 minus
805 2287 947 2347 mirabar.
993 2291 1083 2350 Nemo
1097 2289 1137 2348 ilo

140 2384 205 2426 rum
222 2368 359 2427 inimicus
374 2367 445 2427 mihi
460 2367 514 2427 luit
530 2365 729 2427 voluntarius:
751 2385 856 2427 omncs
871 2388 891 2431 a
906 2387 958 2430 me
972 2373 1018 2433 rei
1032 2372 1138 2448 publicat

142 2465 235 2509 causa
255 2450 398 2510 lacessiti.
440 2450 483 2509 Tu
504 2465 541 2510 ne
556 2451 651 2509 verbo
667 2449 787 2524 quidem
807 2451 956 2528 violatus,
971 2465 1007 2516 ut
1026 2455 1138 2517 audacior

143 2548 231 2606 quam
243 2533 276 2590 L.
292 2533 423 2604 Catilina,
437 2533 579 2593 furiosior
590 2550 679 2608 quam
690 2533 720 2591 P.
729 2533 852 2594 Clodius
866 2536 1020 2612 viderere,
1032 2542 1101 2600 ultro
1110 2547 1138 2594 nt

141 2612 307 2674 maledictis
322 2614 481 2686 lacessisti,
498 2623 637 2690 tuamque
654 2632 672 2674 a
687 2633 733 2675 me
745 2617 960 2680 alienationem
977 2619 1137 2683 commendo

140 2699 251 2758 tionem
271 2697 321 2756 tibi
338 2698 376 2755 ad
392 2696 501 2771 impios
516 2701 600 2759 cives
618 2701 683 2760 lore
702 2701 854 2774 putavisti.
896 2703 927 2763 2.
949 2705 1031 2778 Quid
1047 2703 1138 2782 putent

141 2790 384 2854 contemptumne
407 2788 476 2840 met
496 2782 561 2840 Non
583 2781 673 2843 video
687 2800 743 2842 nec
758 2784 787 2842 in
802 2784 864 2843 vita
878 2803 937 2846 nec
953 2789 984 2847 in
1000 2789 1091 2863 gratia
1103 2795 1137 2844 cot

141 2865 169 2922 in
186 2865 276 2924 rebus
292 2864 385 2938 gestis
401 2880 457 2922 nec
474 2865 502 2923 in
519 2865 575 2924 hac
592 2881 659 2924 mea
675 2866 879 2927 mediocritate
894 2869 1013 2944 ingenii
1029 2871 1095 2947 quid
1107 2868 1136 2927 dc

140 2949 259 3021 spicere
280 2948 377 3021 possit
397 2948 556 3008 Antonius.
599 2952 646 3007 An
663 2948 697 3015 ¹in
720 2959 825 3010 senatu
840 2951 986 3014 facillime
1002 2951 1136 3024 demetit

139 3031 216 3089 trahi
237 3046 330 3106 posse
352 3030 502 3091 credidita
525 3029 577 3104 qui
599 3033 673 3091 ordo
690 3032 864 3094 clarissimis
883 3034 1007 3098 civibus
1024 3039 1136 3106 benagt

140 3120 205 3171 stac
224 3113 267 3172 rei
290 3113 427 3187 publicae
444 3113 645 3175 testimoninm
668 3118 783 3188 multis,
803 3116 875 3175 mihi
890 3120 945 3178 uni
967 3123 1137 3181 conservant

140 3192 242 3253 dedita
262 3201 309 3254 An
326 3197 481 3256 decertare
496 3214 612 3257 mecum
625 3198 719 3259 voluit
733 3201 929 3261 contentione
945 3198 1136 3264 dicenditllot

141 3275 260 3344 quidem
282 3287 329 3337 est
349 3275 537 3340 beneficium.
589 3280 665 3353 Quid
687 3283 764 3340 enim
788 3282 924 3356 plenius,
948 3288 1023 3361 quid
1043 3280 1136 3345 utens

140 3372 232 3428 quam
253 3358 324 3416 mihi
340 3372 369 3419 et
381 3379 435 3434 pro
450 3379 498 3421 me
512 3372 542 3422 et
559 3373 663 3423 contra
678 3365 840 3424 Antonium
858 3366 984 3428 diceret
1006 3368 1077 3428 Illud
1090 3377 1134 3438 pri·
