2356 3854
784 39 816 57 -q

21 176 27 189 ’
72 216 76 239 .
123 173 185 237 ess
390 170 464 230 rsa
480 169 712 229 crt.t>LAltcl0
726 128 883 229 canalo.

124 340 240 386 sumus.
262 321 313 383 85.
330 320 523 379 Admonuistl
541 316 640 390 etiam,
656 319 739 393 quod
752 318 783 377 in
800 319 892 379 creta·
903 320 1027 394 fuisses,
1041 320 1132 383 dietus
1170 356 1177 396 1

122 406 246 480 aliquod
267 405 298 463 in
314 402 489 477 petitionem
512 410 593 463 tuam
607 400 668 460 dici
682 400 835 475 potuisse:
857 418 906 461 me
927 404 957 462 id
972 405 1177 478 perdidisse,
1171 440 1177 451 ι

121 488 215 549 Uter
207 487 297 561 igitur
315 494 449 545 nostrum
464 493 512 545 est
526 484 665 580 cupidior
679 483 774 543 dietis
787 500 905 558 egone,
924 486 978 560 qui
997 489 1079 561 quod
1091 488 1134 549 lle
1172 520 1177 561 Ι

122 571 219 646 potuit
239 587 300 629 non
322 568 464 640 dixerim,
487 567 767 642 antu,quietiam
787 568 905 642 ipsein
921 569 1136 633 tedixerialit
1172 604 1177 645 ς

122 655 226 714 aiebas
240 655 278 712 de
295 653 354 713 tuis
368 653 460 711 rebus
475 651 570 725 gestis
585 652 684 711 nullas
700 650 814 711 litteras
829 650 962 723 misisse,
982 654 1069 728 quod
1083 654 1177 716 nili
1173 718 1176 727 ,

121 753 216 809 meae,
233 753 310 811 quas
324 735 363 794 ad
379 733 510 808 aliquem
527 732 688 805 misissem,
706 732 885 793 abfuissent
909 735 996 808 Quas
1012 752 1070 812 ego
1084 736 1137 797 an'bi
1174 773 1177 808 3

124 820 261 881 obfuisse
275 836 335 878 non
346 818 498 890 intelligo,
514 816 559 876 rei
575 816 715 890 publicae
729 816 819 876 video
834 819 991 891 prodesse
1009 820 1137 898 petrissa
1175 872 1177 891 ,

159 899 167 909 ‘
182 903 300 961 XXXV.
314 902 366 963 86.
383 900 443 960 Sed
460 907 529 959 sunt
542 898 617 958 haec
632 899 761 972 leviora,
777 899 830 959 illa
850 916 924 961 vero
941 903 1053 976 gravia
1065 913 1138 978 etque
1175 952 1177 975 ,

121 1000 246 1059 magna,
268 985 351 1058 quod
366 999 465 1042 meum
480 983 669 1053 discessum,
684 997 773 1056 quern
789 999 884 1057 saepe
900 984 1056 1059 defleres,
1075 1001 1139 1046 auat

123 1071 211 1144 quasi
230 1067 455 1140 reprehendere
477 1074 508 1124 et
528 1065 732 1125 subaccusare
756 1065 890 1126 voluisti.
941 1066 1057 1131 Dixisti
1076 1070 1138 1129 enin

25 1188 28 1193 -
121 1168 183 1212 non
201 1150 344 1210 auxilium
360 1148 441 1222 mibi,
459 1149 515 1207 sed
530 1164 578 1206 me
591 1148 704 1207 auxilie
720 1147 864 1209 defuisse.
887 1149 955 1224 ego
968 1168 1049 1212 vero
1063 1153 1139 1212 fateor

121 1251 180 1304 me,
196 1233 277 1307 quod
299 1230 423 1291 viderim
439 1231 510 1289 mibi
525 1231 668 1291 auxilium
685 1248 744 1290 non
760 1232 880 1304 deesse,
896 1232 1019 1295 idcirco
1034 1235 1137 1312 [mailli

121 1315 233 1374 auxilio
249 1314 436 1388 pepercisse.
481 1313 537 1385 Qui
552 1314 631 1372 enim
649 1322 761 1386 status,
778 1316 859 1388 quod
875 1316 1062 1390 discrimen,
1078 1333 1138 1393 quae

122 1397 260 1457 fueritin
281 1413 315 1455 re
337 1397 457 1471 publica
481 1405 646 1471 tempestas
666 1397 717 1457 illa
738 1397 805 1470 quis
820 1399 941 1458 nesciit
964 1400 1139 1461 Tribunicius

60 1484 63 1495 ’
121 1496 169 1538 me
186 1488 283 1539 terror
304 1497 341 1538 an
360 1479 530 1539 consularis
554 1482 637 1540 furor
658 1480 772 1540 movitl
791 1482 957 1542 Decertare
981 1484 1059 1543 milti
1077 1486 1139 1543 ferro

121 1579 261 1636 magnum
277 1562 331 1622 fuit
347 1579 414 1622 cum
428 1562 564 1636 reliquiis
579 1579 699 1633 eorum,
722 1580 801 1638 quos
822 1579 879 1639 ege
896 1564 1050 1627 fiorentes
1065 1575 1139 1642 alque

121 1647 256 1719 integros
272 1645 338 1704 sine
354 1647 435 1704 ferro
450 1645 603 1705 vicerant
620 1646 769 1706 consules
784 1655 853 1720 post
866 1646 1031 1711 hominum
1045 1666 1139 1709 memo

120 1729 196 1788 riam
210 1728 371 1789 taeterrimi
387 1738 478 1804 atque
496 1729 677 1803 turpissimi,
703 1728 781 1789 sicut
798 1738 827 1790 et
845 1730 897 1789 illa
913 1733 1070 1808 principia
1082 1732 1138 1793 elli

121 1822 260 1873 recentes
277 1829 376 1872 rerum
401 1814 500 1871 exitus
517 1812 730 1884 declararunt,
743 1828 872 1887 quorum
893 1816 973 1874 alter
987 1814 1140 1878 ‘exereitus

121 1896 266 1969 perdidit,
280 1898 356 1955 alter
372 1894 520 1967 vendidit,
543 1894 652 1968 emptis
668 1895 831 1969 provinciis
848 1905 1006 1974 asenatu,
1020 1917 1039 1960 a
1051 1916 1085 1959 le
1097 1915 1138 1973 pu·

120 1977 214 2048 blica,
229 1977 351 2036 abonis
367 1978 504 2037 omnibus
520 1979 706 2038 defecerant:
730 1978 781 2052 qui
801 1980 954 2053 exercitu,
978 1981 1032 2057 qui
1053 1982 1137 2052 amb

122 2059 174 2132 qui
189 2060 299 2132 opibus
314 2062 473 2134 plurimum
490 2069 640 2134 poterant,
660 2077 753 2135 quum
768 2062 841 2136 quid
856 2071 1010 2125 sentirent
1024 2065 1136 2126 nescie-

25 2136 37 2153 ⁶
120 2151 176 2215 tur,
192 2143 306 2201 furialis
322 2142 372 2201 illa
387 2160 456 2210 vox,
475 2144 598 2202 nefariis
613 2145 734 2218 stupris,
751 2144 903 2219 religiosis
918 2148 1068 2209 altaribus
1078 2146 1134 2207 effe

121 2227 242 2298 minata,
258 2241 362 2284 seeum
380 2236 409 2286 et
423 2226 494 2286 illes
515 2233 545 2284 et
559 2229 701 2287 consules
718 2228 818 2287 fecere
829 2230 1033 2291 acerbissime
1047 2244 1134 2328 perse
1175 2298 1177 2305 Α

121 2309 225 2368 nabat=
248 2317 372 2383 egentes
397 2309 427 2370 in
449 2310 634 2383 locupletes,
654 2309 805 2387 perditrrn
820 2311 936 2384 bonos,
953 2313 1133 2373 servitude

119 2392 218 2450 minos
239 2394 439 2453 armabantur.
482 2389 533 2452 87.
557 2395 596 2451 Αι
616 2400 681 2452 erat
701 2403 962 2456 mecumsenatus
981 2396 1131 2490 etquidem
1166 2423 1173 2475 f

119 2479 206 2531 veste
227 2483 352 2535 mutata·
375 2477 459 2550 quod
482 2493 537 2550 pro
560 2491 607 2534 me
629 2491 689 2534 uno
710 2474 952 2550 postbominurn
976 2477 1177 2559 memoriam,

118 2554 242 2629 publico
254 2556 381 2616 consilio
393 2566 569 2633 susceptum
580 2567 636 2619 est
659 2557 720 2619 Sed
731 2560 956 2636 recordarequr
968 2571 1033 2623 tum
1044 2554 1177 2647 fumat

120 2638 278 2697 consulum
295 2640 415 2700 nomine
429 2642 498 2702 host
487 2652 542 2712 tes,
561 2642 613 2715 qui
628 2641 707 2701 soli
700 2658 731 2700 tn
746 2642 805 2700 bac
817 2643 894 2703 urbe
909 2654 1052 2706 senatum
1063 2607 1177 2731 satNJ

118 2719 161 2782 tui
183 2736 291 2794 parere
311 2737 372 2780 non
393 2723 510 2796 sierint,
532 2724 694 2799 edictoque
715 2741 771 2785 suo
791 2741 852 2784 non
875 2727 993 2787 luctum
1015 2696 1177 2803 patribus
1159 2766 1172 2810 ,ὁ

119 2803 318 2878 conscriptis,
341 2806 397 2863 sed
417 2805 530 2866 indicia
545 2809 642 2867 luctus
665 2806 841 2866 ademerint
884 2813 926 2869 At
948 2820 1018 2872 erat
1034 2821 1177 2893 meam„

118 2894 246 2947 cunctus
258 2896 402 2962 equester
412 2891 503 2949 ordo
520 2905 609 2987 quem
620 2889 774 2987 quidem
766 2907 797 2948 rn
812 2890 1012 2955 contionibus
1027 2896 1128 2955 aalma
1159 2849 1177 2978 ,¹

117 2971 166 3029 ilie
188 2971 332 3031 Catilinae
354 2973 462 3032 consul
483 2972 715 3046 proscriptionis
742 2973 981 3036 denunciatione
1009 2975 1123 3038 terrem
1161 3013 1177 3057 q,

117 3054 157 3112 At
171 3062 233 3113 tota
244 3054 328 3115 ltalia
351 3063 550 3115 convenerat·
572 3055 621 3116 cui
640 3057 762 3130 quidem
775 3056 867 3115 belli
860 3059 1000 3119 intestini
1014 3068 1045 3123 el
1059 3049 1124 3117 vaii-

118 3135 186 3193 latis
199 3148 297 3198 metus
313 3138 507 3199 inferebatur.

179 3218 310 3285 xxxvl.
326 3222 418 3282 Hisce
433 3238 491 3297 ego
509 3220 629 3282 auxiliis
645 3222 837 3282 studentibus
850 3228 945 3298 atque
960 3223 1085 3284 incitatis
1095 3178 1177 3309 uNJ

116 3311 165 3354 me
175 3298 382 3375 ,Laterensis‚
403 3305 542 3379 potuisse
562 3305 725 3376 confiteor,
750 3306 806 3364 sed
820 3312 885 3365 erat
899 3323 963 3366 non
987 3309 1064 3378 iura,
1080 3261 1177 3392 rcNJ

116 3377 244 3454 legibus,
262 3400 322 3442 non
338 3387 548 3460 disceptando·
556 3388 788 3447 decertandum·
808 3404 877 3447 nam
892 3391 1044 3462 profecto,
1057 3352 1177 3475 praNJ
