2356 3854
80 206 109 272 ι.
169 173 174 180 ’
241 200 316 261 rao
339 200 422 261 sux.
437 176 580 259 'Roscio
602 197 776 258 ιιιιιιιιιιο
800 182 950 258 omum.

82 353 132 416 10
149 351 224 412 Fide
236 349 447 426 sapientiaque
459 355 562 408 vestra
575 348 670 409 fretus
684 349 754 444 plus
773 348 875 407 oneris
891 348 1000 408 sustuli

82 437 162 495 ferre
184 449 232 493 me
253 449 349 509 posse
368 431 512 506 intelligo.
540 431 606 490 Hoc
625 447 703 490 onus
726 430 823 490 sivos
842 431 944 505 aliqua
964 448 1004 491 ex

82 508 278 591 adlevabitis‚
293 517 387 575 leram
404 522 437 575 ut
450 522 558 601 potero
574 513 674 574 studio
690 521 720 573 et
733 512 896 587 industria,
911 513 1004 573 iudior

82 599 222 674 euobis,
230 592 269 658 id
286 599 370 674 quod
384 614 445 656 non
460 613 569 672 spero,
586 596 725 669 deserar,
741 604 841 656 mmen
859 597 959 656 animo
978 615 1004 655 m

81 683 182 748 ficium
196 680 281 754 olid
298 682 381 757 quod
392 680 538 757 suscepi,
555 681 657 754 quoad
671 686 778 754 potero
794 681 863 753 perl
861 695 952 738 eram.
980 680 1003 753 Q

82 766 218 842 perferre
240 781 302 824 non
322 772 446 840 potero,
462 761 593 838 opprimi
613 779 661 822 me
677 778 769 821 onere
785 762 879 823 officii
893 764 988 836 malo,

82 847 130 922 id,
152 848 235 923 quod
252 846 323 907 mihi
344 863 412 906 cum
432 847 493 906 ilde
514 846 608 905 semel
604 844 800 934 impositum
823 854 886 918 est,
907 854 959 904 aut
982 863 1002 919 p

82 931 241 1007 perfidiam
262 930 393 990 abiicere
408 936 460 988 aut
479 935 604 1004 propter
604 914 820 987 infirmitatem
835 928 926 987 animi
941 929 1001 1004 dep

82 1012 133 1076 ll.
155 1015 197 1074 Te
211 1029 336 1089 quoque
347 1028 457 1086 magno
470 1027 578 1085 opere
595 1011 635 1069 Μ.
649 1010 759 1084 Fanni,
775 1028 906 1085 quaeso,
922 1020 968 1082 ut,
988 1031 1004 1085 q

52 1145 55 1156 .
83 1105 113 1158 te
138 1096 199 1156 iam
224 1104 326 1172 autea
339 1094 454 1169 populo
475 1095 612 1154 Romano
637 1093 819 1170 praebuisti,
847 1112 940 1168 quum
967 1094 1004 1153 hu

83 1179 153 1240 dem
175 1177 346 1254 quaestioni
369 1177 462 1237 iudex
482 1193 663 1252 praeesses,
687 1178 777 1236 talem
797 1184 827 1236 te
850 1186 880 1239 et
901 1177 990 1236 nobis

83 1261 225 1337 publicae
239 1261 299 1320 hoo
316 1267 453 1334 tempore
473 1257 640 1334 impertias.
683 1261 721 1319 V.
744 1260 862 1333 Quanta
878 1259 1004 1320 multitu<

35 1342 39 1349 '
82 1343 196 1404 uinum
211 1341 389 1404 convenerit
409 1343 449 1402 ad
465 1342 525 1425 hoc
539 1343 684 1402 iudicium
698 1344 801 1403 vides:
824 1359 902 1417 quae
918 1343 957 1402 sit
975 1359 1004 1401 or

82 1422 253 1488 mortalium
274 1425 478 1507 exspectatio,
501 1442 580 1500 quae
601 1425 752 1500 cupiditas
781 1434 815 1486 ul
832 1425 913 1486 acria
935 1442 970 1484 ao
1000 1446 1004 1484 t

24 1572 28 1581 ,
81 1509 195 1572 iudicia
214 1509 289 1569 fiant
313 1507 465 1582 intelligis.
502 1510 610 1583 Longo.
628 1509 785 1569 intervallo
804 1509 947 1568 iudicium
970 1510 999 1567 in

83 1591 184 1654 corios
203 1592 263 1652 hoc
284 1590 640 1668 primum.oommitlitur=
663 1609 755 1666 quum
769 1591 884 1652 interea
902 1592 1004 1651 caeder

81 1675 247 1750 guissimoe
267 1674 479 1750 maximaeque
500 1676 597 1735 iactae
618 1674 693 1748 sint,
722 1691 828 1736 omnes
849 1675 927 1734 hano
955 1694 1004 1748 qut

3 1834 5 1839 ³
81 1774 151 1819 nem
178 1766 209 1819 te
236 1767 390 1833 praetore,
423 1756 590 1818 manifestis
615 1757 776 1818 maleficiis
798 1757 1004 1832 cotidianoque

81 1842 173 1918 guiue
197 1841 366 1913 dimissam,
399 1849 524 1916 speram
546 1842 684 1900 futuram.
728 1838 777 1901 12.
807 1840 871 1913 Qua
891 1841 1004 1899 vocllei

80 1924 113 1999 iu
138 1924 265 1985 caeteris
290 1923 410 1984 iudiciis
437 1932 633 1984 accusatores
657 1922 701 1983 uti
722 1931 962 1994 consueverunt,
988 1941 1004 1982 e

81 2007 142 2067 hoc
172 2013 308 2080 tempore
334 2007 444 2066 utimur
474 2005 526 2080 qui
554 2023 677 2078 causam
705 2006 844 2066 dicimus.
897 2006 1004 2066 Pelimt

82 2096 129 2161 te,
151 2088 192 2146 M.
206 2087 316 2161 Fanni,
339 2085 537 2162 avobisque,
551 2088 684 2161 iudices,
701 2097 734 2149 ut
751 2106 840 2164 quam
856 2089 1002 2149 acerrime

1 2189 2 2195 ¹
44 2217 47 2231 .
84 2171 155 2231 ficia
168 2169 344 2243 vindicetis,
364 2178 398 2230 ut
413 2186 505 2245 quam
522 2170 685 2231 fortissime
705 2171 877 2232 hominibus
896 2172 1004 2231 audaci

82 2253 248 2327 resistatis,
266 2260 299 2313 ut
314 2253 374 2313 hoc
389 2252 544 2327 cogitatu,
562 2252 621 2313 nisi
635 2255 665 2312 in
682 2254 740 2313 hac
756 2272 850 2315 causa
863 2255 915 2329 qui
931 2263 1004 2314 vest

83 2353 152 2397 mus
173 2336 212 2397 sil
235 2335 445 2408 ostenderitis,
467 2352 504 2395 eo
525 2353 723 2410 prorumpere
744 2337 898 2398 hominum
915 2339 1004 2413 cupid

84 2426 116 2479 et
132 2420 233 2478 scelus
251 2427 281 2479 et
293 2418 468 2493 audaciam,
487 2426 596 2479 utnon
612 2421 704 2479 modo
720 2422 812 2494 olam,
833 2438 939 2481 verum
953 2421 1004 2481 etia

83 2500 115 2561 in
138 2502 204 2561 loro
226 2509 296 2561 ante
315 2501 445 2561 tribunal
464 2509 563 2575 tuum,
583 2502 623 2560 Μ.
637 2503 747 2576 Fanni,
769 2512 837 2563 ante
860 2505 956 2577 pedes
978 2522 1004 2561 vl

84 2583 217 2655 iudices,
232 2582 309 2643 inter
326 2583 396 2659 ipsa
411 2576 556 2645 subsellia
571 2586 683 2646 caedes
699 2588 818 2646 suturae
834 2587 903 2647 siut.
925 2585 974 2646 13.
992 2588 1004 2644 Ι

86 2666 160 2742 quid
175 2666 258 2726 aliud
271 2667 330 2727 hoe
344 2666 457 2727 iudicio
469 2675 647 2743 temptatur,
667 2667 727 2728 nisi
741 2669 820 2730 ulid
835 2669 901 2729 fieri
912 2669 1002 2728 liceat

85 2748 243 2822 cusentii,
259 2749 357 2823 quiin
374 2750 512 2811 fortunas
529 2752 620 2812 huius
634 2750 828 2812 invaserunt:
846 2768 970 2812 causam
990 2753 1004 2810 d

85 2831 136 2893 cui
156 2839 277 2907 praeter
298 2832 496 2894 calamitatem
517 2835 590 2893 nihil
602 2834 803 2909 reliquerunt:
826 2843 973 2894 accusant
986 2835 1004 2893 ii

83 2915 143 2976 bus
154 2914 253 2976 occidi
267 2923 383 2991 patrem
395 2914 466 2975 Sex.
477 2917 581 2979 Roscii
595 2918 677 2978 bono
693 2917 762 2978 luia
778 2935 902 2977 causam
917 2916 991 2976 dicit

84 3015 147 3058 non
168 3000 259 3059 modo
271 2998 394 3059 luctum
414 3015 497 3059 mors
519 3000 614 3075 patris
629 3001 740 3074 attulit,
761 3018 868 3061 verum
887 3000 1004 3060 etiams

84 3087 161 3140 tem:
177 3089 321 3143 accusant
333 3080 369 3155 ii,
388 3081 439 3156 qui
453 3083 532 3142 hunc
546 3084 648 3157 ipsum
658 3082 794 3158 iugulare
808 3101 923 3143 summe
936 3083 1004 3157 cupi

86 3178 211 3224 causam
227 3165 300 3227 dicit
313 3166 353 3238 is,
371 3164 423 3240 qui
438 3165 580 3226 etiamad
594 3166 766 3241 hocipsum
781 3167 925 3227 iudicium
940 3183 1004 3226 cum

86 3244 165 3305 sidio
187 3246 283 3319 veuit,
311 3265 351 3309 ne
369 3248 419 3308 hic
439 3247 550 3308 ibidem
567 3257 636 3309 ante
657 3252 765 3311 oculos
788 3258 906 3310 vestros
928 3249 1004 3309 truci

86 3327 219 3402 denique
233 3339 378 3392 accusant
394 3333 429 3405 ii,
452 3348 530 3406 quos
550 3333 685 3406 populus
704 3333 818 3409 poscit=
846 3335 1004 3392 causamd

86 3410 140 3484 qui
153 3427 233 3472 uuus
247 3411 370 3472 relictus
385 3429 426 3474 ex
439 3413 560 3476 illorum
573 3414 690 3477 nefaria
705 3416 801 3477 caede
814 3423 916 3477 restat.
942 3414 991 3477 14.
