2356 3854
81 201 145 267 212
381 204 455 264 PRO
470 202 504 263 P.
521 203 648 267 SULLA
662 201 814 263 ORATIO.

86 359 164 417 lorte
180 352 305 428 incipiat
318 353 473 428 improbus
487 351 588 413 subito
603 360 633 412 te
647 368 758 423 amare,
775 348 941 425 Torquato,
955 358 987 411 et
998 348 1093 424 aliquid

86 453 213 513 sperare
228 437 267 496 de
284 444 327 507 te,
344 445 450 510 atqua,
467 443 501 496 ut
513 434 604 494 iidem
620 449 728 494 omnes
744 432 927 505 exaudiant,
945 431 1094 491 clarissima

87 518 292 580 veredicum:
319 520 431 578 llamm
446 517 578 578 omniurn
597 533 711 591 remm,
734 533 812 591 quas
826 531 887 590 ego
906 514 940 574 in
956 515 1095 575 consulatu

86 619 143 680 pro
156 603 253 662 salute
263 600 308 661 rei
318 601 458 675 publicae
469 600 594 674 suscepi
604 608 697 675 atque
710 598 803 673 gessi,
815 598 850 657 L.
866 598 918 658 ille
931 596 1094 673 Torquatus,

86 702 181 760 quum
201 692 285 743 esset
304 700 391 744 meus
411 682 635 744 contubernalis
656 681 687 742 in
708 682 884 753 consulatu,
908 689 1005 755 atquc
1024 679 1095 740 edan

86 768 117 826 in
131 774 273 843 praetura
287 766 409 839 luisset,
423 774 543 837 auctor,
558 764 692 838 adiutor,
707 764 863 839 particeps
878 762 1006 835 exstitll,
1022 778 1096 838 quun

85 852 244 925 princeps,
266 865 358 923 quum
371 856 492 921 auctor,
513 863 605 922 quum
621 847 746 923 signiter
759 852 845 907 esset
857 844 1038 906 iurentutlsa
1057 860 1095 919 pa

84 948 157 992 rens
174 932 250 1004 eius,
266 931 358 991 bomo
373 929 596 993 amantissimus
608 930 731 1004 patriae,
747 928 871 989 maximi
887 928 994 1002 animi,
1008 924 1096 988 sunni

22 1010 33 1021 '
87 1013 214 1086 consilii,
227 1012 387 1086 singularis
396 1012 591 1086 constantiae,
604 1019 898 1087 quumessetaegcr,
913 1006 1094 1071 mmenoml

85 1097 144 1157 bus
159 1097 252 1155 rebus
267 1095 326 1155 illis
339 1094 487 1155 interluit:
511 1112 674 1170 numquam
687 1103 736 1154 est
751 1111 770 1153 a
784 1110 832 1153 me
846 1092 1028 1168 digressurus
1050 1098 1094 1153 etr

85 1179 148 1250 dio,
163 1177 302 1248 consilio,
319 1177 497 1237 auctoritate
512 1195 591 1238 unus
608 1177 723 1237 adiuvit
737 1176 909 1250 plurimum,
926 1192 1023 1251 quum
1033 1174 1093 1235 latr

85 1260 218 1319 mitatem
240 1256 378 1333 corporis
399 1259 506 1319 virtute
526 1259 617 1319 animi
639 1266 806 1334 superaret
848 1256 900 1318 35.
926 1257 1093 1318 Videsnett

86 1340 212 1413 eripiam
227 1349 257 1400 te
272 1357 312 1400 ex
325 1342 532 1415 improborum
549 1341 648 1402 subita
660 1341 756 1416 gratia
769 1346 800 1400 et
814 1339 1015 1401 reconciliem
1027 1336 1092 1400 bont

87 1421 249 1482 omnibus?
265 1423 317 1496 qui
328 1431 358 1482 te
368 1431 398 1482 et
409 1422 535 1497 diligunt
551 1433 580 1484 et
593 1425 722 1484 retinent
735 1423 973 1498 retinebuntque
988 1434 1093 1497 semper,

85 1520 159 1578 uec,
183 1504 210 1565 si
224 1505 302 1564 lorte
316 1521 335 1564 a
349 1522 397 1564 nne
411 1505 593 1579 desciveris,
617 1506 731 1566 idcirco
745 1514 777 1566 te
789 1522 809 1564 a
823 1522 858 1566 se
871 1514 904 1566 et
918 1522 938 1566 a
951 1502 1093 1581 republica

86 1595 117 1646 et
131 1603 149 1646 a
162 1595 214 1648 tna
228 1586 373 1662 dignitate
389 1588 521 1647 deficere
538 1589 696 1662 patientur.
728 1588 790 1647 Sed
804 1589 863 1647 iam
877 1590 978 1649 redeo
994 1588 1033 1648 ad
1044 1600 1092 1646 car
1122 1644 1124 1653 ,

87 1686 161 1741 sam,
178 1677 271 1744 atque
284 1670 343 1729 boc
359 1686 426 1741 vos,
439 1669 566 1742 iudices,
584 1674 692 1731 testor:
709 1670 783 1729 mibi
793 1671 833 1730 de
844 1679 959 1731 memet
972 1670 1040 1745 ipso
1051 1677 1092 1728 tttl
1122 1732 1124 1739 ,

85 1754 179 1811 multa
193 1751 315 1812 dicendi
330 1751 499 1813 necessitas
514 1753 663 1827 quaedam
676 1753 819 1828 imposita
833 1761 882 1814 est
895 1754 936 1812 ab
952 1753 1017 1815 illo.
1039 1750 1092 1811 lm

87 1836 114 1892 si
138 1835 307 1908 Torquatus
329 1835 441 1894 Sullam
470 1837 569 1895 solum
593 1844 786 1908 accusasset,
817 1852 877 1911 ego
905 1851 1032 1912 quoquc
1053 1834 1092 1891 lot
1121 1867 1124 1883 ι

85 1925 222 1990 ternpore
242 1917 315 1975 nihil
332 1917 412 1976 aliud
433 1933 554 1992 agerem
573 1917 632 1977 nisi
652 1934 737 1991 eurn,
765 1917 818 1992 qui
840 1926 1009 1980 accusatos
1024 1918 1093 1981 eseli

1 2053 2 2058 ,
86 1998 297 2069 defenderem,
314 1999 370 2058 sed
385 2016 477 2072 quum
492 1999 542 2058 ille
562 2009 625 2062 tota
640 1999 777 2060 oratione
796 2000 850 2060 illa
863 2000 894 2060 in
911 2017 962 2060 me
976 1996 1092 2061 essetin

86 2087 209 2149 vectus,
225 2089 256 2139 et
270 2097 377 2153 quum,
394 2089 427 2140 ut
441 2080 525 2141 initio
542 2081 619 2154 dixi,
636 2083 847 2142 defensionem
864 2100 968 2143 meam
985 2081 1093 2159 spoliant

87 2159 264 2220 auctoritate
284 2161 445 2233 voluisset,
474 2163 562 2222 etiam
583 2165 609 2222 si
629 2180 715 2224 meus
731 2165 821 2225 dolor
842 2166 1035 2240 respondere
1052 2174 1093 2223 not

87 2250 219 2316 cogeret,
234 2251 332 2303 tamen
344 2244 413 2317 ipsa
427 2260 520 2303 causa
534 2245 612 2305 banc
626 2262 645 2304 a
658 2262 707 2306 me
722 2247 892 2308 orationem
904 2247 1093 2324 flagitavisset

169 2326 246 2385 Xlll.
264 2325 315 2386 36.
336 2326 385 2385 Ab
399 2327 615 2400 Allobrogibus
634 2328 823 2389 nominatum
840 2329 960 2391 Sullam
982 2346 1049 2392 esse
1064 2324 1093 2384 d'l

87 2405 142 2463 cis.
170 2407 243 2478 Quis
258 2415 367 2483 negati
388 2407 450 2468 Sed
463 2410 530 2483 lege
543 2408 686 2469 indicium
701 2420 731 2471 et
744 2410 816 2470 vide
832 2411 1095 2488 quemadmodum

87 2485 258 2548 nominatus
279 2491 326 2549 sit.
367 2491 402 2550 L.
424 2490 561 2551 Cassium
585 2491 726 2553 dixerunt
755 2509 1020 2558 commemorasse
1047 2504 1096 2553 orn

87 2567 216 2627 caeteris
224 2571 403 2630 Autronium
414 2589 518 2632 secum
531 2576 639 2633 lacere.
663 2575 782 2647 Quaero
794 2594 866 2636 num
880 2578 1002 2638 Sullam
1011 2570 1097 2638 dixerit

88 2650 234 2707 cassiust
263 2653 426 2726 Nusquam.
469 2654 545 2716 Sese
566 2657 649 2715 aiunt
670 2659 831 2731 quaesisse
857 2660 899 2720 de
916 2660 1027 2722 Cassio
1044 2652 1097 2733 quit!

87 2730 172 2790 Sulla
188 2731 320 2792 sentiret.
358 2734 468 2795 Videte
488 2737 672 2812 diligentiam
688 2739 859 2801 Gallorum:
884 2744 941 2818 qui
959 2743 1047 2805 vitam
1058 2738 1098 2797 hi

85 2811 199 2873 minum
213 2821 409 2890 naturamque
429 2834 490 2876 non
512 2828 639 2879 nossent
655 2837 691 2880 ac
711 2830 827 2882 tantum
848 2826 1044 2888 audivissent
1058 2832 1097 2881 cos

87 2894 153 2969 pari
164 2895 331 2957 calamitate
340 2915 420 2972 essa,
437 2902 652 2974 quaesiverunt
665 2915 810 2964 essentne
820 2906 931 2967 eadem
949 2906 1097 2971 volanae!

86 2976 165 3047 Quid
185 2985 246 3037 tum
265 2978 410 3040 cossiust
439 2981 472 3041 Si
490 2984 702 3057 respondisset
720 2986 802 3047 idem
823 2990 943 3052 sentire
962 3000 997 3054 ct
1017 2998 1098 3053 serm

87 3058 189 3117 lacere
203 3060 331 3133 Sullam,
354 3071 453 3124 mutan
469 3064 542 3124 mibi
562 3082 623 3126 non
642 3067 798 3130 videretur
816 3070 848 3130 in
868 3073 957 3135 hunc
976 3074 1011 3136 id
1024 3064 1099 3133 cr'nn'r

87 3150 196 3198 nosum
210 3158 282 3202 esse
298 3144 419 3205 debera.
449 3147 527 3219 Quid
545 3146 608 3207 ilat
636 3149 711 3222 Quia
731 3153 785 3226 qul
805 3153 962 3218 barbaros
982 3154 1099 3218 bonno

88 3214 129 3270 ad
147 3217 257 3282 bellum
276 3223 459 3299 impelleret,
487 3245 547 3288 non
568 3230 699 3292 debebat
720 3235 857 3297 minuere
874 3237 1002 3300 illorum
1021 3229 1098 3309 suspi-

88 3291 207 3358 cionem
220 3310 250 3361 et
266 3320 395 3378 purgare
411 3325 481 3382 eos,
496 3311 536 3369 de
550 3311 661 3384 qulbus
675 3315 718 3375 illi
733 3318 848 3394 aliquid
864 3321 1022 3397 suspicari
1033 3316 1096 3379 vill·

87 3381 199 3435 rentur.
227 3380 277 3442 37.
293 3386 359 3444 lton
369 3389 528 3462 respondit
541 3399 639 3453 tamen
654 3414 716 3456 una
727 3400 830 3461 lacere
842 3401 973 3470 Sullam.
1001 3394 1095 3464 lllenl!

180 3608 246 3624 ⁴
