2356 3854
128 218 180 290 gg
280 181 762 264 lunare-maaser(
825 273 827 277 ¹
953 150 1039 269 ι155

58 359 198 423 rpetuum
213 358 418 422 comparatum
440 357 501 419 est,
533 363 643 422 magna
663 348 693 406 in
716 348 885 423 republica
900 349 1041 424 dignitas,
1074 358 1076 366 '

58 449 95 492 ae
117 448 167 490 me
188 447 309 506 semper
330 431 419 491 tacita
447 430 603 503 defendet,
631 424 739 505 rn'agna
759 432 806 491 vis
829 433 1042 504 conscientiae,

58 532 105 574 am
124 514 179 588 qui
193 515 354 588 negligent,
371 531 463 589 quum
478 531 526 574 me
542 513 658 572 violare
674 516 790 587 volent,
805 531 839 574 se
854 516 913 590 ipsi
928 516 1042 575 indica-

58 609 96 657 nt.
120 595 172 657 28.
186 598 244 658 Est
253 596 341 656 etiam
353 597 383 656 in
395 596 483 658 nobis
496 596 522 655 is
537 595 665 669 animus,
682 595 820 672 Quirites,
833 606 864 657 ut
875 615 935 658 non
951 601 1041 660 modo

58 682 127 740 llius
144 681 291 739 audaciae
306 680 467 751 cedamus,
489 679 545 738 sed
560 678 650 738 etiam
660 695 775 738 omnes
793 680 949 755 improbos
964 684 1041 742 ultro

58 780 138 838 nper
152 764 351 824 lacessamus.
397 763 489 836 Quod
505 764 531 822 si
547 764 646 822 omnis
660 762 792 835 impetus
808 759 1042 825 domesticorum

58 847 325 920 stium,·depulsus
340 862 358 905 a
371 847 524 920 vobis,.se
539 845 568 904 m
580 862 628 905 me
640 861 730 905 unum
744 846 935 919 converterit,
953 849 1042 908 vobis
1099 841 1104 846 ’

58 939 68 989 t
86 927 319 1005 providendum,
336 929 475 1002 Quirites,
490 945 552 1002 qua
566 927 746 989 condicione
763 929 891 1002 posthac
903 946 958 989 eos
971 947 1052 1007 esse,

58 1012 124 1084 litis,
140 1012 193 1086 qui
209 1029 243 1072 se
259 1029 313 1087 pro
333 1014 429 1072 salute
444 1021 547 1071 vestra
562 1011 724 1096 obtulerint
738 1010 871 1072 invidiae
886 1012 1043 1087 periculis-

58 1094 247 1156 comnibus:
263 1095 334 1154 mihi
352 1096 474 1170 quidem
490 1094 551 1168 ipsi
570 1095 643 1169 quid
660 1104 707 1154 est
724 1095 807 1169 quod
827 1096 887 1154 iam
909 1098 948 1156 ad
964 1097 1042 1156 vitae

58 1177 260 1253 rctumpossit
280 1179 411 1253 acquiri,
439 1195 531 1253 quum
553 1177 732 1251 praesertim
755 1195 855 1251 neque
876 1182 905 1243 in
926 1179 1042 1240 honore

58 1259 116 1322 stro
135 1277 237 1336 neque
254 1261 395 1336 ingloria
411 1263 526 1321 virtutis
542 1261 708 1336 quidquam
723 1259 843 1321 irideam
859 1262 963 1336 altius,
977 1280 1042 1338 quo

58 1344 88 1402 bi
101 1346 196 1405 libeat
212 1346 402 1404 ascenderet
444 1345 495 1405 29.
516 1345 593 1404 lllud
607 1344 746 1419 prolecto
762 1346 927 1423 perficiam,
946 1346 1042 1421 Quiri-

58 1444 72 1497 s,
87 1437 120 1488 ut
134 1445 180 1500 ea,
195 1444 274 1500 quae
289 1428 373 1502 gessi
388 1429 419 1488 in
435 1430 610 1499 consulatu,
627 1428 763 1503 privatus
785 1439 871 1490 tuear
886 1440 979 1504 atque
995 1446 1041 1489 or-

59 1527 93 1580 m,
108 1520 149 1582 ut,
166 1510 194 1570 si
211 1527 272 1585 qua
288 1521 335 1571 est
350 1511 463 1572 invidia
476 1513 688 1572 conservanda
701 1527 735 1570 re
749 1513 872 1585 publica
888 1522 1041 1587 suscepta,
1111 1566 1117 1581 ,

58 1594 117 1653 edat
129 1593 264 1665 invidos,
279 1593 350 1653 mihi
363 1596 461 1655 valeat
476 1596 517 1663 ¹ad
530 1595 664 1669 gloriam.
694 1594 833 1668 Denique
847 1596 888 1655 ita
902 1613 950 1655 me
965 1596 995 1655 in
1009 1612 1043 1653 re

58 1675 136 1735 blica
146 1676 292 1748 tractabo,
305 1686 337 1736 ut
348 1678 533 1738 meminerim
545 1693 667 1750 semper
679 1693 759 1750 quae
770 1678 917 1750 gesserim
926 1695 1043 1738 curem-

58 1775 78 1818 re
90 1769 123 1819 ut
137 1777 175 1819 ea
191 1759 385 1841 virtutenon
396 1777 472 1822 casu
485 1769 572 1835 gesta
582 1776 653 1819 esse
666 1758 835 1819 videantur.
853 1762 929 1832 VoS,
947 1760 1042 1832 Quiri-

58 1858 79 1912 s,
101 1842 244 1916 quoniam
259 1841 319 1902 iam
335 1860 398 1902 nox
412 1852 472 1915 est,
493 1841 629 1903 venerati
644 1843 762 1912 lovem,
779 1841 861 1902 illum
885 1843 1042 1906 custodem

58 1924 105 1985 ius
116 1925 201 1986 urbis
215 1941 251 1986 ao
267 1934 409 1997 vestrum,
425 1926 455 1985 in
468 1935 570 1985 vestra
582 1932 660 1984 tecta
672 1923 820 1985 discedite
832 1933 862 1985 et
876 1941 921 1997 ea,
938 1939 1042 1999 quam-

58 2024 106 2066 am
121 2010 180 2068 iam
198 2018 249 2084 est
261 2008 435 2084 periculum
452 2010 628 2084 depulsum,
656 2016 755 2068 tamen
774 2024 872 2082 aeque
889 2025 926 2068 ac
941 2009 1043 2084 priore

58 2100 104 2150 cte
112 2091 260 2153 custodiis
268 2092 441 2167 vigiliisque
449 2092 612 2153 defendite.
620 2091 653 2150 ld
662 2108 699 2150 ne
712 2091 802 2152 v'obis
810 2091 922 2152 diutius
930 2092 1042 2152 lacien-

58 2189 88 2231 lm
109 2176 146 2234 sit
163 2184 255 2250 atque
276 2185 308 2235 ut
324 2175 354 2234 in
371 2186 520 2250 perpetua
540 2190 617 2250 pace
632 2190 703 2234 esse
719 2174 846 2248 possitis
862 2176 1057 2250 providebo.-

440 2386 622 2397 ...α-..ι-

209 2543 252 2624 Μ.
296 2543 500 2624 TULLII
544 2540 859 2634 dicuntum
910 2546 927 2625 ⁴„

101 2667 147 2759 ru
178 2671 220 2768 r.
252 2670 513 2764 olricum
545 2669 726 2762 curuo
760 2670 954 2813 aulum

318 2818 465 2898 lllltlll
493 2817 535 2897 ΙΝ
563 2815 735 2899 SENATU.

449 2984 597 2994 —.-—

356 3099 689 3161 ARGUMENTUM.

87 3210 162 3268 Quum
182 3213 216 3264 Μ.
235 3213 321 3264 Cicero
344 3213 518 3263 consulNonis
532 3215 713 3266 Decembribus
731 3223 845 3264 senatum
861 3217 888 3264 in
903 3217 966 3266 aede
977 3216 1042 3266 lovis

58 3281 119 3328 rtoris
135 3282 291 3347 consuleret,
317 3283 426 3345 quidde
450 3283 483 3330 iis
503 3283 684 3333 coniurationis
708 3282 870 3334 Catilinariae
893 3287 969 3334 sociis
989 3285 1042 3333 lieri

58 3353 139 3408 iceret,
160 3353 204 3412 qui
225 3353 250 3399 in
266 3352 406 3400 custodiam
423 3351 509 3400 traditi
533 3360 631 3415 essent,
657 3351 820 3412 factumest,
838 3362 867 3402 ut
886 3354 950 3402 duae
963 3354 1042 3417 potis-

58 3420 106 3462 ωιτη
130 3421 276 3485 sententiae,
290 3429 504 3484 proponerentur,
525 3434 576 3469 una
605 3421 636 3472 D.
664 3420 742 3471 Sileni
770 3418 881 3471 consulis
905 3420 1040 3485 designati,
