2356 3854
372 132 452 236 cnr}
469 185 565 239 1—4.
585 183 613 244 s.
628 131 724 240 r-s.
934 141 940 162 '
997 172 1060 250 233

117 324 169 383 lll.
190 323 265 384 Nam
284 333 319 385 ut
338 323 465 400 primum
485 341 525 386 ex
546 325 648 400 pueris
669 327 803 387 excessit
821 328 948 388 Archias
969 339 1059 404 atque

57 404 125 467 >iis
142 406 272 480 artibus,
295 407 405 481 quibus
421 417 506 468 aetas
527 408 652 482 puerilis
673 409 712 468 ad
733 408 947 472 humanitatem
967 411 1059 472 iulor·

59 489 107 550 ari
122 491 217 562 solet,
234 505 269 548 se
284 491 325 549 ad
340 490 493 550 scribendi
511 490 643 551 studium
658 491 797 564 contulit,
811 492 938 566 primum
954 495 1059 555 Antio·

57 571 120 631 riae
133 603 177 615 —
193 587 262 631 uam
277 571 321 632 ibi
334 580 422 632 uatus
438 583 486 633 est
503 575 571 633 loco
584 571 678 632 nobili
693 606 747 645 -,
777 575 888 634 celebri
905 578 1059 649 quondam

57 656 107 714 rbe
125 661 157 726 et
171 653 298 728 eopiosa
312 662 403 729 atque
418 655 629 717 eruditissimis
640 653 811 715 hominibus
826 657 1058 720 liberalissimus·

57 754 91 797 ue
112 735 222 798 studiis
242 734 404 810 adfluenti,
424 738 561 797 celeriter
581 738 764 798 antecellere
784 739 924 799 omuibus
946 741 1059 815 ingenii
1129 730 1135 754 '

60 819 129 881 oria
144 817 276 893 contigit.
304 819 377 881 Post
396 819 427 879 in
447 821 577 880 caeteris
593 819 687 880 Asine
710 817 847 894 partibus
870 830 1058 897 cunctaeque

57 902 178 962 caeciae
193 901 237 960 sic
251 900 319 961 eius
333 903 485 983 adventus
504 903 747 975 celebrabantur,
761 911 795 961 ut
817 904 925 962 lamam
944 903 1057 978 ingenii

57 983 221 1058 <spectatio
247 984 392 1058 hominis,
419 985 677 1059 exspectationem
704 983 803 1059 ipsius
830 986 979 1045 adventus
1005 989 1085 1047 ad·‘

57 1067 211 1140 iratioque
232 1075 399 1141 superaret.
430 1067 741 1128 cornicularum
764 1068 853 1141 plena
875 1066 1058 1130 Graecarum

57 1151 138 1210 tium
153 1150 190 1208 ac
204 1149 433 1224 disciplinarum
448 1151 610 1225 studiaque
624 1151 701 1210 haec
716 1158 746 1209 et
757 1149 786 1208 in
797 1150 883 1210 Latio
897 1150 1057 1211 vehemen-

57 1249 89 1292 us
110 1240 174 1292 turn
195 1232 371 1292 colebantur
397 1251 488 1306 quam
508 1250 588 1294 nuuc
615 1232 723 1292 iisdem
748 1232 778 1292 in
808 1232 930 1308 oppidis
959 1243 989 1293 et
1007 1233 1057 1294 hic

58 1330 144 1375 omae
160 1323 287 1389 propter
304 1315 546 1389 tranquillitatem
563 1315 607 1375 rei
625 1315 764 1390 publicae
782 1333 842 1377 uon
864 1317 1056 1391 negligeban-

56 1414 86 1457 tr.
115 1397 221 1471 ltaque
238 1396 318 1457 huuc
332 1407 363 1458 et
375 1398 526 1458 Tarentini
540 1407 570 1460 et
584 1398 712 1472 Rhegini
728 1407 758 1458 et
771 1398 960 1473 Neapolitani
983 1399 1056 1459 civi·

57 1489 88 1541 te
102 1479 296 1554 caeterisque
310 1480 451 1555 praemiis
467 1482 619 1542 donarunt
631 1490 662 1541 et
675 1498 797 1552 omues,
819 1481 870 1555 qui
887 1481 1002 1556 aliquid
1017 1483 1056 1542 de

58 1561 159 1638 genim
172 1570 311 1636 poteraut
324 1562 473 1636 iudicare,
490 1564 662 1638 cognitione
676 1571 768 1637 atque
782 1563 915 1639 bospitio
931 1564 1056 1639 dignum

56 1645 247 1707 tistimarunt.
283 1646 347 1705 Hae
368 1653 450 1707 muta
470 1647 643 1706 celebritate
660 1648 758 1705 lamae
776 1662 872 1719 quum
891 1655 975 1704 esset
996 1647 1055 1705 iam

56 1728 207 1791 ›sentibus
234 1735 341 1801 notus,
363 1730 490 1789 Romam
514 1728 596 1787 venit
619 1727 714 1786 Mario
740 1729 866 1786 consule
887 1735 917 1785 et
939 1727 1054 1787 Catulo.
1138 1802 1140 1806 Α

56 1821 140 1871 actus
156 1819 205 1870 est
219 1810 348 1886 primum
365 1811 508 1870 consules
529 1826 598 1879 θοε,
624 1825 750 1883 quorum
768 1808 843 1867 alter
858 1824 909 1867 res
927 1808 966 1866 ad
982 1808 1054 1868 scri·

56 1895 162 1954 endum
186 1893 349 1965 maximas,
368 1896 446 1952 alter
460 1910 566 1966 ¹quum
591 1907 641 1950 res
662 1899 765 1964 gestas
787 1899 849 1950 tum
876 1891 965 1950 etiam
985 1899 1054 1952 stu·

56 1985 224 2051 umatque
244 1993 335 2037 aures
360 1975 506 2034 adhibere
526 1981 642 2049 posset.
677 1972 782 2033 Statim
801 1972 934 2046 Luculli,
962 1991 1054 2049 quum

56 2066 237 2120 eaetextatus
252 2059 341 2119 etiam
361 2066 422 2118 tum
436 2057 566 2116 Archias
581 2063 680 2129 esset,
700 2073 769 2116 eum
783 2057 814 2116 in
829 2057 951 2117 domum
967 2073 1053 2118 suam

56 2151 220 2218 ceperunt.
254 2141 310 2201 Est
322 2140 442 2215 signum
454 2140 514 2198 hoc
525 2155 585 2199 non
597 2141 696 2199 solum
706 2139 819 2216 ingenii
832 2157 868 2199 ac
880 2136 1052 2212 litterarum,

56 2242 135 2286 erum
156 2224 245 2284 etiam
264 2232 389 2284 naturae
410 2231 501 2297 atque
521 2221 656 2294 virtutis,
668 2231 708 2283 .ut
727 2223 849 2293 domus,
869 2238 947 2296 quae
961 2222 1052 2283 huius

56 2307 256 2368 lolescentiae
276 2307 373 2381 prima
394 2305 463 2380 luit,
484 2307 591 2366 eadem
605 2314 690 2366 esset
711 2304 943 2364 familiarissima
965 2321 1052 2364 seue·

57 2391 110 2451 uti.
155 2390 185 2451 6.
204 2390 277 2449 Erat
295 2389 483 2463 temporibus
500 2388 560 2448 illis
580 2388 732 2448 iucundus
747 2387 867 2447 Metello
890 2387 932 2447 illi
945 2384 1052 2448 limni-

58 2489 96 2533 co
113 2472 224 2533 eteius
238 2471 380 2544 Piolilio‚
403 2472 582 2532 audiebatur
597 2488 617 2529 a
629 2470 669 2528 M.
678 2463 832 2540 Aemilio,
846 2470 974 2532 vivebat·
984 2487 1053 2531 oum
1137 2466 1145 2475 ”

55 2597 59 2611 .
82 2554 188 2616 Catulo
204 2563 234 2614 et
255 2560 386 2628 patreet
402 2555 480 2627 lilio,
505 2555 569 2614 aL.
589 2554 699 2613 Crasso
717 2553 887 2625 colebatur,
907 2555 1053 2615 Lucullos

55 2654 102 2698 ero
117 2646 148 2698 et
161 2637 291 2697 Drusum
310 2645 340 2697 et
354 2635 495 2698 Octavios
512 2646 541 2697 et
556 2637 698 2697 Catonem
715 2644 745 2696 et
763 2642 856 2696 totam
875 2637 1052 2699 Hortensio·

55 2737 91 2780 rm
111 2721 235 2780 domum
252 2718 422 2781 devinctam
438 2719 657 2780 consuetudine
672 2735 764 2793 quum
781 2728 912 2791 teneret,
930 2719 1052 2780 adlicie-

55 2811 115 2864 ttur
138 2818 256 2862 summo
278 2802 410 2876 honore,
438 2803 521 2877 quod
542 2818 610 2862 eum
633 2819 694 2862 nou
716 2802 816 2863 solum
838 2803 978 2863 colebant
1000 2799 1054 2874 qui

56 2885 145 2960 iouid
155 2884 313 2960 percipere
328 2893 420 2960 atque
431 2884 536 2945 audire
550 2886 726 2954 studebant,
742 2884 947 2943 verumetiam
962 2881 1053 2956 siqui
1120 2890 1123 2895 ’

55 2977 105 3029 rte
123 2967 314 3027 simulabant.
336 2969 386 3027 lV.
410 2967 538 3028 luterim-
552 2967 741 3039 satislougo
762 2965 935 3036 intervallo,
960 2979 1052 3038 quum

55 3059 113 3112 sset
127 3065 196 3110 cum
212 3050 245 3108 L.
259 3050 385 3111 Lucullo
407 3049 437 3108 in
462 3047 594 3108 Siciliam
615 3049 769 3122 proiectus
794 3055 824 3107 et
841 3063 934 3122 quum
955 3062 994 3104 ex
1016 3062 1053 3105 ea

55 3132 187 3194 revincia
211 3149 279 3192 cum
303 3134 412 3191 eodem
430 3131 557 3190 Lucullo
576 3131 753 3214 decederet,
776 3129 858 3188 veuit
871 3128 1052 3189 Heracliam:

55 3233 109 3276 rae
122 3233 216 3291 quum
231 3223 315 3275 esset
327 3213 434 3273 civitas
450 3211 637 3285 nequissimo
652 3212 719 3271 iure
739 3227 776 3271 ac
792 3212 925 3285 loedere,
941 3211 1054 3273 ascribi

55 3318 60 3356 ε
76 3299 107 3358 iu
127 3314 194 3386 eam
209 3297 359 3358 civitatem
375 3295 485 3367 voluit,
499 3294 603 3368 idque,
615 3311 719 3368 'quom
733 3293 802 3369 ipse
822 3311 927 3369 perse
942 3293 1053 3370 diguus
