2356 3854
303 201 774 268 CAP.53-·56·S·119-1to.
1003 199 1048 263 89
1105 275 1108 282 ,

60 370 92 414 se
105 353 251 413 videatur.
281 351 385 426 Pugna
399 358 463 411 erat
479 351 628 424 equestris
642 351 800 427 Agathocli
815 351 896 426 regis
911 351 941 412 in
957 353 1042 413 tabu·

60 436 167 511 spicia:
182 435 230 494 his
245 442 346 504 autern
364 433 472 492 tabulis
487 432 645 494 interiores
661 435 762 510 templi
781 435 911 510 parietes
932 438 1043 495 vestie·

60 528 136 579 ntur.
163 517 244 576 Nihil
260 525 323 576 erat
338 532 374 575 ea
389 516 506 590 pictura
526 515 671 589 nobilius,
693 517 765 577 nihil
781 517 944 594 Syracusis
961 519 1044 593 quod

60 602 115 676 agis
132 601 292 660 visendum
307 607 470 674 putaretur.
501 599 565 658 Has
578 598 695 659 tabulas
715 601 754 658 Μ.
769 601 929 660 Marcellus
952 617 1045 676 quum

60 683 121 742 unia
136 679 263 742 victoria
276 681 327 740 illu
343 697 398 741 sua
414 681 541 755 prolana
556 681 694 755 fecisset,
717 692 816 742 tamen
831 684 976 757 religione
991 683 1043 741 im-

60 767 142 825 editus
161 781 223 824 nou
239 763 347 838 attigit:
371 763 443 834 iste,
465 777 558 838 quum
579 763 630 822 illa
651 758 718 823 iam'
729 774 854 839 propter
875 766 1046 825 diuturnam
1077 785 1080 790 ²

60 864 127 913 :cern
147 844 383 921 fidelitatemque
407 846 508 920 populi
526 846 712 921 Syracusani
734 863 821 907 sacra
842 847 1047 922 religiosaque

60 932 205 1004 cepisset,
233 945 339 990 omnes
363 944 416 988 eas
437 930 554 989 tabulas
575 929 712 990 abstulit:
745 929 893 1004 parietes,
919 925 1048 1003 quornm

60 1022 144 1074 :natus
159 1020 203 1075 tot
215 1013 338 1072 saecula
351 1021 533 1085 manserant,
549 1019 592 1072 tot
607 1013 687 1072 bella
701 1013 878 1087 effugerant,
893 1012 993 1072 nudos
1009 1025 1046 1070 uc

60 1097 206 1155 :formatos
229 1094 359 1169 reliquit.
390 1093 459 1154 123.
487 1095 525 1154 Et
538 1095 715 1169 Marcellus,
739 1095 806 1170 qui,
830 1094 855 1153 si
877 1094 1049 1171 Syracusas

60 1177 168 1251 missen,
184 1179 247 1259 duo
263 1178 374 1251 templa
392 1193 426 1236 se
441 1177 558 1237 Rornae
572 1178 783 1239 dedicaturum
803 1187 943 1248 voverat,
965 1176 1049 1248 isid,

60 1262 108 1318 uod
121 1267 186 1320 erat
200 1259 433 1332 aedificaturus,
458 1259 495 1318 iis
512 1261 604 1321 rebus
622 1260 739 1334 ornare,
756 1278 833 1336 quas
849 1268 979 1335 ceperat,
992 1276 1047 1319 no-

60 1341 233 1414 tit2⁴Verres‚
250 1341 372 1416 quinon
386 1341 501 1401 Honori
516 1360 615 1417 neque
630 1344 750 1418 Virtuti,
767 1361 856 1418 quern
870 1345 910 1403 ad
924 1343 1049 1403 modum

60 1424 90 1496 lc,
104 1426 158 1485 sed
172 1423 286 1484 Veneri
301 1433 331 1484 et
345 1423 485 1498 Cupidini
507 1438 577 1486 vota
595 1427 735 1502 deberet,
757 1426 785 1487 is
798 1427 954 1493 lllinervac
974 1433 1049 1485 tem-

60 1522 105 1567 urn
119 1508 253 1582 spoliare
268 1515 395 1566 conatus
418 1514 484 1583 est,
501 1509 554 1568 llle
570 1510 645 1568 deos
669 1511 795 1570 deorum
817 1509 924 1584 spoliis
947 1507 1049 1568 ornari

60 1590 129 1650 tluit:
144 1589 194 1648 hic
207 1598 383 1650 ornamenta
396 1590 550 1650 Minervae
571 1592 697 1665 virginis
719 1591 760 1650 in·
773 1591 972 1651 meretriciam
994 1592 1047 1649 do·

60 1690 100 1731 urn
116 1672 273 1745 transtulit.
303 1672 426 1746 Septem
441 1682 471 1732 et
485 1672 589 1746 viginti
604 1682 762 1748 praeterea
774 1675 894 1733 tabulas
908 1673 1047 1746 pulcher-

60 1771 94 1815 ne
107 1754 206 1830 pictas
222 1771 261 1814 ex
280 1756 388 1814 eadem
404 1756 481 1813 aede
499 1755 634 1815 sustulit:
656 1756 687 1814 in
708 1755 819 1828 quibus
840 1762 926 1813 erant
944 1753 1048 1826 imagi-

60 1854 78 1897 :s
89 1837 209 1898 Siciliae
223 1854 328 1912 regum
345 1853 380 1897 ae
397 1847 601 1913 tyrannorum,
618 1853 698 1912 quae
712 1854 772 1896 non
785 1838 882 1896 solum
899 1836 1049 1910 pictorum

60 1921 148 1981 tificio
161 1921 367 1993 delectabunt,
398 1919 563 1979 sedetiam
587 1918 872 1980 commemoratione
894 1918 1049 1979 hominum
1077 1954 1079 1960 ·

75 2002 244 2077 cognitione
266 2005 441 2062 formarum.
469 2005 516 2062 Ac
537 2002 637 2064 videte
650 2011 771 2082 ¹quanto
793 2001 918 2068 ,taetrior
938 2002 988 2062 hic
1002 2010 1057 2082 ty-.

60 2103 133 2146 nnus
141 2085 345 2162 Syracusanis
357 2083 446 2145 luerit
459 2103 549 2160 quarn
563 2087 724 2162 quisquam
736 2086 942 2161 superiorum:
956 2103 1049 2161 quum

60 2169 183 2229 itamen
206 2168 340 2242 ornarint
360 2169 473 2243 templa
492 2171 618 2230 deorum
639 2169 863 2243 immortalium,
887 2169 945 2229 hic*
960 2164 1056 2229 etiarn'

60 2268 139 2313 orum
155 2260 349 2312 monumenta
363 2260 455 2327 atque
471 2261 645 2313 ornamenta
660 2253 789 2313 sustulit.

103 2335 179 2394 LVI.
203 2333 280 2405 ,le
313 2335 376 2394 lam
402 2351 475 2396 vero
502 2337 575 2412 quid
599 2352 657 2410 ego
686 2337 724 2395 de
749 2335 848 2394 valvis
871 2333 958 2394 illius¹
976 2341 1050 2393 tem·

60 2415 333 2484 icommemoremt
362 2419 480 2477 Vereor
494 2436 540 2492 ne,
559 2420 634 2478 haec
653 2418 780 2493 quinon
794 2415 933 2489 viderint,
951 2417 1051 2477 omnia

60 2500 173 2560 animis
189 2517 301 2574 augere
311 2509 402 2575 atque
418 2509 526 2561 ornare
542 2501 736 2562 arbitrentur:
753 2501 837 2576 quod
847 2508 947 2581 tamen
961 2516 1050 2561 nemo

60 2582 172 2656 spicari
194 2585 301 2655 debet,
324 2591 384 2643 tarn
400 2579 477 2645 'esse
493 2601 541 2644 me
559 2584 719 2658 cupidum,
739 2592 827 2645 uttot
840 2583 924 2645 viros
939 2583 1052 2658 prima-

60 2679 87 2723 os
106 2668 210 2738 velim,
239 2666 416 2740 praesertim
438 2683 476 2726 ex
498 2667 632 2728 iudicum
655 2663 796 2741 numero,
819 2667 870 2744 qui
887 2666 1051 2745 Syracusis

60 2747 147 2823 erint,
165 2748 217 2824 qui
231 2749 308 2809 haec
325 2749 469 2821 viderint,
490 2767 560 2810 esse
575 2749 733 2811 temeritati
748 2760 778 2811 et
801 2751 960 2810 mendacio
982 2763 1051 2808 meo

60 2832 175 2892 inscios.
210 2832 394 2892 confirmare
408 2833 467 2892 hoc
483 2833 615 2909 liquido,
637 2832 769 2906 iudices,
786 2849 929 2908 possum,
946 2832 1052 2889 valvas
1125 2844 1129 2856 “

61 2914 312 2997 aguificentiores‚
335 2931 374 2974 ex
395 2932 469 2975 auro
491 2924 582 2990 utque
603 2917 696 2976 ebore
717 2915 932 2991 perfectiores,
953 2913 1053 2970 nullas

60 3009 165 3069 uquam
180 3000 242 3058 ullo
256 3001 369 3073 templo
385 2998 490 3059 luisse.
510 2998 689 3058 lncredibile
704 2999 787 3059 dictu
802 3005 850 3056 est
865 3010 955 3069 quarn
969 2994 1054 3054 multi

60 3081 129 3151 raeci
142 3081 181 3141 de
192 3081 299 3141 harum
313 3084 470 3140 valvarum
491 3081 692 3156 pulcritudine
707 3079 853 3154 scripturn
868 3076 1053 3152 reliquerint.

60 3158 150 3223 iniurn
173 3164 299 3224 forsitan
314 3166 390 3222 haec
406 3163 448 3227 illi
463 3163 606 3223 mirentur
619 3171 711 3237 atquo
727 3162 863 3221 efferant.
891 3161 981 3220 Esto:
1001 3177 1053 3220 ve-

60 3257 92 3302 m
108 3254 208 3306 tamen
231 3247 388 3308 honestius
412 3255 459 3306 est
478 3245 522 3305 rei
536 3245 677 3320 publicae
689 3253 830 3317 nostrae,
851 3243 984 3317 iudices,
1007 3261 1053 3318 ea,

60 3339 104 3387 uae
128 3329 186 3390 illis
210 3333 315 3405 pulcra
337 3346 407 3390 esse
430 3328 602 3400 videantur,
624 3328 836 3402 imperatorem
861 3335 998 3389 nostrum
1022 3329 1051 3386 in

60 3408 104 3470 :tto
115 3413 278 3488 reliquisse
290 3429 380 3488 quarn
392 3420 563 3487 praetorem
573 3413 602 3471 in
614 3426 691 3486 pace
703 3410 876 3472 abstulisse.
899 3411 945 3470 Ex
959 3410 1053 3470 ebore
