2356 3854
255 244 260 253 .
339 202 625 287 'capas-srd-
643 208 806 263 rao-rar.
1053 199 1095 265 37
1136 238 1145 259 ι

70 355 117 414 lati
132 352 263 427 argenti,
277 353 351 427 quid
366 352 518 425 stragulae
534 351 646 421 vestis,
664 352 746 425 quid
753 352 900 424 pictarum
915 354 1093 425 tabularum,

71 436 140 513 qnid
168 434 343 517 sigrrorum,
367 433 440 519 quid
465 433 624 492 marmoris
650 435 732 507 apud
758 434 840 493 illum
864 434 977 508 putatis
1004 444 1096 496 esset

70 520 193 579 'lantum
209 506 342 590 scilicet,
358 513 503 591 qnantum
521 532 538 574 e
553 515 654 575 multis
672 516 904 590 splendidisque
924 517 1071 578 familiis
1063 537 1094 579 m

73 602 155 663 turba
175 609 207 660 et
226 598 344 673 rapinis
367 599 545 658 coacervari
564 614 626 657 una
646 598 676 656 in
692 599 782 657 domo
797 599 904 672 potuit.
925 600 1095 660 Familiam

75 700 142 744 vero
156 690 304 757 quantam
320 691 350 741 et
365 698 455 756 quam
472 681 566 741 variis
583 696 652 740 cum
667 681 803 741 artificiis
820 683 931 742 habeat
946 683 1020 756 quid
1036 700 1094 758 ego

77 766 188 827 nano
202 762 287 825 tet.
316 764 401 825 Mitto
417 765 512 824 hasce
528 773 609 824 artes
624 764 782 837 vulgares,
800 780 934 837 coquos,
950 765 1093 838 pistores,

78 847 254 908 lecticarios·
271 847 364 906 animi
379 847 541 907 staurium
556 862 649 906 causa
664 855 708 906 tot
722 847 861 905 homines
875 846 980 918 habet,
996 857 1028 907 ut
1043 866 1094 908 co·

78 930 181 991 tidiano
197 938 289 990 cantu
304 945 415 989 vocum
433 938 463 990 et
476 945 640 988 nervorum
660 937 723 988 ett
711 929 851 988 tibiarum
875 928 1096 1004 nocturnisque

80 1012 217 1073 conviviis
231 1011 450 1072 totavicinitas
465 1021 618 1088 personet.
651 1012 754 1071 Inhac
770 1011 847 1079 vita
862 1011 997 1095 iudices,
1015 1030 1095 1086 quos

80 1104 206 1170 sumptus
221 1095 408 1169 cotidianos,
425 1112 502 1169 quas
514 1095 682 1154 effusiones
697 1094 763 1154 fieri
778 1086 912 1169 putatis?
927 1111 1006 1167 quae
1022 1112 1095 1156 vero

80 1179 228 1237 convivial
244 1178 383 1250 honesta,
398 1177 524 1248 credas
517 1195 547 1236 m
562 1177 628 1237 eius
643 1178 726 1238 modi
740 1179 840 1248 domo,
858 1177 885 1237 si
897 1179 1005 1237 domus
1018 1179 1095 1237 haec

79 1258 210 1320 habenda
226 1268 276 1321 est
290 1260 393 1335 potius
410 1277 501 1335 quam
522 1261 646 1321 cilicina
662 1260 816 1334 nequitiae
841 1269 871 1319 et
885 1261 1094 1323 deversorium

79 1340 249 1416 flagitiorum
270 1342 413 1402 omnium.
447 1341 517 1404 135.
552 1344 623 1418 Ipse
640 1359 713 1403 vero
736 1344 991 1418 quemadmodum
1013 1361 1094 1404 com·

79 1425 169 1501 posito
190 1434 221 1485 et
249 1424 383 1485 delibuto
411 1427 520 1501 capillo
545 1426 662 1500 passim
690 1442 745 1500 per
773 1428 870 1486 lorum
898 1428 1003 1487 volitet
1027 1443 1095 1486 cum

80 1522 177 1583 magna
197 1517 321 1568 caterva
340 1517 510 1583 togatorum
535 1509 662 1580 videtis,
687 1508 821 1580 iudices,
850 1520 879 1568 et
899 1526 959 1568 una
984 1510 1094 1570 videtis

70 1598 220 1651 -ntomnes
236 1589 400 1666 despiciat,
416 1600 449 1652 ut
464 1592 616 1651 bominem
631 1608 706 1666 prae
723 1609 756 1651 se
773 1592 923 1651 neminem
942 1600 1040 1667 putet,
1062 1602 1095 1652 ιιι

81 1688 109 1732 ιιι
119 1676 215 1735 solum
232 1675 370 1748 beatum,
389 1677 488 1735 solum
503 1684 659 1749 potentem
672 1683 766 1747 putet.
795 1675 878 1746 Quae
894 1691 967 1733 vero
983 1676 1096 1734 alliciat

81 1762 190 1831 atquae
205 1765 348 1830 conetur,
363 1759 390 1817 si
403 1758 496 1819 velim
510 1773 763 1826 commemorare,
777 1772 897 1827 vereor,
912 1756 1040 1828 iudices,
1056 1774 1095 1815 ne

82 1839 138 1911 qais
150 1839 319 1915 imperitior
335 1842 487 1901 existimet
501 1857 549 1899 me
564 1855 688 1898 cansam
699 1837 864 1897 nobilitatis
876 1838 1095 1911 victoriamque

81 1923 204 1983 noluisse
226 1923 358 1983 laedere.
399 1922 530 1983 Tametsi
556 1938 625 1986 meo
654 1920 720 1980 iure
744 1937 887 1994 possum,
912 1920 938 1980 si
968 1920 1041 1995 quid
1064 1921 1093 1979 in

82 2000 126 2064 lac
138 2013 223 2080 parte
237 2004 312 2065 milri
326 2022 387 2066 non
404 2008 523 2080 placeat
535 2005 720 2078 vituperare.
754 2004 819 2063 Non
839 2003 918 2064 enim
934 2020 1044 2064 vereor
1056 2021 1095 2064 ne

84 2084 139 2160 qais
150 2088 284 2148 alienum
297 2104 345 2148 me
360 2090 491 2148 animum
506 2087 652 2147 habuisse
669 2105 688 2147 a
703 2102 796 2146 causa
811 2087 974 2147 nobilitatis
990 2087 1092 2148 existi-

83 2177 137 2228 mat.
164 2171 283 2231 XLVII
306 2167 376 2232 136
401 2171 507 2232 Sciunt
496 2171 556 2245 tii,
573 2170 828 2245 quimenorunt,
848 2187 898 2230 me
913 2187 968 2244 pro
985 2171 1096 2230 illate-
1125 2178 1129 2187 '

84 2253 122 2311 ιιι
134 2251 314 2328 infirmaque
329 2262 429 2328 parte,
456 2263 564 2329 postea
586 2271 676 2328 quarn
698 2255 730 2312 id
755 2255 838 2327 quod
860 2252 991 2312 maxime
1012 2252 1093 2312 volui

85 2331 134 2394 lari
151 2352 212 2396 non
233 2336 332 2411 potuit
347 2347 378 2398 at
395 2346 643 2413 componeretur,
664 2337 696 2395 id
711 2335 841 2395 maxime
856 2335 1046 2406 defendisse,
1061 2343 1096 2395 ut

85 2411 273 2491 iivincerent,
299 2419 352 2493 qul
368 2421 534 2480 vicerunt
550 2419 718 2493 Quisenim
735 2428 814 2492 erat,
836 2417 962 2492 quinon
978 2418 1095 2478 videret

85 2493 261 2563 inunitatem
278 2518 345 2562 cum
359 2503 497 2582 [dignitat
498 2504 584 2581 ede]
597 2501 794 2577 amplitudine
810 2509 881 2561 cont
870 2501 1017 2560 tenderet
1032 2518 1093 2576 quo

83 2576 278 2671 iaqertamine
292 2585 403 2660 perditi
418 2586 494 2646 civis
509 2595 575 2646 erat
591 2603 651 2646 non
663 2602 698 2645 se
712 2585 753 2644 ad
765 2601 820 2645 eos
831 2585 965 2660 iungere,
983 2585 1093 2659 quibus

83 2652 269 2727 incolumibus
284 2677 315 2728 et
328 2669 411 2729 domi
426 2669 557 2744 dignitas
571 2679 601 2729 et
621 2668 696 2729 loris
718 2668 883 2728 auctoritas
904 2667 1093 2728 retineretur.

83 2742 148 2815 luae
162 2752 301 2825 perlecta
315 2768 387 2812 esse
404 2761 434 2812 et
451 2770 539 2812 suum
555 2750 666 2826 cuique
681 2752 830 2811 honorem
845 2760 875 2811 et
885 2753 1012 2826 gradum
1024 2751 1093 2810 red

81 2824 159 2891 ditum
173 2834 311 2907 gaudeo,
327 2834 461 2907 indices,
480 2837 735 2908 vehementerque
751 2836 860 2907 lactor,
876 2851 975 2908 eaque
993 2833 1094 2893 omnia

79 2908 191 2975 deorum
205 2918 424 2991 voluntate,st
412 2918 497 2978 tudio
513 2919 618 2993 populi
631 2918 775 2987 Romani,
796 2916 925 2977 consilio
949 2924 979 2975 et
998 2915 1094 2987 impes

73 2992 111 3058 no
125 3006 155 3059 et
171 2999 363 3059 felicitateL.
385 3000 488 3061 Sullae
510 3010 598 3076 gesta
617 3017 688 3061 esse
712 3000 855 3073 intelligo
895 2993 967 3055 137.
1006 2996 1094 3067 Quod

73 3080 310 3142 laimadversum
324 3091 373 3143 est
387 3083 418 3142 in
439 3099 509 3156 eos,
531 3083 584 3158 qui
607 3092 713 3142 contra
734 3083 816 3142 omni
837 3079 954 3139 ratione
977 3094 1093 3153 pugna-

70 3169 146 3235 unt,
163 3181 226 3225 non
242 3166 340 3226 debeo
355 3166 597 3240 reprehendere=
614 3165 698 3239 quod
712 3164 786 3223 viris
802 3162 945 3232 sortibus,
963 3178 1092 3236 quorum

70 3256 159 3321 opera
173 3246 285 3307 eximia
306 3248 337 3308 in
350 3250 443 3309 rebus
459 3247 601 3322 gerendis
619 3245 747 3317 exstitit,
768 3247 869 3306 honos
892 3244 1013 3306 habitus
1036 3254 1093 3318 est,

70 3323 164 3391 laudo.
200 3330 284 3404 Quae
298 3340 331 3391 ut
345 3332 468 3400 tierent,
484 3329 599 3389 idcirco
614 3337 781 3403 pugnatum
794 3344 865 3388 esse
879 3328 1008 3388 arbitror
1029 3345 1089 3387 me-

70 3426 123 3486 que
142 3413 174 3473 in
200 3429 239 3474 eo
260 3414 361 3483 studio
381 3415 511 3489 partium
536 3412 632 3472 luisse
659 3412 816 3474 confiteor.
861 3410 914 3471 Sin
937 3419 1038 3471 autem
1061 3410 1092 3470 id
