2356 3854
89 185 177 283 ιιι1
348 156 436 241 ιιι.
452 179 662 261 caraman
675 179 816 240 enarro
827 181 879 239 111

87 332 204 396 Statilio
221 333 260 391 ad
275 349 360 393 suam
374 340 493 407 gentem
508 333 579 392 data
593 348 663 392 esse
679 331 830 402 dixerunt,
847 314 943 405 atque
958 331 1058 391 itasibi
1068 333 1089 391 al

85 417 134 476 his
149 424 179 476 et
194 432 213 475 a
227 415 261 474 L
279 416 385 476 Cassio
397 431 468 475 esse
483 409 713 489 praescriptum,
731 423 764 475 ιι
778 413 947 510 equitatum
961 413 992 474 in
1004 414 1089 474 Italian

85 498 323 574 quamprimum
344 498 509 559 mitterent:
532 499 691 572 pedestres
712 496 771 557 sibi
794 497 901 572 copias
918 514 982 558 non
997 498 1089 558 deluto

85 599 151 642 ras=
166 583 327 641 Lentulum
343 591 442 642 autem
458 580 516 642 sibi
531 581 731 641 confirmasse
744 596 783 639 ex
800 581 870 640 latis
892 579 1047 658 Sibyllinis
1058 581 1087 641 ho

84 665 304 741 mspicumque
321 664 480 740 responsis
492 681 563 724 esse
578 681 612 724 se
627 663 711 724 illum
732 663 850 723 tertium
872 663 1055 738 Cornelium,
1069 681 1089 723 ιι

85 767 176 826 quem
197 766 322 824 regnum
342 748 433 810 huius
453 747 539 809 urbis
562 756 654 822 atque
676 747 835 822 imperium
856 747 1018 822 pervenire
1033 763 1089 808 esse

85 849 230 919 necesse·
247 833 373 893 Cinnam
394 840 464 893 ante
483 846 518 890 se
535 839 565 891 ιι
585 830 699 891 Sullam
720 831 832 891 luisse:
851 830 1052 910 eumdemque
1065 829 1087 889 ti

84 908 215 976 ιἰιεειι
186 917 215 974 la
217 917 306 976 talem
327 917 406 975 hunc
425 932 537 976 annum
552 931 623 975 esse
639 914 700 974 ad
692 914 844 974 interitum
864 913 958 974 huius
971 913 1051 974 urbis
1066 922 1087 972 at

84 1016 146 1075 que
162 999 290 1074 imperii,
306 1000 358 1074 qui
371 1007 454 1058 esset
468 1014 567 1058 annus
584 998 720 1057 decimus
740 1005 811 1072 post
826 996 980 1072 virginum
994 997 1089 1058 absolu

83 1084 213 1153 tionem,
240 1089 311 1156 post
333 1080 472 1155 Capitolii
496 1089 596 1141 autem
622 1080 832 1140 incensionem
858 1080 1036 1141 vicesimus.
1060 1077 1089 1141 lt

84 1167 173 1225 Hanc
197 1173 298 1225 autern
316 1164 448 1239 Cethego
470 1181 539 1224 cum
560 1164 688 1224 caeteris
703 1165 945 1223 controversiam
962 1161 1089 1225 ιιιιιιιι-

83 1255 209 1318 xerunt,
231 1248 315 1321 quod
328 1246 457 1307 Lentulo
480 1256 509 1306 et
531 1247 598 1307 aliis
620 1249 746 1306 caedem
762 1246 973 1307 Saturnalibus
989 1248 1050 1307 lieri
1064 1253 1089 1304 ιι-

16 1407 17 1410 Ὶ
85 1346 146 1405 ιιι
162 1330 268 1389 urbem
285 1329 407 1390 incendi
422 1331 569 1404 placeret,
595 1330 726 1404 Cethego
743 1329 866 1390 nimium
882 1329 914 1389 id
936 1331 1054 1405 longum
1064 1327 1089 1386 ri

83 1415 216 1473 deretur.
238 1414 277 1471 V.
292 1416 339 1473 ιιι
356 1426 394 1472 ne
410 1412 575 1487 longum
551 1421 598 1482 sit,
615 1412 754 1486 Quirites,
769 1414 897 1473 tabellas
911 1411 1089 1487 prolerrilos·

13 1490 20 1500 ‘
83 1497 196 1579 simus,
224 1512 303 1570 quae
321 1512 340 1554 a
357 1512 481 1570 quoque
497 1495 675 1555 dicebantur
690 1497 789 1556 datae.
834 1496 967 1557 Primum
984 1491 1088 1559 οιιιιιι

83 1566 152 1639 mus
170 1579 302 1653 cethego
318 1578 453 1653 signum·
470 1579 621 1653 cognovit
650 1580 713 1640 Nos
734 1580 827 1639 linum
844 1578 1025 1641 incidimus·
1018 1574 1088 1652 lai

82 1680 162 1723 mus.
183 1663 256 1724 Erat
269 1663 415 1737 scriptum
431 1662 529 1737 ipsius
548 1678 639 1723 manu
653 1663 853 1736 Allobrogum
869 1663 991 1725 senatui
1009 1670 1037 1724 et
1053 1675 1087 1736 pt·

82 1748 174 1822 pulo,
197 1762 268 1807 sese
289 1763 369 1822 quae
390 1763 494 1807 eorum
508 1745 616 1820 legatis
631 1747 845 1806 confirmasset
866 1747 1015 1808 iacturum
1028 1757 1088 1806 essa

84 1845 173 1890 orare
188 1835 221 1889 ut
235 1829 305 1889 item
319 1829 363 1891 illi
380 1832 514 1890 lacerent
529 1845 608 1904 quae
624 1829 682 1888 sibi
693 1844 798 1890 eorum
812 1829 905 1904 legati
916 1829 1088 1906 recepissent

83 1913 159 1972 Tum
174 1912 341 1987 Cethegus,
368 1913 420 1986 qui
444 1914 545 1987 paullo
563 1920 633 1972 ante
650 1911 766 1987 aliquid
780 1921 880 1974 ιιιιιιιι
902 1913 942 1973 de
956 1912 1088 2002 gladiisat

55 2006 56 2010 ’
84 1995 173 2067 sicis,
200 2011 280 2068 quae
295 1995 403 2070 apud
395 2011 497 2068 ipsum
511 2005 597 2056 erant
611 1996 818 2071 deprehensa,
841 1988 1087 2073 respondisseti-

83 2077 264 2150 xissetque
275 2095 310 2137 se
337 2094 460 2152 semper
490 2080 640 2139 bonorum
668 2081 918 2139 ferramentorum
946 2079 1087 2142 studiosuo

83 2160 195 2231 luisse,
216 2159 350 2220 recitatis
372 2160 479 2222 litteris
503 2162 674 2223 debilitatus
689 2171 781 2238 atque
802 2162 941 2224 abiectus
957 2160 1087 2225 consciar-

83 2244 125 2304 tia
139 2241 438 2318 repente-conticuit.
468 2245 663 2306 introductus
681 2254 729 2306 est
750 2245 901 2307 Statilius:
923 2245 1088 2322 cognoritat

83 2329 204 2401 signum
220 2336 250 2387 et
265 2342 386 2386 manum
400 2343 496 2387 suom.
528 2329 684 2389 Recitatae
700 2338 771 2389 sunt
786 2331 918 2390 tabellae
932 2330 963 2389 in
979 2327 1087 2390 cantu

83 2411 148 2469 iere
163 2410 357 2470 sententiam:
372 2413 534 2472 confessus
549 2421 605 2472 est.
627 2411 701 2471 Tum
713 2413 833 2473 ostendi
849 2414 978 2473 tabellas
989 2407 1086 2472 Lentia

83 2502 114 2552 et
134 2493 273 2566 quaesivi
294 2504 534 2568 cognosceretne
560 2495 690 2569 signum.
725 2495 849 2556 Adnuit.
882 2497 938 2556 Est
957 2513 1039 2566 vero,
1058 2489 1088 2551 n·

83 2591 191 2671 quam,
205 2585 312 2636 notum
327 2577 451 2672 quidem
467 2577 595 2653 signum,
611 2578 712 2653 imago
729 2579 779 2638 avi
792 2579 850 2651 ιιι,
872 2578 1031 2643 clarissimi
1043 2571 1088 2642 ιίιίι

83 2659 136 2733 qui
152 2658 265 2719 amavit
286 2659 377 2719 unice
401 2659 528 2735 patriam
554 2670 584 2721 et
601 2661 686 2722 cives
709 2679 800 2723 suos:
818 2679 898 2737 quae
915 2665 1089 2737 quidemut

82 2750 166 2802 tanto
183 2743 300 2802 scelere
316 2741 404 2803 etiam
421 2754 503 2804 muta
516 2761 664 2804 revocare
680 2745 793 2807 debuit.
830 2744 879 2808 11.
896 2747 1088 2832 Leguntoret·

82 2827 152 2886 dem
169 2824 287 2886 ratione
301 2828 341 2885 ad
356 2836 493 2889 senatum
502 2828 701 2902 Allobrogum
718 2832 927 2904 populumque
942 2818 1089 2891 littemaSi

82 2909 158 2985 qnid
174 2910 213 2970 de
230 2909 279 2970 his
293 2911 385 2970 rebus
398 2910 501 2977 dicere
516 2912 621 2983 vellet,
644 2911 773 2973 lecit
718 2930 759 2987 po
761 2921 911 2974 testatem.
949 2906 1089 2990 Atqueiilt

82 2994 180 3067 primo
198 2993 321 3069 quidem
341 2994 478 3068 negavit·
495 3003 567 3068 post
580 3002 680 3055 autem
688 2995 866 3071 aliquanto,
883 3005 947 3060 toto
963 2989 1089 3059 iamiudi·

82 3075 130 3134 cio
145 3077 287 3152 exposito
295 3087 387 3152 atque
398 3076 490 3152 edito,
506 3078 653 3140 surrexit:
666 3079 834 3154 quaesivit
832 3096 852 3140 a
865 3080 965 3141 Gallis
973 3068 1089 3157 quidsit

82 3166 166 3217 esset
180 3175 248 3220 eum
263 3161 310 3233 iis,
329 3178 421 3236 quam
436 3161 475 3221 ob
488 3178 551 3221 rem
564 3163 685 3223 domum
701 3179 788 3224 suam
799 3163 968 3238 venissent,
983 3167 1089 3236 ιιιιιιιιι

82 3239 283 3304 aVulturcio
319 3243 376 3318 Qui
398 3261 490 3320 quum
512 3245 553 3305 illi
574 3246 673 3307 brevit
661 3255 707 3307 ter
727 3256 967 3322 constanterque
988 3258 1089 3339 respon

82 3314 215 3394 dissent,
242 3342 297 3401 per
312 3345 403 3402 quem
417 3330 541 3389 adeum
557 3329 761 3404 quotiensque
777 3332 951 3402 venissent,
977 3326 1089 3407 quaesit

83 3412 214 3480 senique
229 3409 268 3468 ab
282 3426 338 3482 eo,
360 3410 475 3473 nihilne
493 3429 598 3476 secum
616 3423 701 3476 esset
716 3414 756 3476 de
772 3414 841 3476 latis
857 3414 1016 3492 Sibyllinis
1029 3416 1089 3474 loco
