2356 3854
885 39 911 77 V.

68 159 70 163 ’
124 175 184 239 tro
406 173 481 234 nno
495 175 528 233 n.
542 174 706 234 unauna
721 173 908 235 nauno-
1006 130 1014 143 ¹

124 328 189 389 iure
204 325 284 385 civili
299 322 480 398 aequitatem
496 323 696 398 reliquerunt,
719 324 813 384 verba
829 325 898 398 ipsa
912 333 1087 389 tennerunte
1102 336 1134 402 ut,
1172 390 1177 397 ,

125 409 197 485 quia
217 408 247 467 in
267 406 396 466 alicuius
416 406 501 465 libris
521 408 654 481 exempli
676 423 771 466 causa
788 407 820 466 id
837 424 949 467 nomen
968 410 1135 485 invenerant,

125 499 268 568 putarunt
282 506 389 550 omnes
405 488 556 560 mulieres,
574 506 654 563 quae
668 489 1052 567 coemptionemztacerent,
1066 493 1134 554 Gaias

56 580 59 587 '
126 572 238 634 vocari.
274 575 335 632 lam
353 572 427 631 illud
446 570 517 631 mihi
538 572 660 647 quidam
677 573 783 632 mirum
802 571 901 632 videri
920 575 1017 647 solet,
1037 584 1080 637 tot
1095 576 1141 635 llo·
1168 584 1177 595 ·

76 662 79 669 '
126 658 231 730 mines,
247 664 307 716 tam
319 653 505 729 ingeniosos,
522 663 741 729 pertotannos
753 654 936 715 etiamnunc
948 665 1135 718 statuercmn

125 736 1134 815 potuisseutrumdiemtertiumanperendinum,iudicen

125 840 163 883 an
175 820 623 903 arbitrum,remanlitem
636 820 866 894 dicioporteret.
890 820 1135 899 Xlll.28.ltaquo,

125 915 158 966 ut
178 905 256 978 dixi,
284 903 414 978 dignitas
434 902 465 961 in
486 901 544 962 ist'a
563 902 688 962 scicntia
703 900 883 963 ‘consularis
903 919 1070 980 numquam
1087 909 1098 966 l
1113 908 1134 978 l,

126 1005 204 1063 quac
219 995 282 1047 tota
297 1003 337 1047 ex
350 987 443 1046 rebus
457 985 537 1046 fictis
554 985 834 1059 commenticiisque
849 995 1021 1059 constaret,
1041 989 1135 1063 gratim
1174 986 1177 991 ’

124 1088 198 1131 vero
214 1070 307 1130 multo
324 1068 413 1128 etiam
428 1067 570 1127 minores.
600 1068 687 1141 Quod
703 1068 782 1127 enim
799 1068 941 1128 omnibus
958 1078 1044 1144 patet
1058 1080 1086 1132 et
1097 1086 1133 1131 ee

124 1170 187 1229 que
208 1158 380 1227 promptum
397 1159 446 1211 est
460 1149 532 1209 mihi
552 1159 582 1210 et
597 1149 774 1210 adversario
788 1166 873 1218 meo.
894 1150 927 1210 id
945 1167 1019 1212 esse
1039 1161 1134 1229 gratum

125 1237 207 1295 nullo
231 1241 320 1309 pacto
344 1241 453 1307 potest.
497 1233 603 1307 ltaque
625 1249 687 1293 non
707 1234 798 1292 modo
820 1233 964 1293 beneficii
984 1234 1139 1296 collocandi

126 1334 224 1393 spem,
236 1317 291 1375 scd
302 1315 393 1376 etiam
404 1315 486 1386 illud,
501 1317 584 1388 quod
596 1315 726 1390 aliquam
739 1315 791 1374 diu
802 1315 865 1387 luit,
880 1331 965 1375 arcer
977 1332 1133 1386 conamus

125 1402 185 1459 iam
207 1390 392 1475 perdidistis.
429 1396 559 1471 Sapiens
579 1397 745 1458 existimari
764 1414 853 1457 nemo
869 1406 973 1473 potest
986 1400 1019 1459 in
1033 1416 1070 1460 aa
1081 1416 1133 1476 pm

126 1482 237 1553 dantia,
256 1497 335 1555 quae
352 1495 452 1554 neque
468 1489 554 1540 extra
568 1482 693 1562 Romam
713 1497 842 1554 usquam
858 1497 963 1556 neque
975 1483 1088 1543 Romae
1100 1496 1133 1541 re·

99 1567 104 1573 '
127 1568 183 1625 bus
196 1565 321 1640 prolatis
334 1562 498 1639 quidquam
512 1564 600 1623 valet
621 1563 737 1623 Peritus
749 1564 818 1623 ideo
829 1562 1132 1641 haborinemopotaal,

126 1650 211 1723 quod
229 1647 327 1719 ineo,
350 1647 434 1722 quod
451 1645 551 1706 sciunt
569 1662 691 1718 omnes,
712 1648 793 1706 nullo
815 1647 908 1706 modo
926 1657 1061 1722 possunt
1075 1647 1134 1707 luta

125 1748 161 1791 se
178 1733 362 1805 discrepare.
394 1729 532 1789 Difficilis
550 1739 650 1790 autem
670 1745 721 1788 res
741 1729 810 1789 ideo
828 1745 889 1788 non
913 1737 1048 1805 putatur,
1068 1727 1132 1807 qnod

124 1826 156 1875 et
173 1815 335 1891 perpaucis
357 1821 388 1873 et
407 1811 528 1872 minime
549 1811 688 1872 obscuris
710 1811 815 1870 litteris
836 1813 1019 1874 continetur.
1048 1815 1132 1887 tuqus

126 1899 152 1957 si
172 1897 244 1957 mihi
260 1895 375 1955 homini
396 1896 591 1955 vehementer
613 1903 761 1968 occupato
780 1896 973 1956 stomachum
989 1893 1132 1965 moventi,

126 1979 224 2039 triduo
246 1996 294 2038 me
314 1980 387 2040 iuris
408 1978 580 2038 consultum
595 1993 665 2036 esse
679 1977 854 2051 profitebor.
884 1978 1006 2038 Etenim
1023 1975 1131 2055 quaen
1168 2042 1172 2048 ,

126 2061 242 2134 scripto
258 2071 394 2134 aguntur,
410 2060 525 2134 scripta
540 2068 610 2120 sunt
625 2059 734 2131 omnia,
751 2076 851 2133 neque
868 2069 971 2121 mmen
990 2062 1130 2137 quidquam
1166 2064 1177 2097 -'

75 2164 78 2173 ·
126 2151 186 2203 tarn
207 2151 336 2218 anguste
352 2145 496 2217 scripturn
512 2151 573 2215 est,
596 2160 658 2217 quo
679 2158 736 2216 ego
751 2160 812 2203 non
828 2143 961 2217 possim:
992 2152 1127 2214 quanm
1153 2130 1177 2171 ’

126 2243 251 2299 norrun,
271 2227 395 2286 addere.
432 2226 514 2300 Quae
532 2226 729 2286 consuluntur
742 2233 857 2297 autem,
878 2226 1004 2288 minimo
1019 2222 1125 2304 perimit
1159 2226 1177 2252 ·“

125 2310 359 2385 respondentur.
382 2307 415 2368 Si
427 2308 467 2379 id,
480 2309 563 2382 quod
575 2317 705 2383 oportet,
715 2307 924 2383 responderis,
937 2309 1021 2371 idem
1030 2308 1123 2370 udan
1156 2308 1177 2379 ’ξ’

126 2391 340 2466 respondisse,
360 2393 443 2467 quod
458 2390 598 2450 Servius:
624 2391 670 2451 sin
686 2391 786 2462 aliter,
810 2390 900 2452 etiam
922 2398 1121 2454 controversa!
1153 2388 1177 2459 :''·

126 2474 174 2533 ius
196 2492 291 2535 nosse
310 2483 340 2535 et
363 2484 492 2535 tractare
512 2474 645 2536 videare.
686 2473 736 2534 29.
760 2474 955 2550 Quapropter
973 2492 1037 2538 nou
1054 2473 1122 2535 solun
1151 2468 1174 2497 '³

126 2555 177 2614 illa
196 2557 291 2630 gloria
311 2557 447 2617 militaris
471 2556 583 2617 vestris
603 2557 740 2617 formulis
762 2566 854 2631 atque
875 2559 1049 2623 actionibus
1066 2560 1121 2616 ant
1153 2552 1177 2604 '2‘-

126 2640 270 2712 ponenda
284 2648 346 2711 est,
363 2656 466 2698 vemm
482 2641 570 2700 etiam
586 2639 706 2700 dicendi
724 2640 917 2700 consuetudo
930 2642 1024 2717 longo
1036 2634 1120 2701 etna}
1147 2630 1177 2673 ‘³'-

85 2792 90 2800 .
126 2731 188 2782 tum
203 2721 253 2782 isti
271 2730 390 2782 vestrae
404 2722 612 2783 exercitationi
629 2725 668 2782 ad
682 2723 828 2782 honorem
844 2726 1017 2786 antecellet.
1048 2723 1122 2793 litos*

125 2804 197 2864 mihi
211 2804 353 2866 videntur
366 2806 505 2880 plerique
519 2805 603 2865 initio
616 2808 710 2866 multo
725 2805 783 2865 hoc
793 2805 950 2881 maluisse,
967 2814 1045 2884 post,
1059 2810 1121 2891 qut!
1141 2796 1177 2871 ⁴³³.

125 2887 157 2947 id
177 2889 307 2962 adsequi
329 2903 388 2948 non
414 2888 598 2963 potuissent,
622 2887 701 2949 istuc
721 2887 912 2964 potissimum
934 2900 1008 2952 sunt
1027 2889 1120 2961 delati*

125 2970 165 3030 Ut
178 2971 261 3031 aiunt
278 2971 307 3031 in
324 2970 449 3031 Graccis
466 2970 632 3030 artificibus
650 2989 705 3033 eos
720 2973 869 3033 auloedos
884 2987 967 3045 esse,
996 2972 1046 3049 qui
1057 2966 1121 3031 oid*
1150 2974 1177 3001 *³

124 3053 212 3114 roedi
225 3054 292 3114 fieri
306 3071 367 3114 non
382 3053 548 3129 potuerint,
567 3052 611 3114 sic
626 3071 686 3116 non
700 3056 799 3115 nullos
812 3054 972 3129 videmus,
990 3056 1040 3132 qm
1052 3054 1121 3114 onir
1158 3027 1177 3129 ‚¹

125 3148 176 3192 res
196 3138 327 3199 evadere
345 3154 407 3197 non
428 3145 605 3211 potuerunt,
628 3154 684 3198 eos
705 3138 745 3196 ad
759 3135 833 3197 iuris
848 3138 986 3199 studium
1000 3130 1120 3200 dormit·
1156 3114 1177 3167 ¹¹

76 3261 83 3267 .
126 3212 254 3288 Magnus
269 3220 391 3281 dicendi
405 3220 504 3293 labor,
525 3234 716 3295 magnares,
738 3235 847 3292 magna
868 3221 1015 3294 dignitas,
1037 3218 1121 3305 surr?

126 3310 228 3355 amem
248 3302 353 3371 gratia.
393 3303 510 3363 Etenim
530 3319 550 3363 a
569 3301 658 3363 vobis
675 3300 836 3362 salubritas
857 3303 1024 3375 quaedam,
1044 3300 1077 3361 ab
1091 3304 1120 3353 lt
1154 3292 1176 3375 ἒ

125 3377 180 3449 ΊΠῙ
195 3377 308 3455 diffini>
323 3385 407 3444 salus
420 3385 490 3458 ipsa
503 3384 624 3460 petitur.
651 3382 768 3445 Deinde
781 3391 885 3444 vestra
894 3400 1045 3461 responsa
1057 3382 1120 3450 etqui
