2356 3854
132 168 194 232 336
351 164 427 224 PRO
444 164 477 222 T.
492 161 611 222 naulo
627 160 774 220 hllLONE
791 159 964 220 ottartox

130 333 186 368 mos
204 324 258 366 erat
272 316 321 364 iter
335 315 494 377 facientibus,
513 313 607 379 gladiis
623 313 699 361 cinai
712 312 891 373 sequebantur.
915 312 992 360 Erunt
1005 325 1058 359 enm
1068 308 1127 359 uoto
1152 353 1166 386 ξ

129 395 260 451 praetcrea
277 392 328 431 tres
344 386 449 432 comites
462 384 527 441 cius,
545 397 579 432 ex
596 381 688 443 quibus
704 394 784 443 eques
801 379 933 427 Romanus
950 393 1024 439 unus,
1039 376 1129 427 uuo
1154 405 1177 454 [ᾗ

130 456 187 502 nius
206 451 313 511 Schola,
339 451 389 499 duo
407 451 439 500 ‹ie
456 449 533 514 plebs
549 450 609 498 riori
625 446 758 507 homines,
777 446 807 496 P.
821 448 989 511 Pomponius,
1005 445 1032 497 (i.
1050 445 1129 498 Clodiu.

129 521 190 570 stite
208 519 288 568 rheda
302 519 442 568 vehebatur
460 533 518 566 cum
534 532 614 566 uxore
629 517 735 574 Fausta,
757 515 810 563 lilia
826 514 858 564 1..
876 513 963 564 Sullae
980 514 1131 574 dictatorius
1156 554 1167 589 fl

130 590 164 637 bt.
183 587 257 636 Patro
278 586 405 635 familiare
422 600 480 637 suo.
516 586 674 649 Sequetm
695 598 741 633 aas
763 596 887 649 magnum
910 596 1043 633 morum
1063 594 1132 647 qun,
1157 626 1169 656 Ρ

130 658 196 705 inter
211 668 276 717 quos
291 654 447 719 §adiatores
464 669 566 717 quoque
583 660 669 710 cram,
689 666 722 700 ex
740 650 832 712 quibus
850 651 903 700 dno
921 652 985 709 noti,
1002 651 1134 700 Eudamus
1166 651 1170 715 'i

130 725 222 776 Birria.
256 724 277 771 ll
292 725 318 770 in
335 723 424 771 ultimo
438 726 539 787 agmine
554 721 650 769 tardius
668 730 755 767 euntes
772 735 830 768 uum
847 720 931 768 servis
943 720 973 768 Ρ.
991 718 1069 768 clodii
1082 720 1136 767 rins
1170 764 1173 787 ἶ

131 793 321 841 commiscmnt.
361 791 404 840 Ad
421 806 496 852 quem
520 788 654 838 tumultum
677 802 754 848 quum
775 789 933 850 respexisset
951 787 1054 836 Clodius
1069 786 1137 836 mitit·
1160 786 1175 851 -ζ

132 861 240 918 bundas,
258 859 389 907 humerum
406 860 460 908 eius
477 860 558 908 Birria
570 854 723 921 rhomphaea
734 856 843 908 usiecit.
859 855 924 905 lude
940 870 1023 918 quum
1038 862 1085 904 orta
1095 860 1138 904 ω
1160 905 1164 914 ,

130 943 231 993 pugna,
253 926 341 990 plures
355 925 487 976 Miloniani
504 932 673 975 accurrerunt.
708 922 811 972 Gladim
834 922 983 973 vulneratus
1003 925 1031 972 in
1045 924 1139 973 ιιιδιιιιι
1175 989 1176 993 ¹

131 997 275 1061 proximam
291 994 422 1044 Burillauo
437 995 535 1045 delatus
550 1002 597 1043 est.
612 991 673 1041 hlilo
689 1000 717 1039 ut
730 993 851 1056 cognorit
867 992 1032 1042 vulneratum
1048 990 1139 1047 Glolirn
1166 1046 1172 1060 Ἰ(

132 1080 210 1126 quum
227 1065 278 1112 sihi
294 1058 462 1126 periculosius
479 1062 544 1112 illud
562 1062 637 1110 etiarn
654 1060 711 1108 vivo
727 1074 757 1108 eo
775 1059 889 1108 l'utnrum
907 1058 1140 1125 intelligeretur&
1177 1116 1178 1119 Ἴ

131 1142 216 1181 antem
240 1145 361 1196 maguum
385 1129 510 1180 solacium
533 1137 600 1179 esset
622 1127 768 1186 habiturus,
797 1129 873 1176 etism
902 1129 925 1177 si
949 1129 1081 1179 subeunda
1097 1130 1142 1175 ιιιιι

167 1214 227 1255 ena,
245 1199 372 1247 exturbari
389 1199 493 1248 taberna
508 1199 592 1250 iussit.
629 1197 884 1260 Fuit'sntesignanus
904 1210 1043 1247 servorum
1063 1192 1140 1246 siml.
1163 1244 1164 1260 ,

165 1267 259 1315 nicius.
293 1267 378 1326 Atque
393 1266 428 1314 ita
444 1265 548 1317 Clodios
562 1266 644 1314 latens
662 1271 788 1314 extraoum
806 1272 845 1314 est
860 1262 1004 1328 multisque
1029 1262 1141 1315 vetreto

132 1332 271 1384 conlectus.
308 1330 420 1401 Cadaver
445 1335 500 1383 eius
514 1337 541 1383 iu
559 1335 600 1382 via
617 1333 744 1392 relictum,
766 1334 827 1395 quis
843 1335 913 1383 servi
932 1331 1022 1384 Clodii
1037 1329 1141 1384 autoorltl

132 1409 202 1450 crant
222 1408 265 1449 sut
287 1402 399 1465 graviter
416 1403 496 1452 saucii
512 1404 637 1460 latebant,
661 1400 721 1453 Sex.
738 1400 833 1451 ‘Pedius
846 1408 966 1462 senator,
994 1405 1041 1466 qui
1062 1402 1142 1452 lorica

131 1483 188 1516 rure
205 1469 232 1516 in
250 1469 339 1517 urbem
356 1471 535 1525 revertebatur,
550 1466 652 1518 sustulit
665 1476 690 1518 et
706 1466 797 1518 lectica
814 1480 862 1518 sua
878 1469 992 1521 Romam
1008 1470 1067 1521 terri
1081 1468 1141 1517 insit:

131 1538 188 1653 ὶᾶιι
200 1551 288 1586 rursus
303 1537 402 1594 eodem,
418 1539 486 1587 unde
502 1546 555 1588 erat
573 1551 700 1606 egressus,
714 1551 742 1586 se
760 1539 865 1601 recepit.
884 1537 1018 1589 Peristum
1027 1547 1065 1589 est
1078 1547 1142 1601 0⁰er

161 1604 288 1654 odiiaute
302 1607 410 1669 primam
423 1608 505 1656 noctis
520 1607 608 1656 boram
624 1605 776 1666 mimasque
788 1606 870 1670 plebis
879 1615 905 1654 et
914 1623 1048 1657 servorum
1061 1606 1142 1659 mi!
1167 1655 1168 1660 ,

133 1672 267 1723 multitudo
290 1688 381 1737 magno
408 1673 478 1723 luctu
500 1689 593 1738 eorpus
614 1676 641 1723 iu
666 1675 730 1725 atrio
754 1674 844 1723 domus
864 1677 981 1739 positum
1000 1672 1141 1727 circnmto't
1163 1702 1164 1707 =

132 1742 251 1807 Augebat
268 1750 352 1792 autem
368 1742 429 1791 lacti
445 1743 566 1792 iuvidiam
582 1757 647 1792 uxor
666 1740 749 1791 Clodii
766 1741 863 1801 Pulvis,
878 1757 945 1804 quse
961 1758 1023 1794 sum
1039 1739 1141 1795 emath·

132 1810 286 1860 mentatione
303 1810 408 1860 vulnera
424 1811 480 1859 eius
496 1811 651 1862 ostendebat.
671 1809 753 1859 Maior
765 1818 866 1875 postera
883 1811 928 1861 die
940 1810 1002 1863 luce
1018 1804 1141 1877 primsnnl

132 1878 213 1928 titudo
231 1879 345 1929 eiusdem
363 1880 462 1944 generis
480 1880 603 1929 confluxit
616 1878 809 1942 compluraque
826 1880 880 1928 noti
896 1878 1018 1931 homines
1032 1880 1084 1929 elisi
1096 1882 1140 1935 tuti

38 1960 45 1973 ·
132 1946 197 1995 inter
214 1960 278 2008 quos
295 1945 321 1995 (i.
340 1947 463 1997 Vibienus
481 1956 591 1998 senator.
620 1947 680 1995 Erat
696 1947 787 1996 domus
805 1945 897 2007 Clodii,
913 1956 976 1997 ante
989 1961 1082 2013 pancos
1095 1956 1141 1995 nt*

132 2026 175 2063 ses
199 2023 284 2077 erupta
307 2015 339 2063 (ie
359 2015 394 2064 hl.
414 2013 524 2077 Scauro,
547 2017 574 2065 iu
588 2014 694 2064 Palatio.
737 2015 831 2066 Eodem
847 2017 878 2064 T.
902 2015 1035 2067 Munatius
1054 2015 1140 2069 runo

132 2078 209 2128 irater
223 2081 253 2130 L.
272 2082 359 2131 Planci
374 2084 495 2144 oratoris,
518 2091 544 2132 et
559 2082 588 2141 Q.
606 2084 743 2148 Pompeius
761 2082 855 2142 liuius,
874 2082 965 2134 Sullae
989 2083 1140 2136 liceum

131 2146 184 2197 lilia
200 2163 288 2213 nepos,
306 2150 402 2199 tribuni
418 2148 453 2215 pl.
471 2159 677 2211 accucurrerunt,
699 2153 785 2214 uiaque
800 2151 962 2202 hortantibus
980 2152 1073 2218 vulqus
1086 2153 1140 2213 iope

132 2218 210 2266 ritum
226 2232 318 2281 corpus
337 2219 433 2268 nudum
451 2233 481 2267 nc
497 2219 620 2279 lutatam,
640 2221 677 2268 sic
693 2227 722 2268 ut
736 2221 763 2270 lu
779 2220 843 2270 lecto
859 2228 914 2270 erat
928 2224 1053 2285 positum,
1069 2227 1093 2269 nt
1105 2213 1140 2265 vul

131 2299 192 2335 nera
209 2286 289 2336 videri
303 2296 415 2351 possent,
434 2290 461 2336 in
477 2286 559 2336 lorum
575 2287 664 2338 detulit
677 2297 702 2337 et
719 2289 745 2337 in
762 2290 849 2338 rostris
864 2291 962 2353 posuit.
993 2292 1032 2341 ibi
1048 2304 1089 2354 pro
1101 2296 1139 2335 ιιι

132 2352 200 2401 tione
218 2354 325 2405 Plancus
342 2362 367 2404 et
382 2355 527 2421 Pompeius,
543 2355 587 2417 qui
605 2357 813 2420 competitoribus
829 2357 930 2406 Milonis
945 2361 1087 2420 studebant,
1098 2350 1139 2405 irv'e

132 2419 201 2469 diam
217 2422 305 2472 Miloni
320 2423 440 2473 lecerunt.
464 2424 577 2488 Populus
595 2424 659 2474 duce
676 2423 734 2474 Sex.
751 2424 837 2475 Gladio
856 2426 942 2474 sariba
960 2440 1055 2492 corpus
1067 2425 1093 2475 P.
1104 2419 1140 2472 lle

132 2487 169 2535 dii
192 2488 217 2536 in
235 2492 330 2540 curiam
352 2491 437 2541 intulit
450 2492 623 2554 cremavitque
646 2493 773 2542 subselliis
793 2501 818 2543 et
840 2493 1014 2546 tribunalibus
1038 2504 1061 2546 st
1074 2488 1141 2543 usti
1165 2537 1166 2541 ,

133 2560 158 2603 et
175 2556 306 2607 codicibus
327 2559 496 2615 librariorum,
534 2559 589 2619 Quo
610 2561 670 2625 igne
694 2569 718 2610 et
736 2560 792 2626 ipsa
808 2577 908 2624 quoque
924 2566 1000 2613 curis
1013 2562 1140 2630 uagam

131 2621 192 2671 item
211 2625 300 2675 Porcia
316 2627 433 2691 basilica,
451 2643 516 2690 quae
533 2634 586 2678 erut
604 2630 628 2677 ei
647 2630 751 2694 iuncta,
767 2631 883 2679 ambusta
897 2637 945 2685 est.
983 2632 1087 2683 Domum
1098 2638 1141 2690 tt*

132 2706 181 2752 que
199 2691 232 2740 M.
250 2692 341 2757 Lepidi
357 2694 566 2759 interregis—is
583 2698 651 2746 enim
668 2698 829 2762 magistratus
845 2698 943 2747 curulis
962 2710 1017 2751 erat
1034 2706 1141 2753 matiti-
1166 2741 1167 2747 ,

132 2766 157 2807 et
181 2759 292 2810 absentis
309 2761 410 2811 itlilonis
429 2765 518 2813 eadem
536 2763 581 2815 illa
596 2763 715 2819 Clodiana
730 2765 866 2815 multitudo
882 2771 1058 2832 oppugnavit,
1076 2761 1141 2817 ieitlt

132 2828 233 2893 sagittis
254 2828 358 2893 repulsa
381 2838 429 2881 est.
461 2833 526 2881 Tum
548 2833 631 2883 iascss
649 2848 682 2883 ex
699 2833 764 2883 lecto
782 2834 908 2885 Libitinae
925 2845 1017 2900 raptos
1033 2827 1141 2889 ettuhttl

131 2897 234 2946 domum
251 2896 377 2962 Scipionis
394 2906 418 2948 et
431 2900 552 2965 Hypsaei,
575 2900 667 2953 deinde
681 2902 715 2951 ad
728 2901 814 2953 hortos
833 2901 878 2959 Gn.
897 2903 1024 2970 Pompeii,
1040 2902 1142 2955 mmo·

132 2979 190 3014 oum
206 2967 281 3016 modo
297 2966 435 3028 consulem,
453 2970 528 3019 modo
547 2969 703 3021 dictatorem.

108 3056 116 3071 ι
195 3034 342 3086 Incendium
362 3038 447 3086 cunae
471 3039 591 3087 maiorem
618 3039 745 3102 aliquanto
763 3041 967 3105 indignationem
990 3043 1141 3095 civitatis*

132 3111 203 3177 yerat
224 3119 299 3165 quem
317 3104 459 3156 interiectio
484 3104 573 3161 clodii.
600 3107 687 3170 Itaque
704 3106 773 3168 trito,
790 3109 864 3171 quem
880 3111 969 3174 opinio
993 3108 1142 3165 tuentius
1177 3155 1178 3175 ,

133 3179 160 3212 ιιι
177 3169 346 3222 voluntarium
364 3173 490 3240 exsilium,
508 3175 605 3224 invidis
621 3177 823 3227 adversariorum
840 3184 968 3228 remeatus
979 3190 1053 3231 neoto
1065 3193 1093 3229 es
1103 3171 1143 3224 td·

134 3243 186 3281 srat
205 3238 325 3301 Romam,
342 3256 393 3304 qus
417 3243 519 3293 incensa
536 3253 589 3292 erat
607 3245 686 3304 ouria,
704 3246 855 3308 petebatque
877 3245 959 3297 nihilo
984 3248 1141 3299 ummo*
1176 3306 1177 3309 Ἴ

134 3298 256 3378 sulatum:
285 3318 371 3372 aperte
398 3326 498 3375 quoque
516 3311 626 3363 tributim
654 3312 681 3361 ln
702 3313 816 3378 singulos
839 3314 911 3365 milia
933 3317 1031 3366 assium
1053 3313 1140 3367 dedet&

134 3363 282 3419 Contionem
306 3377 330 3422 ei
352 3385 414 3440 post
428 3379 524 3441 aliquot
543 3379 597 3429 dies
625 3380 696 3431 dedit
718 3379 752 3430 Μ.
771 3381 870 3435 Caelius
894 3383 1012 3441 tubunas
1032 3384 1067 3449 pl.
1086 3384 1140 3441 stt!l
