2356 3854
372 177 600 241 caem-aa.
622 184 647 244 s.
662 187 826 239 rra-mo.
928 267 931 272 ,
1050 184 1113 252 287

76 329 205 391 demet
219 327 386 400 palmarum
397 326 529 389 intentus
545 335 575 387 et
589 326 815 388 maledictorum
828 330 991 391 clamorem
1003 347 1110 393 omnes

74 409 294 485 profuderunt.
317 407 386 472 118.
410 408 473 469 Sed
489 409 562 485 quid
574 425 631 483 ego
648 409 753 485 popuii
764 412 892 471 Romani
906 415 1038 472 animum
1051 415 1109 477 vir·

75 502 241 566 tutemque
261 508 465 553 commemoro
485 492 652 552 libertatem
672 491 732 553 iam
752 509 791 551 ex
808 495 948 555 diuturna
963 497 1109 559 servitute

76 573 291 650 dispicientis,
317 575 348 635 in
361 591 398 637 eo
416 575 554 647 homine,
579 573 628 636 cui
642 583 705 635 tum
721 576 836 650 petenti
853 576 911 637 iam
927 577 1110 641 aedilitatem

76 675 120 718 ne
151 656 318 719 histriones
349 657 472 733 quidem
497 674 598 719 coram
633 658 752 718 sedenti
777 668 1001 731 peperoemnta
1035 663 1108 723 Nam

78 757 179 816 quum
200 749 478 815 secretariorum,
506 740 674 812 simulans,
701 749 733 801 ut
755 740 879 814 opinor,
906 752 1028 804 caterva
1047 755 1110 807 tota

79 822 254 885 clarissima
270 824 471 885 concentione
485 823 515 884 in
531 842 584 884 ore
599 824 708 899 impuri
719 823 850 884 hominis
865 825 1024 887 imminens
1036 844 1109 889 con-

79 909 199 969 donata
209 915 272 968 est=
287 909 366 968 Huic
378 911 454 968 uitae
464 916 590 970 tuoe....,
600 917 643 968 et:
723 908 939 982 Postprtnor'pia
952 915 1109 982 atquecat-

79 1000 128 1054 trts
142 992 263 1051 videam
274 989 370 1051 vitae!
391 1033 484 1050 .........
499 989 633 1050 Sedebat
649 990 854 1061 exanimatus:
877 998 907 1053 et
921 990 964 1064 is,
985 991 1037 1065 qui
1048 1009 1109 1069 an·

79 1082 133 1134 tea
159 1081 317 1135 cantorum
342 1072 482 1133 convicio
510 1073 668 1133 contiones
698 1074 851 1133 celebrare
880 1090 955 1134 suas
982 1074 1108 1148 solebat,

82 1163 244 1235 cantorum
263 1155 400 1230 ipsorum
421 1157 550 1215 vocibus
574 1155 759 1217 eiiciebatur.
800 1157 838 1216 m
863 1157 1006 1232 quoniam
1031 1158 1121 1219 iacta
1156 1214 1159 1219 .

80 1238 198 1301 mentio
213 1247 261 1299 est
274 1240 430 1310 ludorum,
452 1255 490 1298 ne
505 1239 578 1299 iliud
593 1239 714 1313 quidem
729 1241 977 1314 praetermittam,
998 1239 1029 1299 in
1046 1258 1108 1301 ma·

82 1338 147 1396 gna
160 1314 303 1383 uarietate
319 1322 535 1382 sententiarum
549 1338 713 1397 numquam
730 1325 824 1385 ultum
840 1322 935 1384 tuisse
952 1326 1062 1395 iocum,
1078 1325 1107 1385 in

83 1419 149 1480 quo
163 1404 280 1479 aliquid
297 1421 315 1464 a
330 1409 421 1480 poeta
435 1403 548 1466 dietum
563 1407 672 1467 eadere
689 1405 720 1466 in
737 1416 857 1482 tempus
871 1415 1008 1467 nostrum
1025 1406 1108 1467 vide·

81 1496 167 1571 retur
189 1489 273 1563 quod
297 1496 348 1548 aut
370 1489 519 1563 poputum
541 1492 716 1569 universnm
732 1492 849 1563 sugeret
863 1498 915 1550 ant
931 1507 992 1561 nou
1008 1491 1109 1565 expri-

82 1571 272 1649 meretnipse
295 1579 389 1632 actor.
426 1569 497 1634 119.
525 1573 576 1644 Ει,
593 1587 724 1647 quaeso,
747 1573 807 1632 hoc
828 1571 858 1632 in
875 1575 958 1643 ioco,
979 1572 1107 1643 iudices,

84 1670 122 1715 ne
138 1671 201 1729 qna
221 1654 343 1715 levitate
359 1671 407 1715 me
429 1656 552 1715 ductum
573 1657 612 1714 ad
632 1653 786 1715 insolitum
801 1669 897 1727 genus
912 1655 1033 1716 dicendi
1049 1657 1109 1715 tabi

84 1737 212 1813 putetis,
229 1737 256 1799 si
270 1738 309 1801 de
324 1737 439 1812 poetis,
456 1739 495 1797 de
510 1736 722 1809 histrionibus,
747 1737 879 1796 deludis
893 1737 922 1795 in
938 1737 1049 1796 iudicio
1065 1740 1107 1799 to-

85 1836 171 1896 quar.
533 1874 538 1885 ,
627 1881 630 1884 ,

167 1903 245 1963 LVI.
272 1903 337 1963 Nou
350 1919 423 1967 sum
438 1911 498 1963 tarn
519 1901 660 1977 ignarus,
685 1901 818 1973 indices,
848 1917 1025 1983 causarum,
1046 1918 1107 1963 non

86 1996 145 2048 tam
161 1986 300 2049 insolens
314 1987 345 2045 in
360 1987 505 2058 dicendo,
531 1995 564 2046 ut
581 1986 662 2046 omni
683 2002 723 2045 ex
745 2001 858 2060 genere
874 1985 1040 2045 orationem
1054 2001 1107 2045 au-

86 2086 181 2145 cuper
201 2079 232 2131 et
253 2086 359 2130 omnes
380 2070 515 2144 undique
535 2069 683 2130 flosculos
711 2085 833 2142 carpam
853 2078 944 2143 atque
967 2068 1107 2129 delibem.

87 2152 157 2214 Seio
173 2153 248 2228 quid
265 2153 400 2227 gravius
423 2162 540 2223 vestra,
568 2153 642 2228 quid
662 2153 737 2212 haee
758 2151 935 2223 advocatio,
960 2151 1035 2226 quid
1058 2152 1109 2211 itte

86 2245 270 2307 conventus,
290 2236 364 2311 quid
379 2235 509 2310 dignitus
524 2236 556 2295 P.
571 2234 677 2309 Sestii,
692 2235 767 2310 quid
784 2235 909 2310 periculi
924 2234 1108 2315 magnitudo,

87 2319 275 2394 quid-aetas,
293 2321 369 2395 quid
381 2320 480 2379 honos
492 2334 579 2382 meus
594 2321 736 2394 postulet.
760 2318 822 2378 Sed
834 2318 906 2378 mihi
918 2316 1035 2392 sumpsi
1050 2317 1108 2377 hoc

86 2403 153 2464 ioco
171 2402 340 2463 doctrinam
364 2404 525 2478 quamdam
546 2402 709 2474 iuventuti,
740 2402 792 2478 qui
812 2409 917 2462 essent
937 2400 1107 2476 optimates.

85 2487 118 2545 In
144 2503 183 2546 ea
206 2487 390 2560 explicanda
412 2487 681 2549 demonstrandum
701 2493 748 2545 est
768 2501 828 2544 non
851 2500 922 2545 esse
942 2486 1109 2560 populares

87 2585 193 2629 omnes
207 2585 278 2640 eos,
296 2568 349 2644 qui
363 2577 514 2645 putentur.
535 2571 570 2630 ld
584 2567 725 2629 facillime
737 2584 924 2644 consequar,
936 2568 963 2628 si
974 2567 1108 2629 universi

87 2652 193 2726 popuii
206 2651 350 2713 iudicium
367 2669 472 2713 verum
487 2661 518 2712 et
538 2652 745 2727 incorruptum
763 2661 793 2713 et
811 2651 838 2712 si
858 2651 980 2712 intimos
996 2654 1120 2713 sensus'

87 2734 215 2795 civitatis
227 2750 421 2811 expressero.
449 2733 520 2797 120.
536 2735 620 2808 Quid
633 2736 687 2796 fuit
700 2735 787 2808 iilud,
804 2737 888 2810 quod
902 2734 1015 2794 recenti
1033 2751 1108 2793 nun-

89 2817 135 2878 cio
151 2819 191 2878 de
202 2817 254 2880 itio
271 2827 395 2879 senatus
414 2819 569 2892 consulto,
583 2821 667 2894 quod
683 2820 794 2878 iactum
808 2827 856 2878 est
869 2818 899 2877 in
912 2818 1024 2890 templo
1039 2815 1117 2874 Vir-1

88 2901 173 2973 tntis,
188 2902 229 2961 ed
242 2902 333 2962 iudos
348 2917 551 2975 scaenamque
570 2904 703 2976 perlato,
717 2917 868 2960 consessu
883 2898 1013 2959 maximo
1028 2914 1108 2957 surn-

87 3001 153 3045 mus
167 2983 278 3045 artifex
292 2994 322 3045 et
338 2984 510 3044 meherouie
526 3000 648 3058 semper
662 2983 793 3058 partium
808 2983 839 3041 in
858 2999 892 3042 re
908 2980 1107 3056 publicatam

88 3085 178 3142 quam
195 3067 226 3127 in
242 3083 355 3128 scaena
369 3065 564 3140 optimarum,
579 3067 657 3126 flens
673 3075 702 3126 et
716 3065 829 3125 recenti
844 3065 956 3125 taetitia
970 3071 1000 3123 et
1014 3060 1109 3124 mixto

87 3150 194 3211 dolore
214 3166 251 3211 ac
265 3150 419 3211 desiderio
434 3149 508 3219 mei,
533 3149 594 3223 egit
612 3151 652 3208 ad
669 3149 814 3223 populum
828 3149 998 3208 Romanum
1014 3147 1107 3206 multo

86 3230 277 3307 gravioribus
293 3233 394 3294 verbis
407 3248 505 3291 meam
519 3248 652 3303 oausam,
671 3247 762 3305 quam
776 3239 895 3303 egomet
910 3231 948 3290 de
959 3246 1007 3290 me
1017 3245 1108 3303 egere

87 3316 279 3390 notmssemr
302 3316 416 3378 Summi
433 3315 512 3377 enim
529 3319 638 3389 poetae
660 3313 814 3388 ingenium
838 3330 899 3372 non
923 3314 1020 3375 solum
1043 3320 1108 3373 orte

87 3417 152 3474 sua,
165 3400 223 3463 sed
234 3400 323 3463 otiam
334 3400 440 3462 dolore
451 3399 677 3474 exprimebaa†
690 3397 755 3472 Qua
765 3397 860 3457 enim=
872 3400 923 3472 pai
935 3414 996 3459 rem
1004 3396 1108 3472 pudit-
