2356 3854
85 186 127 251 28
243 184 316 246 PRO
339 179 775 244 sux.ttbsctoattult1rt0
798 180 949 242 ORATIO.

89 336 136 395 liis
151 335 241 393 bonis
258 347 329 392 esse
346 331 479 392 socium=
501 331 540 390 de
554 330 650 391 tribus
664 337 693 389 et
708 331 815 389 decem
829 330 931 390 lundis
945 339 1007 391 tres
1021 329 1091 391 nobi

86 418 220 480 iisslmos
237 416 348 474 landos
363 430 432 473 eum
447 413 536 472 video
552 413 721 488 possidere.
748 411 820 475 100.
857 414 958 473 Audio
975 422 1091 488 praeter

86 516 123 563 ea
140 516 200 559 non
222 498 300 556 hanc
320 495 525 570 suspicionem
539 512 618 554 nunc
637 496 815 570 primum-in
836 496 1012 570 Capitonem
1034 512 1091 556 ccr-

58 615 62 631 ·
86 582 174 643 lorriz
196 580 304 638 multas
323 595 393 638 esse
408 579 535 638 infames
551 578 617 638 eius
637 581 767 654 palmas:
789 579 867 638 hanc
888 581 1015 653 primam
1033 594 1092 638 csse

85 675 184 727 tamen
207 662 427 731 lemniscatam,
451 677 529 735 quae
547 663 643 722 Roma
663 663 828 722 deleratur:
848 663 966 720 nullum
985 662 1092 720 modum

86 764 157 808 esse
178 744 307 805 hominis
329 744 488 803 occidendi
510 760 570 817 quo
586 745 635 803 ille
651 761 711 804 non
726 744 843 818 aliquot
856 744 1018 818 occiderit,
1033 744 1093 803 mul·

84 840 133 891 tos
151 832 245 900 ierro,
260 828 370 888 multas
384 843 514 885 veneno.
545 828 650 886 Habeo
668 826 875 887 etiam-dicere
895 843 986 900 quem
1004 836 1094 887 conua

43 955 46 967 ,
86 928 202 972 morem
214 910 358 969 maiorum
369 909 515 968 minorem
528 910 615 968 annis
630 925 668 967 ux
681 911 719 968 de
733 918 826 983 ponte
841 910 871 967 in
882 909 1013 978 Tiberim
1026 910 1093 968 deie-

86 996 170 1057 cerit.
204 995 286 1068 (luae
307 991 333 1050 si
349 991 509 1064 prodierit,
526 1000 617 1066 atquc
631 993 709 1052 adeo
725 1008 817 1065 quum
833 992 1031 1065 prodierit-
1042 989 1095 1052 scic

87 1078 167 1139 enim
182 1078 366 1152 proditurum
377 1091 447 1133 esse
461 1107 517 1145 -,
533 1074 644 1134 audiet.
676 1072 745 1135 101.
768 1075 878 1134 Veniat
888 1075 995 1134 modat
1011 1073 1095 1148 expli*

87 1169 135 1220 cet
153 1174 239 1218 suum
254 1157 394 1215 volumen
408 1158 496 1227 illud,
511 1159 595 1230 qnod
611 1157 641 1216 ei>
652 1160 773 1231 planum
784 1159 885 1216 lacere
896 1172 1025 1230 possum
1035 1158 1095 1216 litu·

86 1243 164 1302 cium
180 1239 417 1313 conscripsisse=
431 1240 513 1312 quod
524 1240 606 1299 aiunt
617 1240 698 1299 illum
708 1239 898 1320 Sex2Rcscic
910 1239 1095 1314 intemptassc

85 1332 115 1384 et
129 1323 294 1382 minitatum
307 1338 379 1381 esse
395 1338 429 1381 se
443 1322 543 1381 omnia
554 1323 604 1380 illc
616 1339 671 1396 pro
683 1320 854 1381 testimonio
867 1338 937 1381 esse
949 1322 1095 1383 dicturum

88 1404 113 1466 0
127 1407 314 1480 praeclarum
329 1413 452 1476 testem,
468 1404 600 1464 iudices!
625 1420 642 1463 o
658 1405 835 1478 gravitatem
852 1404 975 1481 dignam
997 1420 1096 1478 exspc

87 1488 233 1549 elatione!
251 1489 372 1547 ovitam
387 1487 545 1546 honestam
569 1496 661 1562 atque
682 1488 747 1546 eius
769 1486 865 1560 modi,
891 1496 923 1547 ut
944 1486 1097 1547 libentibus

85 1570 193 1630 animis
209 1569 327 1629 adeius
342 1569 545 1630 testimonium
558 1579 690 1630 vestrum
704 1570 752 1629 ius
767 1571 926 1630 iurandum
937 1585 1096 1630 accomme-
1110 1598 1113 1603 ·

86 1652 180 1712 detis!
201 1653 340 1727 Proiecto
357 1660 490 1712 nontam
505 1653 667 1727 perspicue
683 1670 740 1712 nos
756 1653 881 1713 istorum
901 1653 1050 1713 maleficia
1062 1651 1097 1710 ri

86 1735 242 1809 deremus,
260 1736 318 1794 nisi
332 1735 419 1808 ipsos
432 1751 542 1795 caecos
556 1736 698 1796 redderet
715 1735 865 1810 cupiditas
888 1744 918 1795 et
936 1735 1062 1796 uvariba
1074 1741 1107 1795 et.

85 1819 222 1878 audacia.
257 1818 388 1877 xxxvl.
407 1814 493 1878 ⁸102.
518 1820 603 1878 Alter
617 1835 658 1877 ex
672 1818 740 1893 ipsa
753 1819 848 1877 caede
861 1820 1018 1878 volucrem
1032 1834 1097 1878 nun

84 1899 164 1961 cium
179 1903 330 1959 Ameriam
344 1901 384 1959 ad
400 1900 517 1961 socium
536 1910 629 1975 atquc
646 1903 682 1960 ad
704 1901 878 1974 magistrum
900 1917 989 1961 suum
1013 1899 1097 1969 misit,

84 1990 132 2055 ut,
149 1984 176 2042 si
190 1984 382 2042 dissimulare
396 2000 502 2043 omnes
519 1993 665 2057 cuperent
685 2000 719 2043 se
733 1983 812 2045 scire
827 1984 866 2042 ad
883 1999 972 2058 quem
993 1983 1097 2044 maleli-

84 2064 164 2125 cium
178 2066 356 2143 pertineret,
372 2073 471 2124 tamen
487 2065 556 2138 ipse
570 2077 707 2140 apertum
724 2082 812 2125 suum
827 2069 929 2126 scelus
952 2074 1023 2126 ante
1045 2081 1097 2127 om-

83 2150 166 2210 nium
182 2149 289 2207 oculos
305 2157 442 2221 poneret.
474 2149 573 2220 Alter,
590 2149 617 2208 si
634 2151 681 2208 dis
697 2148 914 2210 immortalibus
932 2151 1046 2224 placet,
1061 2157 1097 2208 te

84 2230 226 2293 alimonia
238 2230 327 2290 etiam
341 2228 371 2287 in
385 2228 457 2288 Sex.
468 2230 612 2290 Roscium
627 2232 762 2291 dicturus
775 2240 830 2292 est.
853 2232 946 2304 Quasi
961 2246 1098 2295 veronen

33 2330 36 2336 ·
84 2315 116 2374 ld
138 2329 217 2374 nunc
238 2321 353 2386 agatur,
373 2321 472 2372 utrum
492 2311 519 2372 is
535 2314 616 2386 quod
632 2313 741 2375 dixerit
760 2315 945 2384 credendum
967 2330 1006 2374 an
1022 2312 1099 2390 quod

85 2396 192 2456 iecerit
205 2395 420 2455 vindicandum
442 2397 489 2456 sit.
513 2397 618 2470 ltaque
633 2413 716 2456 more
736 2397 884 2469 maiorum
899 2405 1098 2472 comparatum

85 2488 147 2552 est,
162 2486 195 2538 ut
207 2477 236 2536 in
252 2476 382 2537 minimis
397 2480 490 2538 rebus
504 2479 643 2540 homines
660 2479 837 2553 amplissimi
849 2480 1053 2540 testimonium
1064 2479 1099 2538 dc

85 2578 143 2622 sua
157 2577 189 2620 re
205 2577 264 2620 nou
287 2560 430 2620 dicerent.
468 2559 538 2621 103.
576 2562 752 2633 Africanus,
775 2564 826 2636 qui
848 2579 904 2623 suo
926 2562 1099 2637 cognomine

84 2643 219 2704 declarat
233 2643 356 2703 tertiam*
365 2652 480 2718 partem
496 2645 577 2704 orbis
593 2653 739 2703 terrarum
754 2661 788 2703 se
805 2645 983 2720 subegisse,
997 2654 1100 2715 tamen,

84 2725 111 2786 si
127 2742 247 2786 suares
263 2736 417 2800 ageretur,
434 2724 637 2786 testimonium
653 2743 713 2786 non
729 2727 852 2788 diceret.
885 2729 960 2786 Nam
981 2729 1056 2789 illud
1073 2726 1100 2786 in

81 2811 172 2869 talem
190 2811 286 2867 virum
302 2825 361 2868 non
384 2811 483 2869 audeo
505 2809 621 2868 dicere:
643 2809 670 2868 si
690 2809 819 2883 diceret,
840 2827 900 2870 non
923 2813 1101 2871 crederetur.

80 2891 191 2952 Videte
215 2908 296 2951 nunc
318 2909 408 2965 quam
429 2909 519 2951 versa
541 2900 570 2951 et
590 2899 702 2951 mutata
716 2892 744 2950 in
765 2894 899 2967 peiorem
916 2903 1034 2967 partem
1047 2893 1103 2954 sint

82 2975 192 3034 omnia.
226 2975 323 3048 Quum
338 2976 376 3034 dc
392 2975 482 3033 bonis
498 2982 528 3033 et
544 2976 583 3033 de
597 2975 692 3034 caede
707 2985 826 3048 agatur,
843 2976 1047 3036 testimonium
1062 2975 1102 3036 di·

82 3056 187 3117 uncus
203 3067 250 3118 est
262 3057 306 3130 is,
329 3057 381 3132 qui
401 3065 431 3116 et
445 3063 545 3116 sector
559 3064 606 3116 est
625 3065 655 3116 et
669 3057 812 3129 sicarius,
838 3059 898 3119 hoc
912 3067 975 3130 est,
998 3059 1052 3134 qui
1076 3067 1104 3118 et

82 3137 201 3209 illorum
215 3140 350 3214 ipsorum
366 3140 528 3210 bonorum,
552 3141 590 3199 de
612 3139 723 3214 quibus
740 3141 852 3215 agitur,
875 3150 995 3215 emptor
1013 3151 1103 3216 atque

81 3236 249 3297 possessor
265 3232 312 3282 est
330 3231 360 3282 et
371 3239 440 3282 eum
452 3221 602 3282 hominem
616 3222 816 3282 occidendum
828 3226 952 3294 curavit,
966 3225 1005 3284 de
1017 3225 1104 3284 cuius

83 3313 179 3364 morte
194 3306 356 3377 quaeritur.
391 3303 459 3366 104.
497 3305 573 3378 Quid
589 3313 637 3378 tu,
653 3306 700 3364 vir
716 3306 852 3380 optimea
872 3307 984 3381 ecquid
1008 3308 1103 3366 habes

82 3388 166 3462 quod
181 3386 288 3445 dicast
307 3388 377 3446 milri
392 3389 545 3448 ausculta=
569 3387 640 3447 vide
659 3404 698 3447 ne
718 3388 770 3448 tibi
786 3388 886 3460 desisa
907 3397 959 3449 tua
977 3404 1102 3465 quoque
