2356 3854
322 206 404 264 cnr.
422 213 552 268 n-ao.
574 212 601 285 a
614 194 744 270 „so-m
948 167 952 178 Ι
987 221 1048 286 181

60 355 302 416 ,tancsurbanam
320 355 568 430 suffragationem
592 357 710 418 militari
726 359 903 434 anteponis,
926 362 988 422 noli
1004 365 1049 424 lu-

60 454 127 498 trum
138 437 228 498 huius
240 439 420 512 elegantiam
432 448 461 499 et
474 455 605 499 scaenae
616 441 867 515 magnificentiam
874 444 964 505 valde
976 462 1048 506 con-

62 538 166 580 nnere:
193 537 273 596 quae
296 521 366 581 huic
386 523 550 582 admodum
571 525 758 596 protuerunt.
793 525 867 584 Nam
892 528 964 601 quid
990 545 1048 602 ego

60 620 117 662 cam
138 605 286 679 populum
306 620 342 664 ae
363 607 473 678 vulgus
492 605 699 678 imperitorum
720 607 800 667 ludis
823 625 932 682 magno
954 627 1048 684 opere

60 686 183 746 alectoria
216 685 317 746 Minus
335 697 383 747 est
398 688 582 747 mirandum:
606 704 788 763 quamquam
804 690 874 749 huic
890 708 1001 751 causae
1016 696 1047 753 id

60 770 164 829 ttisest.
196 769 273 829 Sunt
288 768 368 829 enirn
383 771 490 845 populi
505 788 540 830 ac
556 771 753 830 multitudinis
768 773 897 832 comitia.
928 775 1045 846 Quare,
1080 799 1088 810 ·

67 853 170 926 populo
184 853 326 912 ludorum
338 854 561 928 magnificentia
572 853 721 927 voluptati
732 861 786 924 est,
805 872 866 914 non
880 865 927 915 est
938 857 1046 916 miran-

60 952 95 993 un
110 952 174 994 earn
190 937 223 994 L.
238 935 383 996 Murenae
405 938 487 1010 apud
509 939 654 1011 populum
670 936 835 1011 profuisse.
870 935 919 995 39.
944 937 1006 997 Sed
1021 939 1048 999 si

60 1028 137 1078 asmet
150 1018 219 1093 ipsi,
236 1018 288 1093 qui
304 1027 334 1079 et
347 1021 385 1078 ab
401 1020 602 1079 delectatione
617 1019 698 1078 omni
715 1019 851 1093 negociis
866 1013 1048 1093 impedimur

60 1100 96 1158 ‚iu
107 1101 173 1177 ipsa
189 1104 391 1176 occupatione
404 1103 620 1163 delectationes
632 1103 708 1161 alias
723 1104 832 1162 multas
848 1103 960 1161 habere
976 1120 1048 1178 pos-

60 1200 131 1256 mus‚
147 1184 228 1244 ludis
242 1194 343 1244 tamen
358 1186 544 1245 oblectamur
558 1195 587 1246 et
602 1185 749 1258 ducimur,
765 1184 838 1260 quid
853 1194 886 1246 tu
899 1186 1047 1246 admirere

60 1267 260 1328 enultitudinc
275 1268 420 1328 indocta?
448 1267 497 1328 40.
519 1270 551 1327 L.
564 1269 651 1341 Otho,
665 1269 713 1328 vir
727 1269 823 1341 fortis·
838 1285 924 1329 meus
939 1277 1047 1330 neees-

60 1348 130 1423 mus,
150 1349 288 1426 equestri
309 1351 407 1411 ordini
427 1353 556 1413 restituit
576 1370 635 1413 non
658 1355 757 1412 solunt
777 1353 967 1426 dignitatem,
991 1353 1048 1413 sed
1075 1387 1078 1389 ·

60 1431 108 1492 iarn
120 1436 315 1508 voluptatem.
345 1436 450 1508 ltaque
464 1438 515 1494 lex
529 1436 619 1509 haec,
642 1453 722 1510 quae
742 1437 782 1495 ad
803 1437 894 1495 ludos
909 1437 1048 1508 pertinet,
1085 1507 1088 1513 .

60 1523 73 1574 t
84 1518 214 1577 omnium·
225 1517 405 1591 gratissima,
421 1520 505 1592 quod
520 1519 735 1580 honestissimo
748 1518 846 1577 ordini
862 1534 930 1577 cum
945 1519 1046 1593 splen-

60 1611 94 1658 tre
107 1601 221 1661 tructus
238 1617 362 1676 quoque
376 1601 571 1662 iucunditatis
593 1610 640 1661 est
655 1601 822 1661 restitutus.
864 1601 928 1673 Qua
945 1617 979 1658 re
994 1601 1046 1669 de,-

60 1683 285 1757 ctanthomines,
301 1684 485 1757 mihicrede,
498 1684 570 1752 ludi,
585 1684 676 1743 etiam
688 1683 766 1755 illos
780 1683 831 1758 qui
845 1682 1050 1752 dissimulant,

60 1781 81 1824 tn
93 1769 190 1826 solum
203 1784 267 1838 cos,
285 1767 337 1842 qui
349 1769 494 1827 latentur:
511 1768 595 1840 quod
607 1783 664 1840 ego
677 1766 707 1823 in
719 1781 788 1824 mea
798 1765 943 1838 petitione
953 1765 1049 1823 sensi.

60 1864 91 1908 nn
111 1867 170 1910 nos
188 1867 312 1925 quoque
332 1849 491 1909 habuimus
516 1865 658 1908 scaenam
680 1847 926 1922 competitricem.
946 1847 1047 1919 *Quod
1067 1898 1071 1903 .

64 1948 126 2005 ego,
144 1932 196 2006 qui
211 1933 307 1993 trinos
326 1933 416 1992 ludos
431 1931 538 1991 aedilis
555 1933 695 2000 feceram,
711 1939 811 1991 tamen
825 1929 951 1990 Antonii
964 1929 1051 1989 ludis

60 2016 243 2089 mmovebar,
259 2016 328 2088 tibi,
344 2015 396 2090 qui
412 2032 486 2074 casu
502 2015 602 2074 nullos
618 2015 745 2086 feceras
764 2013 837 2073 nihil
851 2013 941 2073 huius
956 2013 1049 2073 istam

60 2113 123 2170 sam,
140 2115 231 2172 quarn
245 2099 365 2172 irrides,
380 2106 554 2173 argenteam
570 2113 712 2157 scaenam
727 2098 919 2157 adversatam
935 2103 1052 2170 putasr

62 2224 67 2237 .
88 2180 149 2240 Sed
165 2181 242 2242 haec
266 2199 340 2242 sane
357 2182 417 2242 sint
438 2181 524 2255 paria
542 2180 656 2241 onmia:
681 2181 720 2240 sit
734 2197 790 2255 par
805 2179 936 2240 lorensis
952 2194 1051 2253 opera

60 2262 149 2337 litari,
172 2263 212 2325 sit
231 2281 286 2339 par
300 2264 419 2323 militari
437 2264 612 2338 suffragatio
628 2265 758 2335 urbana,
784 2265 822 2323 sit
835 2263 917 2322 idem
931 2260 1045 2336 magni-

60 2347 232 2408 entissimos
250 2355 281 2407 et
295 2348 394 2406 nullos
411 2365 555 2422 umquam
569 2347 681 2407 fecisse
695 2347 800 2406 ludos:
825 2345 914 2420 quid,
931 2343 960 2403 in
977 2343 1049 2419 ipsa

60 2439 158 2490 actura
174 2429 287 2489 nihilne
308 2429 464 2490 existimas
485 2430 563 2502 inter
576 2439 657 2511 tuam
676 2438 705 2489 et
724 2429 813 2489 istius
828 2436 941 2488 sortem
956 2426 1044 2498 inter-

60 2519 135 2572 ’,88θῖ

98 2597 160 2655 XX.
183 2594 280 2654 Huius
296 2612 364 2655 sors
380 2612 416 2654 ea
434 2597 501 2667 luit,
524 2612 615 2671 quarn
630 2610 736 2655 omnes
752 2594 795 2655 tui
809 2589 978 2654 necessarii
993 2593 1046 2653 tibi
1114 2652 1117 2661 ,

61 2679 205 2753 miramus,
223 2677 297 2738 iuris
309 2677 447 2737 dicundi:
462 2679 493 2760 in
507 2696 567 2754 qua
579 2679 704 2752 gloriam
718 2677 860 2745 conciliat
871 2677 1045 2752 magnitudo

60 2762 144 2834 gocii,
156 2761 281 2837 gratiam
292 2761 452 2835 aequitatis
465 2762 597 2836 largitio:
612 2780 672 2836 qua
683 2762 714 2820 in
727 2769 809 2820 sorte
822 2761 946 2835 sapiens
959 2773 1045 2833 prae-
1098 2773 1104 2783 ¹

60 2859 79 2912 r,
103 2847 201 2919 qualis
221 2844 271 2903 hic
294 2845 362 2915 tuit,
387 2845 589 2905 offensionem
612 2845 685 2905 vitat
707 2843 920 2917 aequabilitate
942 2843 1046 2921 decer-

61 2928 123 3001 ndi,
144 2926 387 2988 benevolentiam
405 2928 541 3002 adiungit
553 2929 677 2988 lenitate
693 2926 845 2987 audiendi.
872 2921 1003 2997 EgregIa
1018 2928 1047 2979 et

60 3058 61 3065 ,
79 3008 266 3083 consulatum
283 3020 355 3085 apta
372 3011 544 3084 provincia,
569 3010 599 3069 in
618 3028 678 3084 qua
693 3010 760 3069 laus
774 3005 951 3080 aequitatis,
972 3004 1045 3062 inte-

60 3090 147 3168 ltatis‚
171 3093 322 3154 facilitatis
344 3093 384 3152 ad
405 3101 571 3153 extremum
591 3094 731 3153 ludorum
753 3093 907 3162 voluptate
924 3088 1045 3146 conclu-

60 3182 106 3234 tur.
135 3177 186 3238 42.
208 3177 285 3249 Quid
303 3185 354 3237 tua
370 3183 460 3234 sors?
483 3175 586 3247 tristis,
601 3184 703 3235 atrox:
723 3173 861 3247 quaestio
876 3173 1045 3246 peculatus,

60 3260 164 3320 ¹altera
178 3270 265 3336 parte
280 3259 469 3320 lacrimarum
484 3266 513 3317 et
529 3257 704 3331 squaloris,-
716 3272 756 3315 ex
776 3257 871 3314 altera
890 3257 980 3329 plena
996 3271 1046 3314 ca-

60 3355 152 3403 tarum
164 3353 256 3418 atque
267 3342 416 3403 indicum:
435 3339 565 3414 cogendi
576 3339 692 3399 iudices
704 3338 798 3411 inviti,
813 3338 961 3398 retinendi
974 3355 1046 3398 con-

60 3427 274 3486 troluntatem=
294 3427 395 3486 scriba
406 3426 573 3494 damnatus,
590 3423 664 3482 ordo
679 3431 761 3483 totus
773 3420 906 3481 alienus:
923 3422 1047 3481 Sullana
