2356 3854
289 199 515 260 cnam-ae.
536 159 740 265 §.tr-tos
824 189 826 195 “
967 203 1008 269 21

70 348 193 408 centiam
209 356 325 422 poterat
337 365 422 420 esse
441 348 470 407 in
481 348 603 408 rusticis
614 350 764 420 moribus
780 349 809 408 in
823 349 902 411 victu
914 349 1008 424 arido,

70 447 91 490 tc
105 430 228 491 horrida
238 431 411 505 incultaque
427 431 486 490 vita
498 430 585 491 istius
597 433 678 491 modi
690 432 838 492 maleficia¹
852 432 933 527 gigni
948 450 1008 492 non

70 515 168 574 eUt
183 530 243 572 non
261 529 378 572 ornnem
395 515 509 587 lrugenr
524 530 623 588 neque
638 514 801 601 arborem
793 532 822 573 rn
839 517 919 574 omni
934 531 1007 589 agro

70 597 121 654 rire
138 596 257 670 passis,
279 595 323 655 sio
338 613 397 655 non
417 613 505 656 ornnc
521 597 659 657 lacinus
652 614 680 654 ιιι
697 579 778 656 omni
790 597 849 656 vita
864 597 1007 658 nascitur.

70 681 108 737 lte
124 678 258 738 luxuries
274 687 407 750 creatur;
423 695 461 737 ex
475 679 593 738 luxuria
605 679 733 738 exsistat
743 679 868 738 avaritia
878 695 1007 740 necesse

70 778 97 820 ιιι
112 761 238 820 avaritia
253 770 389 836 erumpat
404 762 545 829 audacia;
561 763 632 820 inde
647 761 746 820 omnia
762 763 879 820 scelera
896 778 932 821 ac
944 778 1009 822 mu-

70 845 277 918 agignuntur.
311 844 382 903 Vita
399 853 500 903 autern
521 844 595 903 haec
612 842 740 914 rustica,
762 860 851 917 quam
874 851 906 903 tu
921 861 1006 919 agre-

82 943 188 999 vocas,
208 925 425 1000 parcimoniae,
448 926 633 999 diligentiae,
649 925 780 985 iustitiae
795 925 1006 999 magistraest.

73 1009 118 1066 ill.
130 1006 181 1070 76.
203 1011 316 1067 Verum
328 1009 403 1067 llaec
417 1006 512 1068 inissa
526 1008 613 1068 lacio.
635 1009 711 1067 lllud
722 1024 852 1083 quaero
865 1025 893 1068 rs
905 1008 1005 1080 horno,

71 1100 101 1150 ut
115 1100 177 1152 tute
192 1091 283 1162 drcrs
302 1108 465 1165 numquam
480 1091 556 1151 mter
570 1091 708 1151 hommes
727 1090 830 1161 luerit,
853 1107 908 1164 per
927 1107 1006 1165 quos
1047 1088 1052 1103 ⁸

70 1177 127 1233 ines
142 1175 202 1233 hoc
216 1159 330 1245 tar'rtum
346 1175 473 1246 lacinus,
487 1183 546 1234 tam
563 1175 721 1244 occultum,
739 1172 852 1233 absens
866 1177 1005 1248 praesar-

77 1258 224 1316 conficere
242 1256 381 1351 potuerit.
412 1258 505 1317 Multa
519 1266 589 1317 sunt
603 1258 693 1326 laisa,
716 1257 848 1329 iudices,
867 1274 946 1330 quae
963 1265 1005 1316 tu

79 1339 162 1412 argui
184 1339 357 1412 suspiciose
378 1349 521 1414 possunt3
544 1339 574 1398 in
597 1339 644 1399 his
658 1341 750 1399 rebus
765 1339 792 1398 si
808 1339 944 1414 suspicio
958 1355 1004 1398 re-

70 1422 155 1495 iecit,
182 1424 299 1496 culpant
315 1422 418 1483 inesse
439 1424 613 1482 concedam.
649 1424 763 1482 Romae
783 1421 855 1481 Sex.
873 1421 1005 1482 Roscius

69 1504 142 1575 litun,
159 1522 251 1577 quum
266 1505 296 1562 in
308 1521 381 1580 agro
392 1507 535 1566 Amerino
546 1505 729 1565 essetfilius.
750 1504 887 1576 Litteras,
902 1506 1005 1577 credo,
1098 1568 1099 1572 ,

81 1586 169 1646 alicui
182 1586 308 1646 sicario:
331 1587 815 1662 quiRomae‘noveratneminem.
837 1586 1006 1648 Arcessivit

71 1687 132 1728 em:
158 1687 247 1743 quern
265 1679 316 1729 aut
336 1673 481 1745 quando?
506 1671 654 1729 Nuncium
672 1670 766 1729 misit:
789 1685 879 1741 quem
895 1677 947 1728 aut
965 1669 1005 1728 ad

70 1759 98 1810 rt
109 1753 337 1825 Pretio-gratia,
347 1769 412 1826 spe,
425 1753 585 1827 promissis
593 1752 710 1811 induxit
716 1752 854 1823 aliquem.
866 1749 944 1807 Nihil
951 1751 1005 1809 ho-

70 1853 106 1894 ne
119 1835 251 1908 contingi
268 1835 389 1908 quidem
402 1844 517 1908 potest,
531 1843 561 1893 et
576 1841 674 1892 tamen
688 1848 781 1891 eausa
793 1831 832 1890 de
842 1830 1004 1904 parricidio

70 1937 103 1976 rr.
136 1920 296 1992 Reliquum
315 1925 362 1977 est
377 1926 408 1977 ut
423 1933 478 1992 per
495 1933 603 1978 servos
621 1914 652 1974 id
669 1913 832 1974 admiserit.
861 1910 910 1974 77.
933 1911 1004 1973 Odi

70 2003 187 2060 trtales!
210 2017 274 2060 rem
292 2000 432 2061 miseram
450 2008 480 2061 et
496 1998 715 2069 calamitosam,
735 1997 818 2072 quod
833 1996 862 2056 in
880 1997 931 2056 tali
949 1995 1004 2054 cri·

90 2085 174 2157 quod
195 2084 348 2142 innocenti
370 2082 460 2144 saluti
480 2085 558 2144 solet
580 2098 651 2143 esse
672 2089 706 2142 ut
725 2074 836 2157 ,servos
857 2081 888 2140 in
911 2097 1005 2154 quae·
1079 2143 1082 2151 ,

70 2183 114 2225 em
134 2166 326 2240 polliceatur,
347 2168 377 2225 id
393 2165 466 2228 Sex.
483 2165 596 2226 Roscio
613 2167 713 2224 lacere
730 2181 791 2223 non
811 2162 889 2223 licet.
925 2164 1002 2235 Vos,

70 2266 134 2309 tunc
149 2250 316 2320 accusatis,
335 2266 440 2309 omnes
454 2251 520 2310 eius
537 2265 646 2308 servos
663 2247 797 2315 ltabetls3
813 2263 893 2306 unus
911 2260 1002 2318 puer,

70 2349 83 2391 s
99 2331 243 2391 cotidiani
259 2331 449 2404 administer,
465 2349 503 2392 ex
520 2340 601 2392 tanta
617 2330 728 2390 familia
741 2329 811 2388 San.
825 2327 939 2388 Roscio
956 2342 1003 2386 rc-

70 2435 73 2469 t
96 2424 234 2475 nonest.
271 2415 312 2473 Te
335 2430 414 2474 nunc
436 2416 572 2489 appello,
593 2413 624 2473 P.
656 2411 773 2486 Scipio,
794 2421 838 2483 te,
867 2411 1002 2470 Metellos

70 2517 74 2555 t
97 2494 273 2570 advocatis,
299 2497 388 2557 vobis
411 2496 570 2572 agentibus
592 2495 774 2569 aliquotiens
794 2495 873 2554 duos
895 2509 1002 2553 servos

70 2597 130 2640 nos
147 2580 176 2639 in
193 2580 401 2654 quaestionem
418 2582 456 2640 ab
469 2579 653 2641 adversariis
666 2578 737 2638 Sex.
754 2576 885 2637 Roscius
897 2585 1002 2652 postu·
1082 2594 1089 2600 ·

107 2663 326 2723 Meministisne
344 2665 375 2722 T.
398 2665 542 2725 Roscium
566 2668 732 2729 recusaret
762 2661 860 2734 Quid?
886 2659 906 2718 ii
923 2656 1004 2719 servi
1026 2674 1045 2691 *ι

70 2753 150 2805 tunt?
195 2746 438 2822 Chrysogonum,
471 2747 602 2817 iudices,
633 2752 799 2805 sectantur:
827 2744 909 2817 apud
935 2757 1003 2801 eum

72 2831 101 2887 in
118 2829 233 2888 honore
250 2838 279 2888 et
295 2831 324 2887 in
339 2831 452 2904 precio.
484 2829 676 2888 Etiamnunc
693 2835 727 2888 ut
743 2826 830 2886 exiis
843 2831 1004 2898 quaeratur

70 2914 198 2982 tostulo,
217 2912 266 2970 hic
283 2921 348 2972 orat
364 2920 455 2987 atque
471 2914 620 2972 obsecrat.
653 2909 703 2971 ta.
727 2909 804 2982 Quid
815 2906 934 2966 locitist
951 2919 1004 2964 cur

70 2994 155 3054 atist
181 2994 321 3053 Dubitate
338 2995 536 3066 etiamnunc,
554 2993 687 3065 iudiceS,
704 2992 731 3052 si
748 2988 890 3064 potamia,
908 3002 1002 3060 aquo

70 3093 110 3135 aa
125 3068 256 3137 Roscius*
274 3077 405 3148 occisus,
422 3078 460 3139 ab
478 3093 564 3148 eone,
573 3076 634 3171 'qui
652 3083 777 3150 propter
787 3071 866 3129 rlltus
877 3079 1003 3130 mortem

71 3169 167 3218 estate
184 3167 213 3219 et
229 3160 348 3220 insidiis
365 3169 516 3231 versatur,
534 3158 582 3219 cui
598 3173 636 3216 ne
651 3151 816 3230 quaerendi
822 3152 953 3249 ‘quidem
963 3153 1003 3213 de

70 3243 192 3317 epatris
210 3251 348 3316 potestas
371 3240 565 3336 permittitur,
586 3256 626 3297 an
632 3237 722 3297 ab''
704 3255 756 3308 ns,
780 3235 831 3311 qui
850 3236 1003 3312 quaestio·

71 3325 211 3398 lugitant,
228 3327 310 3385 bona
324 3324 499 3415 possident,
515 3322 546 3380 in
563 3322 659 3382 caedo
676 3329 767 3395 atquc
783 3336 827 3381 cx
849 3321 944 3381 caede
960 3318 1003 3376 vi

101 3407 223 3480 Omnia,
237 3399 370 3485 iudices,
390 3406 420 3467 iu
436 3405 495 3466 hoe
509 3420 605 3466 causa
625 3411 696 3466 sunt
717 3402 828 3466 misera
846 3412 938 3480 atque
958 3401 1002 3461 la·
