2356 3854
81 207 144 271 150
351 205 422 264 nn.
439 173 648 262 carminum
662 174 802 298 onina
819 202 868 260 m.

84 368 132 419 est
147 375 176 416 m
190 358 224 415 L
243 354 400 425 Cassium,
430 352 483 427 qui
500 351 558 413 sibi
572 351 816 427 procurationem
828 350 1042 412 'incendendae
1055 371 1089 413 ur·

83 442 131 500 bis
147 441 386 523 depoposcerat,
401 436 431 493 in
446 435 486 493 Μ.
502 434 696 510 Caeparium,
722 436 769 493 cui
784 433 824 492 ad
837 426 1043 495 sollicitandos
1052 453 1091 510 pa-

85 532 184 586 stores
194 505 358 616 Appuliam
371 517 541 578 attributam
553 533 624 577 esse
639 525 703 576 erat
716 515 908 588 indicatums
901 533 942 575 Μ
938 517 975 575 P.
984 517 1091 591 Furium

86 604 138 680 qui
153 613 253 664 estex
268 603 305 664 iis
320 601 455 673 colonis,
472 616 556 697 'quos
570 600 715 659 Faesulas
730 599 762 658 L.
779 597 863 657 Sulla
876 599 1037 674 deduxit,
1030 619 1056 660 in
1069 602 1092 675 Q

84 689 215 748 Annium
232 686 402 756 Chilonem,
429 684 481 758 qui
503 699 564 743 una
586 698 655 741 cum
675 683 733 741 hoc
750 680 841 740 Furio
863 698 988 758 semper
1004 685 1092 745 eratin

84 773 142 831 hac
155 769 356 843 Allobrogum
372 765 584 827 sollicitatione
598 773 749 838 versatus,
762 764 793 822 in
808 764 838 822 Ρ.
854 765 1052 840 Umbrenum,
1070 769 1092 826 li·

84 853 232 914 bertinum
249 852 416 924 hominem,
432 867 450 908 a
466 866 527 924 quo
544 848 672 922 primum
691 847 794 906 Gallos
812 848 852 905 ad
870 849 1029 910 Gabinium
1043 867 1093 926 per·

19 931 23 936 “
85 937 194 997 ductos
215 951 286 995 esse
308 933 476 994 constabat.
501 933 612 1006 'Atque
631 947 668 990 ea
682 930 804 990 lenitate
819 940 946 992 senatus
962 938 1035 992 us'us
1053 941 1092 1005 est,

86 1018 231 1093 Quirites,
252 1027 285 1077 ut
305 1034 344 1076 ex
359 1024 442 1077 tanta
457 1014 665 1075 coniuratione
684 1021 828 1087 tantaque
843 1013 902 1073 hac
923 1015 1092 1076 multitudiue

85 1100 322 1163 domesticorum
352 1098 485 1158 hostium
512 1113 623 1158 novem
652 1096 807 1156 hominum
838 1098 1091 1170 perditissimorum

87 1201 189 1259 poena
203 1200 237 1254 re
252 1181 375 1256 publica
392 1189 574 1240 conservata
587 1180 774 1254 reliquorum
788 1188 906 1239 mentes
924 1182 1026 1241 sanari
1040 1197 1091 1256 pos-

86 1283 120 1326 se
134 1265 337 1324 arbitraretur.
383 1263 430 1324 15.
453 1267 554 1338 Atque
569 1263 657 1323 etiam
674 1261 856 1337 supplicatio
875 1263 923 1322 dis
941 1263 1091 1325 immortali-

88 1352 144 1407 bus
167 1364 222 1422 pro
248 1346 392 1421 singulari
417 1363 523 1406 eorum
548 1345 652 1406 merito
676 1361 744 1404 meo
768 1344 890 1405 nomine
915 1347 1038 1408 decreta
1052 1355 1090 1416 est,

14 1470 16 1481 .
86 1432 171 1506 quod
198 1428 269 1488 mihi
295 1430 422 1502 primum
447 1437 518 1502 post
540 1428 644 1488 urbem
672 1427 823 1488 conditam
838 1436 953 1502 'togato
980 1428 1090 1504 contigit

85 1513 176 1573 ethis
193 1511 295 1571 verbis
312 1513 433 1571 decreta
448 1521 510 1583 est,
525 1527 600 1579 ouon
615 1526 715 1568 oarsu
729 1526 887 1583 rncsnuns,
903 1529 1000 1572 canor
1018 1526 1090 1580 orvrs,

85 1599 213 1663 lmnrnu
229 1610 319 1654 annno
336 1610 530 1654 tresanssrsu.
553 1594 635 1666 Quae
651 1593 833 1669 supplicatio
850 1593 963 1656 sicum
984 1593 1090 1656 caeteris

85 1680 266 1751 conferatur,
285 1678 344 1738 hoc
358 1678 483 1750 intersit,
503 1679 584 1752 quod
601 1685 739 1737 caeterae
752 1677 831 1737 bene
847 1686 944 1751 gesta,
961 1678 1035 1738 haec
1047 1692 1091 1736 uns

85 1770 313 1823 conservatore
328 1761 450 1836 publica
466 1760 628 1821 constituta
648 1768 702 1819 est.
730 1764 831 1833 Atque
850 1760 941 1836 illud,
965 1759 1045 1836 quod
1061 1760 1090 1818 ia·

67 1844 224 1905 xciendum
244 1846 373 1919 primum
394 1844 463 1917 fuit,
492 1847 604 1904 factum
626 1852 718 1916 atque
744 1852 927 1903 transactum
942 1854 999 1904 est.
1036 1843 1090 1902 Nan

84 1928 114 1986 Ρ.
132 1929 292 2000 Lentulus,
317 1944 499 2002 quamquam
516 1925 673 2002 patefactis
700 1924 833 1996 indiciis,
864 1926 1089 1988 confessionibus

86 2009 160 2084 suis,
173 2009 285 2069 iudicio
298 2018 421 2070 senatus
431 2027 493 2069 non
505 2011 595 2070 modo
611 2009 759 2083 praetoris
774 2009 830 2081 ius
848 2005 954 2068 verum
967 2009 1052 2070 etiam
1062 2006 1089 2066 ci·

85 2091 131 2151 vis
147 2091 298 2164 amiserat,
315 2100 412 2152 tamen
427 2093 605 2167 magistratu
620 2108 654 2150 se
669 2090 835 2163 abdicavit,
852 2100 893 2163 ut,
910 2107 991 2166 quae
1004 2091 1090 2164 religio

41 2216 45 2221 -
86 2174 115 2234 C.
128 2173 232 2247 Mario,
248 2174 414 2235 clarissimo
429 2175 505 2248 viro,
519 2193 578 2235 non
595 2177 701 2247 fuerat,
717 2173 886 2247 quominus
902 2176 934 2234 C.
946 2175 1089 2243 Glauciam,

85 2259 200 2332 dequo
217 2257 289 2316 nihil
305 2258 478 2318 nominatim
494 2267 558 2318 erat
573 2260 742 2330 decretum,
762 2266 932 2330 praetorem
949 2259 1091 2325 occideret

85 2357 122 2399 ea
136 2358 194 2400 nos
210 2341 360 2415 religione
372 2341 402 2400 in
419 2341 538 2416 privato
549 2342 580 2400 P.
592 2341 717 2400 Lentulo
733 2339 893 2414 puniendo
903 2341 1090 2401 liberaremur.

166 2425 232 2482 Vll.
249 2421 297 2485 16.
308 2425 394 2484 Nunc
408 2423 558 2498 quoniam,
573 2423 711 2497 Quirites,
727 2424 1017 2484 consceleratissimi
1031 2423 1091 2498 peti-

86 2505 333 2581 culosissimique
356 2509 425 2567 belli
448 2507 580 2568 nefarios
602 2507 698 2566 duces
718 2515 828 2580 captos
845 2508 904 2565 iam
925 2516 956 2567 et
973 2520 1092 2581 compre-

15 2635 18 2647 .
83 2588 199 2648 lrensos
214 2591 337 2663 tenetis,
366 2590 540 2650 existimare
562 2590 679 2650 debetis
702 2606 807 2650 omnes
826 2588 972 2649 Catilinae
994 2589 1091 2664 coplas.

85 2687 191 2731 omnes
206 2688 279 2746 spes
301 2682 392 2748 atque
414 2689 490 2747 opes
513 2673 561 2733 his
585 2672 723 2748 depulsis
746 2671 831 2733 urbis
848 2672 995 2746 periculis
1010 2669 1093 2732 conci-

83 2755 178 2815 disse.
195 2755 288 2829 Quem
296 2756 418 2829 quidem
426 2773 483 2831 ego
494 2772 586 2831 quum
594 2773 633 2816 ex
640 2757 715 2815 urbe
723 2755 882 2831 pollebam,
896 2756 956 2816 hoc
969 2755 1093 2830 provide

82 2838 152 2898 bam
166 2840 280 2913 animo,
298 2838 443 2912 Quirites,
463 2836 579 2900 remoto
595 2838 720 2899 Catilina
735 2846 796 2898 non
814 2838 886 2897 milri
902 2854 974 2899 esse
988 2840 1019 2899 P.
1033 2839 1094 2898 Len-

83 2923 136 2982 tuli
152 2939 290 2989 somnum
307 2939 363 2982 nec
377 2923 410 2982 L.
419 2924 516 2984 Cassii
530 2924 637 2998 adipes
653 2939 710 2983 nec
725 2922 756 2981 C.
765 2922 887 2995 Cethegi
906 2922 1051 2984 furiosam
1062 2928 1096 2979 te·

83 3008 247 3067 meritotem
261 3005 546 3082 pertimescendam.
571 3007 624 3066 Ille
639 3015 704 3066 erat
717 3023 796 3066 unus
819 3005 971 3066 liniendus
990 3001 1096 3066 existis

83 3088 240 3164 omnibus,
267 3091 322 3151 sed
346 3090 495 3161 tamdiu,
528 3091 599 3149 dum
626 3089 710 3148 urbis
744 3088 904 3150 moenibus
934 3088 1097 3149 contineba-

82 3175 138 3225 tur.
164 3169 269 3232 Omnia
289 3183 391 3245 norat,
422 3172 555 3233 omnium
569 3171 668 3233 aditus
684 3174 821 3232 tenebat:
837 3174 1012 3246 appellare,
1036 3183 1098 3232 tem-

81 3257 177 3322 ptare,
194 3257 356 3317 sollicitare
373 3266 499 3331 poterat,
513 3257 662 3316 audebat:
678 3266 743 3316 erat
757 3255 785 3314 ei
801 3256 961 3327 consilium
980 3258 1022 3316 ad
1038 3253 1099 3313 laci·

14 3373 17 3383 .
81 3347 139 3389 nus
151 3343 261 3410 aptum,
279 3340 407 3400 consilio
421 3351 520 3400 autent
533 3356 634 3412 neque
646 3356 754 3399 uranus
766 3355 867 3412 neque
879 3339 982 3412 lingua
995 3341 1099 3398 deerat.

80 3412 141 3472 Iam
163 3418 201 3475 ad
223 3429 321 3480 certas
342 3437 393 3482 res
417 3423 625 3482 conficiendas
640 3429 747 3495 ¹certos
765 3422 904 3482 homines
919 3423 1056 3483 delectos
1070 3433 1099 3478 ac
