2356 3854
343 175 767 245 CAP.144-1M··40-4i·
873 134 876 138 .
1006 186 1082 264 21⁵:

58 329 143 389 ιιιιοι
171 324 284 387 deinde
301 342 340 386 ne
357 326 406 387 cui
414 327 525 391 liceret
540 344 681 426 umquam
697 333 924 407 reprehendere
937 333 1035 396 illud
1026 353 1071 397 m·
1057 370 1079 381 ··

59 411 149 471 cium
164 418 219 469 aut
230 417 343 471 temere
358 409 504 471 creditum
520 411 685 473 criminari=
703 418 858 490 postremo
873 435 911 478 ne
924 418 1019 492 quid
1011 436 1071 481 ram

58 510 129 576 me,
138 509 180 553 ne
193 484 264 566 q'uid
277 509 316 553 ex
326 492 403 554 meis
416 494 640 556 commentariis
657 508 861 573 quaereretur,
877 518 916 560 ne
929 510 981 562 aut
995 503 1070 563 obli·
1057 535 1077 547 ·-

58 595 79 638 o
96 592 175 637 mea
188 583 241 636 aut
254 578 399 637 memoria
414 576 505 637 nimia
519 579 686 651 videretur,
707 598 751 643 ne
761 583 894 658 denique
911 594 962 645 aut
977 587 1070 661 negli—
1073 622 1077 629 ·

58 661 137 721 antia
152 659 481 736 turpisautdiligentia
492 663 625 722 crudelis
641 671 804 737 putaretur
834 666 885 728 44.
897 666 959 727 Sed
971 675 1071 729 tamen

58 761 84 805 »s
96 751 141 817 te,
156 744 317 817 Torquate,
337 760 461 818 quaero,
478 763 570 820 quum
585 747 735 806 indicatus
748 755 816 808 tuus
828 752 929 810 esset
922 751 1076 826 mimicus,¹

77 832 177 887 esset
189 826 256 886 eins
274 827 318 886 rei
334 827 478 902 frequens
496 838 620 890 senatus
641 839 673 890 ea
684 846 793 890 recens
814 831 958 892 memoria
975 836 1070 909 testis,

58 913 99 983 ιι,
124 926 196 970 meo
213 909 349 969 familiari
367 919 397 970 et
412 912 635 985 contubernali,
658 913 744 988 prius
760 914 848 974 etiam
866 914 975 975 edituri
994 915 1070 976 indi·

58 1012 113 1054 um
130 991 245 1053 luerint
258 994 377 1053 scribae
391 995 466 1070 mei,
481 995 508 1056 si
522 994 691 1070 voluisses,
710 1013 801 1070 quam
815 997 846 1057 in
861 997 1001 1077 codicem
1012 1006 1071 1058 ret-

61 1078 187 1149 tissent,
204 1090 297 1153 quum
307 1076 430 1139 videres
443 1079 659 1154 aliterreferri,
669 1096 724 1141 cur
737 1082 867 1156 tacuisti,
885 1097 1000 1155 passus
1014 1087 1072 1142 est
1107 1154 1111 1161 ι

58 1179 92 1221 ιιι
109 1175 232 1220 mecum
247 1169 299 1221 aut
313 1177 381 1221 cum
397 1162 533 1221 familiari
549 1180 617 1223 meo
633 1173 760 1239 questus
778 1173 834 1225 est
860 1172 917 1224 aut
928 1164 1070 1238 quoniam

58 1261 93 1304 m
115 1245 206 1305 facile
223 1244 405 1304 inveheris
396 1262 427 1304 ιιι
446 1247 577 1318 amieos,
598 1245 774 1310 iracundius
792 1257 844 1309 aut
860 1246 1070 1308 vehementius

58 1328 261 1402 rposaulastir
284 1329 343 1400 Tu,
362 1346 455 1403 quum
470 1335 522 1390 tua
536 1347 598 1391 vox
613 1348 777 1406 numquam
791 1331 830 1393 sit
843 1330 959 1402 audita,
978 1346 1071 1406 quum

58 1411 148 1471 dicio
160 1412 250 1485 lecto,
266 1411 430 1488 descripto,
443 1412 598 1488 divulgato
611 1414 773 1489 quieveris,
787 1415 927 1486 tacueris,
942 1423 1074 1488 repente.

58 1503 148 1555 ‚ntam
164 1509 228 1555 rem
249 1495 413 1556 ementiare
427 1505 458 1556 et
474 1497 509 1556 in·
522 1514 591 1557 eum
608 1499 708 1559 locum
724 1507 754 1558 te
769 1499 919 1569 deducas,
941 1492 975 1559 ul
988 1506 1068 1568 ante,

58 1594 128 1638 uam
144 1579 382 1639 mecommutati
396 1580 499 1639 indicii
513 1582 697 1654 coarguens,
715 1589 745 1640 te
762 1597 903 1641 summae
913 1581 1073 1657 negligen-

58 1679 93 1722 ae
110 1671 165 1722 tuo
179 1661 292 1722 iudicio
308 1664 480 1723 convictum
496 1680 567 1723 esse
585 1665 720 1724 fateare?

117 1746 199 1804 XVI
215 1738 265 1805 45.
285 1736 356 1805 Mihi
372 1746 553 1820 cuiusquam
570 1748 654 1806 salus
675 1744 749 1805 tanti
772 1744 894 1815 fuisset,
916 1753 949 1805 ut
969 1761 1074 1805 meam.

58 1828 247 1904 egligercml
261 1846 315 1904 per
326 1846 375 1889 me
391 1846 449 1903 ego
466 1828 620 1889 veritatem
637 1828 818 1922 patefactam
834 1827 1068 1888 contaminarem

58 1913 140 1988 liquo
161 1901 365 1972 mendaciol'
366 1928 550 2008 quemquam
568 1927 627 1986 ego
649 1910 806 1986 denique
798 1926 950 1984 ruvarem,
970 1925 1069 1985 aquo

58 1995 126 2056 tiam
156 1997 297 2056 crudeles
326 1995 460 2056 insidias
483 1996 528 2054 rei
557 1996 696 2070 publicae
727 1994 837 2066 factas,
876 2001 907 2054 et
936 2009 984 2053 me
1011 2008 1072 2069 po-

58 2079 187 2139 ssimum
217 2081 358 2152 consule,
392 2086 551 2155 putarem?
602 2079 689 2151 Quod
718 2078 744 2136 si
775 2079 834 2137 iam
862 2093 963 2159 essem
991 2074 1067 2137 obli-

57 2180 84 2223 rs
102 2162 274 2223 severitatis
290 2171 321 2222 et
335 2162 523 2224 constantiae
537 2179 637 2235 meae,
660 2170 761 2223 tamne
780 2177 886 2222 amens
905 2176 1001 2230 eram,
1025 2167 1066 2232 ut,

58 2264 129 2306 uum
145 2245 262 2306 litterae
277 2246 462 2320 posteritatis
477 2263 572 2306 causa
581 2254 721 2321 repertae
735 2245 809 2318 sint,
833 2260 914 2319 quae
928 2240 1067 2303 subsidio

58 2329 184 2389 blivioni
209 2345 280 2390 esse
305 2337 449 2404 possent,
476 2346 534 2404 ego
560 2338 712 2390 recentem
734 2337 871 2402 putarem
892 2325 1067 2385 memoriam
1118 2400 1124 2409 k

58 2414 135 2473 uncti
153 2421 278 2473 senatus
293 2413 509 2474 commentario
524 2429 592 2474 meo
609 2428 703 2487 posse
721 2411 886 2485 superarit·
917 2407 968 2471 46.
989 2407 1067 2467 Fero

58 2512 93 2571 go
106 2504 148 2567 te,
166 2496 327 2572 Torquate,
342 2496 540 2566 iamdudum,
557 2497 631 2569 fero,
646 2504 676 2556 et
688 2512 748 2554 non
761 2509 925 2568 numquam
936 2492 1069 2552 animum

58 2579 191 2640 rcitatum
205 2581 244 2639 ad
260 2581 467 2640 ulciscendam
482 2579 649 2640 oraticnem
669 2586 750 2639 tuam
763 2592 878 2638 revoco
895 2575 962 2650 ipse
977 2583 1008 2636 et
1021 2590 1067 2634 re·

58 2672 143 2724 ectoz
169 2662 309 2760 permitto
331 2657 456 2740 aliquid
466 2663 641 2723 iracundiae
661 2671 753 2760 tuae,
768 2661 808 2721 dc
829 2658 1067 2728 adolescentiae,

58 2747 124 2808 edo
121 2746 288 2818 amicitiae,
305 2747 403 2808 tribuo
419 2746 547 2824 parenti.
576 2745 637 2805 Sed
653 2745 712 2805 nisi
730 2743 783 2805 tibi
797 2743 929 2839 aliquem
945 2741 1068 2802 modum
1129 2748 1131 2753 ⁴

58 2837 99 2890 rte
111 2831 324 2904 constitueris,
340 2848 434 2907 coges
450 2831 576 2891 oblitum
590 2845 637 2888 me
653 2836 777 2889 nostrae
791 2826 942 2886 amicitiae
955 2823 1069 2893 habere

58 2914 184 2975 ationem
199 2930 286 2975 meae
301 2914 463 2989 dignitatis
492 2914 587 2972 Nemo
602 2928 745 2986 umquam
761 2925 809 2968 me
823 2907 1000 2969 tenuissima
1016 2920 1069 2963 su·

58 2998 176 3073 picione
190 2997 381 3075 perstrinxit,
406 3013 497 3072 quem
516 3013 578 3056 non
582 2991 792 3092 perverterim
807 3007 844 3051 ac
861 2985 1068 3065 perfregerim.

58 3083 97 3141 ed
109 3081 185 3142 milri
197 3082 256 3142 hoc
268 3082 377 3142 credas
390 3081 494 3140 velim.
509 3096 569 3139 non
581 3076 620 3137 iis
631 3074 829 3137 libentissime
842 3074 928 3133 soleo
938 3085 1069 3144 respon·

58 3180 129 3263 ere,
155 3181 237 3263 quos
254 3163 326 3225 mihi
349 3162 456 3224 videor
476 3160 623 3222 facillime
618 3175 727 3235 posse
742 3172 899 3231 superare.
944 3150 995 3216 47.
1014 3152 1068 3224 Tu,

58 3248 181 3310 uoniam
196 3247 320 3310 minime
334 3246 458 3323 ignoras
473 3241 725 3305 consuetudinem
740 3239 862 3299 dicendi
876 3253 988 3309 meam,
1006 3236 1069 3297 noli

58 3346 93 3392 ae
104 3331 229 3393 lenitate
243 3341 324 3394 nova
335 3329 418 3391 abuti
432 3344 509 3401 mea,
524 3326 586 3388 noli
600 3326 725 3385 aculeos
740 3319 888 3383 motionis
901 3337 996 3416 meae,
1015 3317 1069 3395 qui

58 3414 186 3479 coendia
205 3424 291 3490 sunt,
315 3412 467 3479 excussos
482 3407 635 3483 arbitrari,
654 3406 717 3471 noli
737 3404 770 3468 id
788 3411 896 3484 putare
912 3402 1040 3485 omnino
1048 3416 1071 3461 a
