2356 3854
334 238 566 288 Matronianum,
574 236 674 287 VITAE
692 234 858 286 CICERONIS
878 309 883 321 Ι

1052 419 1097 454 Anu

218 491 223 502 ,
1058 459 1097 498 Clu

249 537 314 592 tur.¹
349 537 457 587 Tulliam
473 537 550 586 filiam
568 536 627 585 XIII
642 549 722 589 annos
740 521 824 585 latam
845 533 872 584 C.
889 534 974 584 Pisoni
991 533 1022 583 L.

250 607 278 658 F.
297 607 374 672 Frugi
394 608 419 655 in
438 605 624 654 matrimonium
642 605 722 657 dats
746 603 820 655 Pater
837 601 919 652 Tullio
936 610 1023 652 nostro

251 673 348 724 decedit
366 689 390 722 a.
408 675 432 723 d.
453 673 543 722 XVIII.
563 671 617 721 Kal.
636 668 711 722 neae

285 741 312 791 G.
331 741 408 791 lulius
428 741 519 794 Caesar
537 748 637 806 praetor
655 749 815 803 quaesturam
837 740 902 790 inter
918 738 1022 787 sicarios

251 819 357 860 exercet·

88 877 137 932 691
181 878 215 936 63
250 877 320 928 Coss.
358 877 397 926 M.
420 876 514 926 Tullius
533 877 628 935 Cicero,
648 877 826 927 dannanus.
1059 877 1097 932 44

283 947 309 995 P.
331 944 450 994 Servilius
474 944 562 993 Rullus
586 945 642 1007 trib.
663 944 697 1008 pl.
718 947 794 1008 lepent
816 941 1022 1009 promulgaverat

167 1065 169 1075 Α
249 1017 386 1079 aprutium.
424 1011 514 1062 Contra
533 1027 588 1061 eam
607 1011 692 1062 Cicero
710 1021 760 1062 tres
780 1013 904 1062 orationes
915 1010 1020 1071 babuit,

248 1084 355 1145 primam
372 1083 397 1130 in
417 1089 518 1140 senatu,
542 1081 677 1130 seeundum
698 1088 721 1129 et
738 1083 836 1130 tertiam
854 1080 880 1128 in
905 1081 1021 1129 contione

250 1151 282 1199 ad
300 1149 450 1214 populum.⁴
484 1149 553 1197 Hane
571 1157 672 1198 secutae
693 1157 751 1198 sunt
774 1150 900 1199 orationes
918 1162 964 1212 pro
984 1147 1019 1195 L.
1064 1147 1067 1151 '

248 1219 338 1268 Roeotb
357 1216 469 1266 Οτήοηει
480 1215 554 1280 (vid.
565 1218 598 1267 ad
612 1232 635 1266 u.
646 1205 726 1282 687);
746 1233 791 1283 pro
807 1215 911 1266 Rabirio
926 1215 1020 1265 Pantae-

230 1297 297 1344 'mo;
315 1288 347 1336 de
357 1287 558 1347 proscriptorum
570 1287 645 1347 silita,
669 1300 731 1347 quos
751 1285 819 1334 Sulla
836 1284 947 1348 paternis
966 1285 1021 1347 opi-

248 1356 295 1404 bus
320 1363 344 1403 at
368 1353 533 1418 petendorum
556 1353 679 1402 honorum
697 1355 751 1402 iure
769 1354 919 1410 excluserat3
944 1366 1018 1413 quam

165 1433 174 1447 ⁸
249 1424 330 1489 legem
349 1423 447 1473 etiamsi
464 1422 552 1470 dmum
569 1421 653 1471 Cicero
669 1430 751 1472 tamen
765 1421 928 1487 reipublicae
943 1434 1020 1468 causa

249 1491 397 1540 servandam
420 1504 475 1539 ensa
500 1489 636 1542 defendit.⁰
680 1489 797 1552 Sequitur
820 1491 900 1539 oratio
922 1487 1019 1546 habita,

248 1575 300 1608 eum
318 1561 470 1621 prooirtet'am
491 1560 517 1607 t'n
538 1561 648 1608 motione
672 1560 814 1621 deponeret.
849 1557 945 1606 Deinde
963 1571 1019 1605 aum

249 1627 368 1678 Gatilmae
383 1629 479 1676 furores
486 1622 504 1660 ⁷‘
511 1628 536 1675 in
550 1628 745 1678 coniurationem
756 1629 876 1676 adversus
886 1641 938 1674 rem
948 1625 1018 1689 publ.

249 1697 401 1760 erupissent,
422 1695 507 1744 Cicero
526 1695 612 1744 habuit
630 1698 756 1745 oratr'onea
774 1695 948 1750 catilinarium
967 1701 1018 1741 tum

248 1764 281 1815 L.
297 1764 437 1824 Marotiani,
456 1777 507 1829 ros.
529 1763 696 1828 designatum,
715 1765 746 1813 de
764 1764 858 1812 ambitu
876 1768 1018 1810 accusatum
1042 1823 1045 1829 s

249 1833 386 1883 defendit.⁸

88 1891 139 1945 692
181 1897 215 1949 62
249 1901 319 1951 Coss.
354 1903 387 1950 D.
407 1884 494 1951 Iuniae
511 1900 620 1961 Silanus,
640 1900 673 1952 L.
695 1901 807 1951 Medaba
824 1898 941 1948 Murena.
1026 1837 1030 1986 Ι
1056 1893 1091 1943 45

285 1969 399 2028 Catilina,
414 1971 536 2019 adversus
547 1985 620 2031 quem
631 1971 754 2018 Antonius
763 1984 861 2033 procos.
877 1985 933 2018 oum
946 1985 1019 2019 exer—

251 2037 300 2084 oitn
314 2037 408 2084 missus
423 2043 483 2094 arat,
499 2038 579 2084 vietus
596 2039 627 2085 ab
638 2039 691 2084 eius
700 2036 783 2101 legato
793 2037 826 2086 M.
839 2039 935 2087 Petreio
945 2039 1017 2101 perit.

249 2103 371 2152 Antonius
386 2105 412 2152 in
426 2104 608 2163 Macedoniam,
624 2118 688 2167 quae
702 2106 831 2168 provincia
846 2107 869 2155 ei
886 2107 1019 2171 obtigerat,

247 2172 419 2237 proficiscitur.
433 2172 568 2235 Pompeius
579 2172 691 2223 oonleeto
699 2172 863 2224 Mithridatico
873 2174 937 2223 bello
946 2173 1017 2224 redit.

281 2239 395 2290 Metellus
412 2239 496 2305 Nepos
512 2241 569 2289 trib.
588 2241 623 2306 pl.
644 2243 670 2290 in
693 2243 807 2292 oontione
830 2245 856 2291 iu
875 2241 1017 2292 Ciceronem

249 2318 273 2358 et
291 2316 405 2357 senatum
424 2308 557 2368 invehitur,
578 2312 675 2375 negans
693 2311 760 2359 aives
779 2311 955 2360 oonIurationis
973 2310 1018 2359 Gu-

247 2377 332 2427 tilinaa
350 2378 433 2426 socios
456 2377 548 2426 indicta
566 2392 642 2427 eausa
659 2380 784 2429 necandos
803 2379 891 2428 luinse.
927 2380 956 2428 Ei
975 2394 1019 2443 op-

247 2446 318 2511 ponit
331 2443 417 2496 Gioero
436 2447 573 2495 orationem
586 2446 761 2496 Metallianam.
790 2448 859 2497 Idem
876 2447 902 2496 lr.
920 2463 943 2496 a.
959 2448 1016 2496 emir

248 2515 351 2564 domum
368 2514 395 2562 in
410 2513 530 2563 Palatio.⁹
551 2515 668 2564 Extremo
687 2531 751 2565 anno
767 2513 869 2566 Clodius
882 2516 1017 2581 Pompeia«-

247 2581 361 2632 Caesaris
386 2582 474 2632 uxoris
498 2597 583 2631 amore
609 2592 709 2649 eaptus,
734 2600 790 2634 oum
814 2587 840 2633 in
863 2584 917 2634 eius
943 2585 1039 2650 domo*

246 2650 330 2700 Bonae
352 2649 421 2700 Deae
442 2666 486 2716 pro
509 2652 603 2715 populo
622 2652 706 2711 fleret,
732 2653 796 2703 olam
814 2661 883 2702 veste
901 2652 1016 2702 muliebri

246 2720 376 2784 ingressus
398 2727 427 2783 et¹
448 2723 546 2785 agnitus
572 2720 640 2770 foras
664 2722 769 2771 eiieitur.
782 2721 810 2754 ¹⁰
829 2750 863 2758 -
881 2722 934 2771 Hoo
952 2735 1016 2770 anno

247 2786 332 2850 Cicero
351 2787 439 2837 habuit
458 2790 595 2837 orationem
612 2804 658 2853 pro
673 2790 706 2839 P.
724 2791 836 2853 Cornelio
853 2789 934 2850 Sulla,
953 2805 969 2838 a
986 2789 1014 2838 L.

245 2855 370 2917 Torquato
396 2857 574 2906 coniurationis
599 2866 724 2907 accusato.
761 2860 856 2909 Eodem
882 2859 910 2918 Q.
931 2857 1015 2908 Cicero

247 2923 281 2976 M.
302 2923 379 2972 irater
396 2932 539 2989 praeturam
558 2927 645 2990 gessit.

86 2981 137 3035 693
179 2981 211 3037 61
246 2991 316 3043 Coss.
354 2991 394 3045 M.
413 2991 508 3053 Propius
526 2995 587 3042 Piso
613 2994 809 3056 Calpurniam,
825 2993 873 3044 M.
898 2995 1016 3046 Valeriam
1052 2984 1086 3038 46

349 3060 465 3110 Messala
482 3061 571 3125 Nt'per.

281 3127 383 3178 clodius
403 3129 490 3177 incesti
509 3131 610 3179 erirnine
626 3138 755 3179 aecusatus
770 3131 798 3180 id
811 3130 908 3180 amoliri
923 3130 1014 3187 studet,

245 3259 397 3363 al'oldrddl'
413 3261 523 3357 33142)
540 3261 683 3366 diffiido?
705 3261 762 3357 lhd‘d‘
777 3261 803 3354 ῗῖι
817 3264 858 3357 afa)
876 3240 955 3368 prrsspp
967 3262 1018 3355 dd
1044 3326 1048 3328 ·

245 3376 286 3417 pro
300 3365 375 3408 caeno
389 3365 410 3409 ὅ.
421 3366 442 3410 b.
457 3346 569 3419 pro'Mur.
584 3347 671 3410 Il-Ib'.
700 3346 722 3418 8}
738 3343 783 3410 cfr.
797 3366 837 3420 pro
851 3345 930 3410 r'lafico
943 3368 978 3413 39.
994 3345 1016 3407 el

246 3417 274 3459 da
286 3419 344 3458 omni
358 3420 406 3461 Cic.
421 3419 537 3461 consulatu
552 3422 573 3459 In
588 3420 634 3464 Pir.
651 3421 672 3463 3.
688 3431 727 3470 pro
742 3419 806 3461 Sulla
822 3423 841 3465 1.
874 3422 898 3474 ll)
912 3422 940 3464 ad
955 3422 1013 3463 Fam.

245 3470 272 3517 V.
286 3470 308 3515 6.
338 3472 372 3525 1⁰)
386 3470 414 3511 ad
428 3474 475 3516 Ata.
491 3474 508 3517 Ι.
527 3473 560 3517 13.
574 3473 654 3517 Parad.
671 3471 707 3517 IV.
722 3474 736 3514 2
749 3477 807 3521 extr.
1021 3475 1026 3525 l
