2356 3854
126 128 188 236 lio
325 172 376 230 nu
390 139 545 229 rucuma
561 169 617 228 cu.
631 168 784 228 romanu
802 166 953 228 annuo.

123 320 259 397 periculo
272 317 477 387 committeret
494 334 586 391 quum
596 327 649 378 aut
662 317 759 377 hieme
771 327 822 378 aut
832 320 944 378 referto
957 316 1135 393 praedonum

124 403 199 464 mari
214 401 390 474 navigarett
416 401 482 460 Hoc
496 408 610 461 tantum
621 401 752 471 bellum,
774 409 834 460 tam
850 410 953 475 turpe,
973 407 1035 460 tam
1049 409 1136 469 vetus.

122 494 184 551 tam
198 487 258 545 late
272 484 403 543 divisum
418 490 509 558 atque
525 483 698 558 dispersum
714 482 782 558 quis
796 500 938 557 umquam
952 482 1137 543 arbitraretur

123 576 175 628 aut
195 567 233 625 ab
252 566 391 626 amnibus
404 565 635 640 imperatoribus
652 583 712 626 ano
732 583 811 626 anno
830 575 880 626 aut
897 565 1041 626 amnibus
1059 564 1136 624 anuis

39 695 46 712 .
124 651 162 709 ab
183 667 244 709 uno
265 648 447 723 imperatore
474 650 584 708 confici
607 656 722 722 posset
761 647 812 709 32.
843 648 937 721 Quam
957 647 1138 723 provinciam

124 732 262 793 tenuistis
289 749 307 791 a
335 730 540 805 praedonibus
565 731 690 790 liberam
715 748 769 806 per
793 732 887 791 hasce
913 737 1036 791 annosi
1064 730 1138 804 qaod

123 815 252 888 vectigal
278 815 365 879 vobis
390 823 485 875 tutum
510 812 584 874 luitt
612 830 702 887 quem
729 813 845 874 socium
867 813 1071 873 defendistis?
1085 813 1138 872 cui

37 906 44 914 ⁴
123 897 276 975 praesidia
299 897 448 957 classibus
465 896 574 957 vestris
596 897 716 957 luistist
738 913 827 971 quam
843 898 951 956 multos
966 896 1137 957 existimatis

122 980 239 1041 insulas
256 996 328 1040 esse
346 981 505 1039 desertas?
527 997 617 1055 quam
631 981 740 1039 multas
757 988 808 1039 aut
826 988 905 1039 metu
921 978 1046 1039 relictas
1062 987 1138 1039 aula

123 1063 329 1139 praedonibus
351 1079 408 1136 cap
410 1070 457 1121 tas
410 1063 569 1121 turbes
591 1078 661 1122 esse
685 1063 858 1122 saelorum?
898 1063 963 1121 XII.
988 1061 1053 1121 Sed
1074 1061 1137 1137 quid

123 1162 181 1242 ego
201 1146 367 1219 longinqua
388 1152 612 1205 commemorat
637 1144 705 1204 Fuit
726 1145 784 1204 hoc
805 1146 976 1220 quandam,
997 1143 1056 1205 luit
1077 1161 1137 1220 pro

47 1224 52 1233 ’
124 1229 220 1303 prium
236 1226 340 1302 papuli
351 1226 487 1298 Romani,
503 1228 593 1302 longe
608 1245 626 1286 a
641 1229 731 1287 doma
746 1229 857 1299 bellare
868 1237 898 1288 et
907 1218 1137 1303 propugnaculis
1174 1252 1176 1257 ·

123 1310 241 1389 imperii
256 1310 408 1369 sociarum
425 1310 576 1382 fortunas,
593 1327 654 1368 non
673 1327 729 1370 sua
744 1319 822 1370 tecta
837 1312 1013 1371 defendere
1048 1309 1136 1371 Sociis

123 1409 181 1466 ego
197 1391 309 1451 nastris
321 1408 402 1451 mare
417 1408 471 1465 per
486 1392 543 1451 lias
555 1408 652 1451 annos
668 1394 804 1453 clausum
818 1394 912 1453 luisse
927 1393 1037 1465 dicam,
1055 1408 1136 1469 quum

124 1473 388 1537 exercitusvestri
415 1491 578 1548 numquam
598 1491 616 1534 a
635 1475 797 1536 Brundisio
823 1475 882 1535 nisi
905 1477 1004 1536 hieme
1030 1491 1137 1537 summa

125 1556 363 1620 transmiserint?
392 1556 447 1630 Qui
470 1559 509 1640 ad
532 1574 589 1617 vos
610 1558 648 1617 ab
669 1557 781 1619 exteris
803 1557 975 1619 nationibus
999 1558 1134 1628 venirent,

123 1650 230 1716 captos
251 1657 374 1715 querar,
401 1658 493 1715 quum
513 1639 603 1714 legati
624 1641 730 1715 populi
749 1641 878 1701 Romani
897 1641 1050 1717 redempti
1068 1641 1136 1703 siatt

122 1724 342 1784 Mercatoribus
357 1733 451 1785 tutum
465 1740 548 1784 mare
564 1740 625 1782 non
641 1725 736 1784 luisse
752 1723 859 1801 dicam,
878 1741 969 1798 quum
984 1723 1136 1786 duodecin

123 1824 248 1885 secures
261 1807 292 1867 in
307 1807 495 1882 praedonum
510 1814 690 1882 potestatem
705 1805 918 1882 pervenerintt
946 1805 997 1868 33.
1021 1808 1135 1868 Cnidum

14 1902 19 1912 '
123 1900 174 1955 aut
189 1891 395 1965 colophonem
410 1899 462 1952 aut
477 1890 615 1964 Samum,
630 1889 834 1950 nobilissimas
849 1890 956 1961 urbes,
974 1889 1135 1951 innumera
1174 1953 1176 1957 ,

121 1974 261 2048 bilesque
276 1972 351 2033 alias
367 1982 472 2049 captas
484 1989 554 2033 esse
569 1988 810 2044 commemorem,
827 1989 919 2047 quum
938 1981 1061 2035 vestros
1076 1988 1134 2049 por·

122 2065 171 2116 tus
193 2064 283 2129 atque
305 2072 360 2114 eas
383 2064 502 2129 portus,
524 2055 633 2130 quibus
653 2056 744 2115 vitam
760 2070 797 2114 aa
813 2054 949 2129 spiritum
967 2056 1093 2129 ducitiS,
1111 2052 1135 2113 iu

122 2139 310 2212 praedonum
333 2137 428 2198 luisse
456 2145 633 2212 patestatem
658 2138 782 2199 sciatis?
823 2142 869 2197 An
898 2154 970 2198 vero
998 2135 1134 2214 ignoratis
1175 2187 1176 2192 ,

123 2229 241 2297 portum
264 2220 384 2280 Caietae
404 2221 631 2281 celeberrimum
658 2238 695 2282 ae
720 2220 929 2295 plenissimum
955 2222 1080 2283 navium
1098 2219 1134 2280 in·
1155 2236 1176 2287 ,τ

123 2313 279 2379 spectante
291 2311 460 2379 praetcrea
471 2304 676 2378 praedonibus
687 2320 759 2364 esse
771 2304 941 2378 direpturus
968 2305 1018 2365 Ex
1027 2305 1135 2364 Miseno

123 2396 222 2447 autem
242 2387 308 2448 eius
328 2386 427 2462 ipsius
448 2387 575 2460 liberos,
601 2387 654 2461 qui
675 2403 742 2446 cum
762 2386 970 2461 praedonibus
993 2397 1083 2449 antea
1101 2382 1135 2445 ibi

123 2471 234 2530 bellum
252 2479 404 2544 gesserat,
427 2471 666 2545 apraedonibus
686 2485 757 2529 esse
775 2471 933 2530 sublatos?
974 2471 1052 2530 Nam
1072 2464 1136 2544 quid

123 2568 180 2626 ego
203 2553 343 2613 Ostiense
367 2554 590 2614 incommodum
610 2561 701 2627 atque
714 2553 803 2612 illam
823 2554 922 2612 labem
944 2560 1039 2626 atque
1059 2553 1134 2627 igno
1174 2582 1176 2587 ·

122 2635 242 2695 miniam
255 2635 299 2694 rei
311 2635 450 2709 publicae
459 2653 576 2709 querar,
590 2652 682 2709 quum
694 2651 792 2709 prope
796 2635 1046 2710 inspectantibus
1057 2631 1135 2694 vobis

123 2706 231 2778 classis
246 2733 296 2788 ea,
319 2718 367 2776 cui
392 2722 497 2779 consul
514 2718 619 2793 papuli
636 2719 765 2778 Romani
787 2717 980 2793 praepositus
1006 2726 1135 2789 esseae
1175 2747 1176 2755 ι

123 2801 329 2877 praedonibus
353 2810 442 2875 capta
461 2811 552 2876 atque
569 2817 720 2875 oppressa
734 2808 801 2861 estt
827 2801 927 2861 Prodi
942 2800 1133 2861 immortalest
1174 2816 1176 2855 ε

122 2894 275 2947 tantamne
301 2885 389 2945 unius
414 2886 543 2945 hominis
568 2883 752 2944 incredibilis
782 2899 817 2942 ac
843 2884 945 2943 divina
966 2883 1064 2944 virtus
1080 2892 1134 2946 tem
1173 2897 1176 2901 '

122 2969 207 3029 brevi
222 2977 357 3043 tempore
373 2969 470 3028 lucem
487 2968 605 3028 adferre
619 2967 662 3026 rei
677 2966 817 3041 publicae
832 2966 937 3042 patuit,
954 2975 987 3026 ut
1004 2959 1135 3039 vosque

123 3053 213 3111 modo
225 3060 294 3112 ante
306 3053 414 3113 ostium
425 3050 594 3111 Tiberinum
607 3052 737 3110 classem
748 3048 880 3109 hostium
890 3049 1051 3122 videbatis
1065 3054 1131 3107 nunc

122 3135 233 3193 nullam
248 3137 323 3195 intra
335 3134 447 3195 Oceani
462 3132 573 3195 ostium
588 3135 776 3231 praedonum
791 3148 899 3192 navem
911 3148 982 3192 esse
993 3128 1132 3191 audiatis!

122 3212 171 3274 34.
193 3219 295 3292 Atque
310 3218 385 3278 haec
400 3234 460 3293 qua
478 3216 629 3277 eeleritate
643 3225 730 3290 gesta
746 3215 806 3276 sint
822 3231 1007 3290 quamquam
1024 3208 1128 3274 videtis,

122 3305 257 3359 tamena
276 3317 323 3359 me
337 3301 367 3360 in
390 3300 521 3360 dicendo
543 3300 762 3374 praetereunda
780 3315 840 3360 non
859 3306 938 3357 sunt.
977 3296 1050 3370 Quis
1065 3292 1130 3353 enin

123 3394 265 3455 umquam
284 3392 335 3443 aut
350 3383 484 3445 obeundi
500 3382 619 3457 negocii
629 3391 682 3442 aut
696 3380 906 3455 consequendi
921 3389 1067 3454 quaestus
1080 3381 1129 3434 su·
