2356 3854
139 169 202 237 rto
435 165 509 227 rao
523 167 558 256 r.
575 166 707 267 suarm
723 166 876 228 enarro.
966 240 969 247 ,

111 311 115 324 ’
138 322 262 382 boatum
277 313 383 378 armati
397 315 535 378 homines
550 318 650 378 lorum
663 325 694 377 et
704 318 863 379 contiones
878 317 1038 380 tenebram
1055 320 1153 382 caedet

139 400 403 478 lapidationesque
426 401 553 461 fiebant=
580 401 680 460 nullus
706 410 772 462 erat
792 410 933 474 senatus,
963 401 1039 463 nihil
1060 402 1152 478 reliqui

139 484 348 560 magistratus:
373 500 453 544 unus
470 499 590 544 omnem
608 482 741 543 omnium
759 492 941 559 potestatem
964 483 1058 545 armis
1077 493 1106 545 et
1119 488 1150 547 ta

139 566 275 629 trasiniis
290 565 482 643 possidebat,
504 582 566 626 non
584 565 687 641 aliqua
701 566 731 625 vi
746 583 818 641 sua,
835 567 892 627 sed
907 583 1004 642 quum
1018 567 1081 629 duo
1094 583 1148 629 ceu·

140 653 224 712 sules
238 666 257 709 a
272 667 305 710 re
320 649 441 724 publiea
455 649 679 724 provinciarum
693 650 818 710 loedere
830 648 1028 722 retraxisset,
1045 649 1148 713 insua-

48 786 50 790 .
140 735 206 809 bat,
221 731 444 805 dominabatur,
461 731 528 794 aliis
543 731 756 807 pollicebatur,
773 740 889 794 terrore
900 748 939 793 oc
954 734 1145 807 metumuttoa

140 819 249 893 plures.
259 816 348 877 etiam
364 832 420 891 spe
437 823 467 875 et
482 814 641 890 promissis
655 815 786 876 tenebat.

222 897 273 960 35.
295 899 378 973 Quae
392 915 485 973 quum
502 906 608 959 essent
620 897 687 962 eius
702 897 799 966 modi,
820 896 955 970 iudices,
970 914 1066 973 quum
1078 914 1144 960 aena

86 973 89 982 '
139 989 188 1043 tus
202 983 297 1043 duces
308 982 408 1042 nullos
421 996 457 1041 ac
471 998 528 1056 pro
541 980 670 1042 ducibus
681 979 852 1055 proditores
862 988 914 1041 aut
929 981 1034 1055 potius
1045 991 1144 1058 apertos

139 1066 245 1128 hostes
267 1064 406 1140 haberet,
431 1072 574 1138 equester
590 1064 666 1125 ordo
686 1079 758 1124 reus
779 1080 798 1124 a
819 1064 999 1126 consulibus
1017 1064 1142 1137 citaretur,

139 1150 242 1209 ltaliae
256 1147 350 1208 totius
364 1147 528 1208 auctoritas
543 1145 769 1223 repudiaretur,
789 1147 840 1206 alii
859 1146 1038 1209 nominatim
1052 1149 1143 1221 relega·

139 1239 257 1303 rentur,
271 1229 322 1289 alii
335 1239 418 1290 metu
428 1246 463 1289 ac
475 1231 609 1304 periculo
624 1238 820 1302 terrerentur,
836 1246 919 1289 arma
930 1239 1041 1291 essent
1052 1231 1142 1291 intem

141 1312 215 1386 plis,
238 1312 344 1372 armati
364 1311 396 1371 in
417 1312 498 1385 loro,
521 1329 620 1388 eaque
638 1328 699 1372 non
714 1310 832 1373 silentio
848 1314 1011 1373 consulum
1026 1313 1144 1376 dbsiuu

139 1396 286 1468 larentur,
311 1395 368 1454 sed
393 1401 424 1455 et
443 1410 521 1455 voce
541 1403 572 1456 et
593 1396 742 1456 sententia
762 1396 1052 1472 comprobarentur,
1072 1410 1145 1472 quun

126 1473 246 1538 'omnes
260 1476 364 1537 urbem
379 1478 513 1539 nondum
527 1477 662 1538 excisam
677 1485 707 1538 et
721 1495 874 1554 eversam,
896 1480 955 1540 sed
968 1477 1033 1540 iam
1048 1486 1146 1555 copon

139 1567 230 1636 atque
249 1576 431 1634 oppressam
453 1559 641 1634 videremus,
666 1570 766 1622 tamen
785 1561 833 1622 his
856 1561 947 1623 tantis
968 1561 1059 1624 malis
1073 1568 1150 1627 tacit

100 1694 104 1707 .
138 1643 287 1704 bonorum
308 1642 424 1715 studio,
446 1643 579 1718 iudices,
601 1643 834 1706 restitissemus:
860 1647 918 1705 sed
932 1661 983 1706 me
998 1645 1051 1707 alii
1066 1653 1166 1707 mebr-

135 1731 229 1802 atque
243 1726 320 1787 aliae
336 1742 427 1787 curae
443 1726 697 1801 suspicionesque
712 1734 878 1789 movomnt

218 1810 297 1870 XVI.
312 1807 363 1871 36.
383 1809 637 1884 Exponamenim
650 1809 797 1872 hodierno
812 1810 878 1885 die,
893 1810 1034 1887 iudices,
1047 1825 1148 1872 omnen

135 1890 283 1953 rationem
298 1891 368 1953 iacti
385 1900 415 1952 et
428 1891 547 1953 consilii
561 1892 635 1966 mei,
651 1904 751 1966 neque
760 1892 831 1954 huie
842 1902 947 1955 vestro
962 1902 1050 1957 tanto
1064 1891 1148 1975 studio

135 1974 279 2035 audiendi
297 1991 355 2035 nec
374 1991 448 2035 vero
467 1976 538 2036 huic
555 1983 655 2037 tantae
674 1975 870 2049 multitudini,
890 1985 1009 2052 quanta
1023 1994 1090 2040 mea
1101 1991 1149 2037 mc·

136 2056 232 2115 moria
246 2073 409 2132 numquam
428 2058 489 2117 ullo
511 2057 541 2118 in
557 2058 669 2118 iudicio
684 2059 753 2132 luit,
777 2060 880 2119 deero.
924 2059 1005 2121 Nam
1022 2061 1051 2122 si
1063 2059 1148 2137 egoin

136 2155 230 2200 causa
247 2147 305 2199 tarn
319 2141 416 2213 bona,
437 2149 519 2201 tanto
533 2141 635 2202 studio
651 2150 790 2215 senatus,
814 2158 970 2204 consensu
993 2142 1149 2205 taminare

135 2221 219 2283 dibili
238 2222 387 2282 bonorum
408 2224 556 2294 omnium,
578 2232 776 2299 temporalo,
799 2231 862 2285 tota
875 2225 1014 2301 denique
1028 2222 1150 2289 ltaliard

135 2320 255 2366 omnem
270 2305 492 2367 contentionem
507 2306 650 2382 expedita
664 2306 745 2368 cessi
759 2307 870 2368 tribuni
884 2308 1005 2384 plebis,
1026 2306 1148 2387 despice·

134 2387 242 2448 tissimi
262 2388 408 2459 bominis,
433 2387 541 2462 furori,
562 2389 889 2464 contemptissimorum
909 2395 1075 2456 consulum
1090 2389 1148 2453 leri

134 2477 224 2529 tatem
244 2472 464 2546 audaciamque
487 2470 641 2547 pertimui,
664 2472 787 2533 nimium
806 2491 855 2534 mc
875 2474 1033 2551 timidum,
1054 2474 1148 2539 anun

134 2550 239 2625 animi,
254 2552 364 2614 nullius
380 2554 499 2614 consilii
514 2556 609 2616 luisse
623 2557 785 2616 confiteor,
806 2554 856 2619 37.
875 2557 954 2631 Quid
970 2560 1055 2621 enim
1068 2555 1147 2620 sinito

134 2631 189 2694 luit
200 2633 232 2694 in
247 2634 281 2708 9.
292 2635 437 2697 Metello?
457 2637 544 2697 cuius
558 2653 682 2699 causam
697 2638 755 2699 etsi
771 2655 877 2700 omnes
892 2641 968 2701 boni
985 2643 1145 2719 probauit

133 2725 233 2777 tamen
254 2734 355 2791 neque
376 2727 501 2780 senatus
521 2721 642 2794 publice
662 2738 762 2795 neque
777 2723 857 2783 ullus
878 2726 955 2784 ordo
972 2725 1145 2802 propriane-

134 2816 193 2876 quc
205 2798 270 2861 suis
281 2799 411 2861 decretis
421 2802 505 2863 ltalia
517 2811 578 2864 tota
589 2812 777 2879 susceperat.
801 2806 851 2865 Ad
863 2822 951 2866 suam
964 2809 1048 2870 enim
1060 2821 1143 2885 quatu

132 2885 202 2944 darn
216 2881 313 2957 magis
328 2881 379 2945 ille
390 2885 517 2960 gloriam
534 2902 624 2960 quam
640 2887 679 2947 ad
695 2886 889 2962 perspicuam
903 2891 1037 2953 salutem
1050 2891 1091 2953 rei
1099 2903 1140 2964 pu
1173 2947 1177 2955 .

132 2967 229 3028 blicae
252 2975 316 3027 tum
342 2977 507 3041 spectarat,
535 2986 628 3044 quum
648 2988 726 3033 unus
748 2969 780 3031 in
799 2971 897 3047 legem
919 2974 1057 3048 pervim
1072 2975 1139 3035 utrm
1170 2980 1176 2989 ’

131 3049 231 3112 iurare
245 3052 398 3112 nolueram
425 3052 557 3126 denique
573 3052 731 3115 videbatur
749 3069 787 3114 ec
801 3054 986 3133 condiciopc
1001 3066 1061 3120 tam
1075 3050 1138 3117 torus

132 3132 243 3209 luisse,
267 3144 300 3196 ut
314 3150 382 3195 curn
403 3135 519 3210 patriae
534 3136 658 3198 caritate
674 3138 861 3199 constantiae
879 3137 1013 3213 gloriam
1030 3150 1137 3202 aomar

131 3221 215 3277 taret.
243 3217 315 3278 Erat
329 3226 495 3284 antemnas
509 3217 537 3279 ci
552 3234 620 3280 eum
634 3219 769 3281 exercitu
782 3219 814 3280 c.
824 3216 912 3281 Mani
923 3220 1054 3286 invictae
1066 3220 1135 3283 babo
1163 3216 1173 3299 ’ᾖ

131 3293 182 3354 bat
192 3296 344 3363 inimicum
357 3302 387 3361 0.
398 3302 540 3375 Marium,
556 3310 804 3364 conservatorem
815 3303 947 3381 patriae,
965 3316 1082 3369 sextum
1092 3301 1134 3363 ian
1161 3310 1167 3367 ξ

50 3440 54 3450 ,
130 3375 594 3459 ittumoonsutatumgerantem=
608 3392 812 3447 reseratcum
820 3385 1132 3463 L.Saturaino,itew
1159 3402 1177 3431 »·
