2356 3854
235 163 706 258 cnr.sr—so.s.ar-as.2
813 182 815 187 ’
904 186 945 255 ta
1005 187 1009 195 '

64 359 103 402 ,us
121 342 206 402 lurtis
222 347 313 416 atque
327 341 448 415 flagitiis
462 341 503 401 ita
517 358 656 414 moveor,
677 351 709 403 ut
729 359 765 402 ea
784 344 948 418 reprenen-

65 434 148 485 ntum
155 425 246 484 modo
256 431 370 499 putem:
383 423 510 483 hisvero
520 433 600 485 tanto
612 425 716 485 dolore
723 427 856 497 adficior,
866 426 947 487 ulni-

64 507 225 581 indignius,
238 506 415 566 nihilminns
428 508 583 567 ferendum
592 523 665 567 esse
676 507 823 568 videatur.
834 510 947 569 Verres

82 590 282 650 monumentis
301 589 423 649 domum
445 604 532 648 suam
553 593 673 663 plenam
695 592 806 665 stupri,
827 592 947 665 plenam

74 675 194 747 plenam
209 672 369 732 dedecoris
391 672 529 745 ornabit?
556 673 669 731 Verres
684 675 947 747 temperantissimi
1029 678 1037 695 ‘

64 756 174 830 imique
190 755 501 836 viri-monumentum,
515 754 629 813 Dianae
646 754 837 829 simulacrum
858 758 947 831 virgi·

64 855 92 897 ea
103 840 195 898 domo
205 836 374 909 collocabit,
398 837 428 895 in
447 853 507 910 qua
522 852 643 911 semper
659 837 848 898 meretricum
864 840 947 899 leno·

76 920 190 995 flagitia
206 927 387 981 versanturl

64 1004 140 1061 XIX.
162 1001 212 1064 st.
242 1004 282 1062 At
301 1003 360 1060 hoc
382 1004 478 1062 solum
493 1000 627 1060 Africani
642 1009 867 1061 monumentum
881 1002 947 1062 vio·
1043 1033 1045 1039 ·

67 1086 126 1155 aid,
141 1102 160 1145 a
176 1084 387 1160 Tyndaritanis
402 1101 462 1144 oon
477 1083 613 1145 eiusdem
629 1083 783 1158 Scipionis
797 1085 947 1146 beneficio

79 1167 271 1227 simulacrum
286 1167 425 1226 Mercurii
439 1167 639 1242 pulcherrime
654 1167 764 1227 lactum
781 1167 949 1228 sustulistis

64 1269 77 1310 n
92 1252 131 1309 ad
147 1251 282 1321 modum,
309 1251 339 1308 di
358 1250 555 1310 immortales!
579 1266 667 1325 quam
682 1251 841 1322 audacter,
858 1267 947 1326 quam

64 1350 106 1404 se,
124 1349 214 1407 quam
229 1332 431 1405 impudenter!
454 1333 591 1392 Audistis
603 1349 699 1408 nuper
714 1334 816 1393 dicere
831 1335 946 1408 legatos

64 1425 169 1487 tanos,
190 1416 327 1477 homines
341 1415 572 1476 honestissimos
590 1432 625 1475 aa
641 1416 794 1491 principes
810 1416 947 1491 civitatis,

64 1517 125 1569 am,
140 1498 192 1572 qui
210 1498 304 1557 sacris
320 1498 533 1558 anniversariis
551 1500 633 1581 apud
653 1517 708 1559 eos
724 1515 760 1558 ac
776 1515 891 1559 summa
901 1515 947 1558 re·

64 1583 222 1654 solaretur,
246 1597 334 1654 quem
348 1581 379 1639 P.
393 1582 553 1640 Alricanus
567 1582 751 1656 Karthagine
766 1591 855 1656 capta
869 1580 947 1656 Tyn-

64 1681 72 1722 s
95 1681 156 1722 non
178 1666 276 1723 solum
291 1680 365 1723 suae
380 1663 539 1734 victoriae,
568 1664 623 1723 sed
641 1663 729 1722 etiam
743 1658 861 1722 illorum
877 1664 948 1721 lidei

64 1763 147 1820 sque
169 1755 392 1805 monumentum
413 1754 505 1818 atque
524 1745 666 1803 indicium
684 1744 833 1816 dedisset,
858 1745 948 1802 huius

64 1846 100 1888 :re
116 1828 304 1904 imperioque
315 1844 386 1887 esse
396 1828 553 1887 sublatum.
579 1827 633 1898 Qui
644 1834 677 1897 ut
688 1825 816 1900 primum
829 1824 860 1883 in
875 1825 949 1884 illud

64 1931 75 1970 ι
90 1913 180 1983 venit,
197 1911 305 1983 statim,
315 1919 468 1985 tamquam
480 1911 520 1968 ita
529 1908 595 1967 lieri
607 1925 667 1967 non
679 1909 775 1968 solum
788 1915 948 1982 oporteret,

64 2012 88 2052 m
104 2008 233 2053 necesse
249 2001 345 2064 esset,
371 2002 522 2067 tamquam
544 1988 602 2050 hoc
623 1999 747 2050 senatus
764 1992 946 2063 mandasset,

78 2080 232 2137 Romanus
246 2075 396 2147 iussisset,
412 2075 452 2134 ita
467 2075 624 2144 continuo,
643 2073 760 2147 signum
774 2083 807 2133 ut
824 2072 948 2132 demoli-

64 2160 257 2220 tllllessanam
276 2154 478 2233 deportarent,
493 2156 660 2232 imperavit.
688 2154 738 2217 85.
753 2157 841 2229 Quod
856 2172 947 2231 quum

64 2244 217 2315 aderant,
234 2241 403 2315 indignum,
421 2240 473 2315 qui
488 2240 659 2311 audiebant,
675 2239 851 2300 incredibile
864 2238 947 2296 vide-

64 2343 116 2385 ron
133 2334 180 2384 est
194 2325 231 2383 ab
248 2325 322 2395 isto,
348 2324 444 2399 primo
467 2324 518 2383 illo
539 2325 687 2395 adventu,
710 2328 947 2397 perseveratum.

64 2426 99 2467 ns
121 2409 243 2466 mandat
265 2422 416 2481 proagoro
436 2407 581 2480 Sopatro,
603 2405 689 2464 cuius
704 2402 797 2462 verba
812 2400 948 2475 audistis,

64 2491 174 2550 aliatur.
214 2491 310 2562 Quum
335 2497 503 2562 recusaret,
529 2484 722 2547 vehementer
742 2486 878 2546 minatur.
913 2485 950 2544 Et

65 2573 150 2631 xilla
168 2573 281 2647 oppida
297 2571 508 2645 proficiscitur.
539 2571 642 2630 Relert
661 2584 724 2629 rem
739 2569 788 2629 ille
807 2570 847 2628 ed
861 2580 943 2628 sena·

64 2656 218 2713 hementer
233 2655 367 2728 undique
383 2657 570 2714 reclamatur.
593 2655 636 2713 Ne
651 2655 757 2725 multa,
770 2650 876 2712 lterum
891 2651 949 2711 iste

73 2737 227 2812 aliquanto
243 2736 419 2812 postvenit,
435 2736 551 2812 quaerit
564 2737 705 2796 continuo
721 2737 758 2794 de
774 2734 871 2808 signo.
890 2736 949 2793 Re-

64 2838 97 2879 ur
114 2820 141 2879 ei
164 2829 299 2885 senatum
321 2837 380 2879 non
399 2819 583 2894 permittere:
605 2835 734 2893 poenam
755 2816 862 2890 eapitis
878 2831 949 2874 eon·

64 2949 70 2972 ,
88 2902 115 2961 si
130 2902 247 2962 iniussu
259 2912 382 2963 senatus
394 2903 555 2978 quisquam
566 2901 729 2976 attigissem
745 2899 833 2958 simul
844 2895 949 2968 religio

64 2980 192 3046 noratur.
227 2986 301 3045 'lum
320 2987 400 3045 iste=-
420 2985 513 3057 Quam
537 2983 609 3043 mihi
628 2983 804 3057 reilgionem
824 2983 951 3036 narrasl

68 3075 198 3127 oenamt
224 3084 314 3142 quem
338 3066 496 3127 senatum?
516 3066 615 3125 vivum
636 3073 667 3125 te
686 3076 746 3123 non
767 3061 949 3134 relinquam:

75 3151 184 3225 virgis,
211 3151 270 3210 nisi
291 3150 361 3208 milri
383 3150 502 3223 signum
523 3146 657 3207 traditur.
696 3145 825 3218 Sopater
843 3143 951 3203 iterum

64 3237 72 3292 l
95 3242 233 3294 senatum
252 3249 315 3292 rem
339 3232 449 3304 defert,
477 3230 565 3289 istius
587 3227 779 3302 cupiditatem
792 3225 950 3301 minasque

64 3326 126 3378 trat.
161 3317 291 3376 Senatus
313 3315 442 3389 Sopatro
463 3326 644 3386 responsum
665 3311 778 3370 nullum
804 3311 869 3381 dat,
895 3309 952 3368 sed

64 3418 99 3459 us
117 3403 368 3474 perturbatusque
382 3394 518 3456 discedit.
551 3394 605 3454 llle
621 3393 770 3468 praetoris
785 3392 951 3456 arcessitus

842 3565 1006 3636 '1
