2356 3854
122 169 187 235 402
358 162 430 223 PRO
446 162 549 224 REGE
564 161 758 223 DEIOTARO
774 163 932 224 ORATIO.

123 318 263 386 habebat,
278 322 309 375 te
319 313 452 374 solutum
462 313 589 374 Romam
601 312 747 386 mittebat,
766 312 819 387 qui
831 313 943 386 eadem
958 315 1065 389 scires,
1079 334 1139 393 quac

122 401 193 461 ilios
208 396 287 458 scire
304 395 405 455 dicist

131 540 136 549 s
183 481 262 540 vill.
274 478 402 554 Reiique
412 493 486 553 pers
499 477 705 539 accusationis
720 479 836 552 duplex
852 478 924 539 tuit:
940 498 1004 541 una
1017 484 1138 556 regcmiu

123 563 258 640 speculis
273 561 370 622 fuisse
385 576 515 636 semper,
532 576 625 637 quum
639 578 658 621 a
671 570 702 621 te
716 561 816 620 animo
831 571 920 623 esset
929 564 1052 633 atiena,
1067 566 1139 625 uun

123 647 289 709 exercitum
304 660 373 704 euin
389 653 494 706 contra
507 651 541 705 te
552 661 695 720 magnum
710 660 921 720 comparasse.
960 648 1009 707 De
1026 648 1140 708 exercit

123 730 223 790 diuam
238 726 380 801 breviter,
395 736 428 788 ut
441 735 571 788 camera.
613 729 783 802 Numquam
797 740 853 788 eas
865 727 983 803 copias
997 746 1054 790 rex
1069 731 1139 790 Deio

121 821 206 873 tanus
219 812 340 884 habuit,
360 811 473 886 quibus
494 811 606 870 inferre
626 811 740 870 betium
754 811 869 887 populo
883 813 1030 874 Romano
1045 823 1140 888 posset

122 896 179 956 sed
192 894 305 971 quibus
321 894 399 954 fines
414 910 490 954 suos
504 893 543 953 ab
557 892 790 954 excursionibus
803 902 833 954 et
845 895 1019 956 latrociniis
1030 895 1139 958 hostium

121 987 255 1040 tueretur
269 985 300 1038 et
309 975 546 1051 imperatoribus
553 977 669 1037 noscis
683 976 798 1036 auxilia
812 975 954 1039 mitteret.
987 982 1088 1053 Atque
1098 994 1138 1040 aa·

121 1071 171 1124 tea
186 1060 310 1137 quidem
325 1057 459 1120 maiores
471 1057 580 1134 copias
597 1061 686 1120 aiere
702 1067 836 1134 poterae
855 1077 939 1121 nunc
959 1063 1088 1138 exigam
1101 1062 1138 1122 vix

122 1144 200 1206 tuen
211 1150 322 1220 potest
343 1139 394 1201 2³.
400 1144 441 1202 At
455 1142 537 1203 misit
551 1141 656 1203 nescio
673 1143 815 1218 quemad
827 1142 1013 1205 Caecilium=
1025 1147 1137 1218 sedeas,

91 1272 95 1281 .
122 1241 201 1302 quos
222 1224 317 1298 misit,
338 1226 421 1300 quod
446 1226 490 1285 ire
510 1227 687 1299 notuerunt,
706 1224 737 1285 ia
758 1226 880 1286 vincula
900 1227 1045 1290 coniecit
1086 1229 1138 1290 ron

122 1322 237 1385 quaero
255 1324 347 1382 quam
361 1307 428 1369 veri
442 1308 542 1369 simite
562 1308 602 1369 sit
615 1317 667 1369 aut
679 1308 826 1370 habuisse
842 1325 949 1385 regem
966 1328 1050 1387 quos
1062 1312 1137 1372 uitta

120 1399 307 1464 retentem,
321 1389 373 1467 qui
387 1390 474 1452 missi
488 1401 602 1463 essent,
618 1408 680 1461 noa
694 1392 842 1466 petuisse,
858 1402 921 1466 aut,
937 1397 995 1469 qui
1009 1394 1087 1456 dicto
1099 1411 1137 1455 eu

121 1472 239 1535 dientes
249 1475 280 1532 in
294 1472 377 1536 tauta
389 1490 424 1534 re
438 1489 499 1534 non
510 1473 653 1548 inissent,
669 1491 724 1535 eos
739 1474 860 1536 vinctos
875 1475 985 1550 potius
998 1494 1086 1553 quam
1099 1493 1137 1537 oc·

121 1564 217 1618 natos.
260 1557 324 1618 Sei
342 1566 444 1619 umen
466 1575 559 1633 quum
572 1559 612 1618 ad
628 1557 789 1620 Caecilium
801 1558 956 1633 mittebat,
971 1569 1072 1622 utrum
1084 1577 1138 1621 aaa·

107 1653 187 1702 eam
202 1640 283 1701 illem
301 1641 411 1703 victam
425 1657 496 1702 esse
511 1642 667 1703 nesciebat
679 1658 718 1701 an
728 1641 891 1703 Caecilium
904 1641 1003 1705 istum
1017 1658 1138 1720 magum

120 1724 274 1786 hominem
294 1725 440 1800 patabatt
455 1741 546 1800 quern
563 1727 700 1798 protecto
718 1725 760 1800 is,
776 1724 955 1801 qnioptime
964 1727 1138 1790 nostrosho

121 1807 217 1870 mines
229 1809 329 1883 mut,
344 1809 394 1869 vel
411 1808 483 1885 quia
496 1818 605 1870 nosset
617 1810 670 1868 uel
686 1807 830 1882 quianon
845 1810 968 1884 nosset,
984 1821 1139 1873 contentae

155 1888 275 1954 A&
302 1888 397 1953 Adoit
424 1891 514 1952 etiam
536 1892 626 1965 iilud,
645 1890 765 1965 equites
787 1907 847 1952 non
862 1892 1009 1988 ,optimos
1025 1895 1139 1966 misisse,

120 1975 264 2046 Veteres,
287 1977 396 2047 eredo,
410 1975 538 2036 caesar
557 1975 632 2035 nihii
646 1974 687 2034 ad
701 1983 793 2037 tuum
799 1973 988 2050 equitatum,
1006 1980 1066 2040 sed
1077 1977 1141 2037 misit
1177 2032 1178 2039 ,

120 2070 160 2117 ex
173 2056 227 2130 iis,
240 2072 325 2133 quos
337 2057 457 2131 habuit
473 2061 598 2120 eleetos.
613 2057 686 2119 Art
681 2056 796 2131 neema
812 2074 905 2132 quern
920 2075 963 2120 ex
978 2078 1017 2122 eo
1033 2074 1139 2122 numam

120 2151 245 2201 servum
267 2140 439 2202 iudicatum.
492 2141 559 2201 Non
580 2134 809 2233 arbitrnrnou
829 2141 950 2202 audivi:
976 2144 1065 2205 sed
1056 2162 1088 2204 ru
1104 2157 1139 2214 eo,

120 2222 249 2286 etiamsi
261 2224 435 2297 accidisset,
450 2226 585 2299 culpem
582 2223 668 2299 regis
678 2210 794 2293 assum
810 2224 908 2285 inisse
925 2228 1099 2289 arbitrarer

182 2307 231 2366 lX
256 2307 366 2369 Aiicno
381 2317 482 2369 autem
503 2324 521 2367 a
536 2316 569 2368 te
589 2308 689 2368 animo
712 2324 773 2383 quo
786 2308 880 2368 modo
898 2307 981 2371 iuitt
1006 2306 1136 2408 Speratit

121 2391 223 2463 uredo,
235 2391 375 2453 difficiles
388 2391 442 2451 trbr
449 2392 660 2452 Alexandreae
672 2393 737 2450 iore
748 2392 853 2451 exitus
857 2401 991 2466 propter
1001 2395 1138 2470 regionum

120 2479 256 2535 naturam
275 2485 306 2535 et
326 2468 471 2535 fluminis.
515 2478 554 2535 At
571 2490 610 2534 eo
635 2483 771 2614 campsore
790 2474 860 2548 ipsa
884 2477 1054 2549 pecuniam
1066 2473 1137 2542 deut

120 2556 286 2617 exercitum
300 2557 423 2630 aluit,
397 2575 434 2632 er,
450 2572 540 2633 quem
552 2558 627 2618 Asia
637 2572 711 2632 pree
713 2558 840 2629 f‚eceras
855 2554 888 2616 iu
900 2561 990 2620 nulla
1003 2578 1040 2621 re
1055 2555 1137 2620 deici

119 2637 185 2698 'libi
198 2638 306 2700 victori
320 2654 382 2700 non
398 2640 498 2701 solum
508 2641 548 2701 ed
558 2638 737 2715 nospitium,
756 2640 813 2700 sed
826 2639 865 2699 ad
876 2641 1054 2715 periculum
1065 2641 1136 2703 ean
1175 2669 1178 2684 ν

119 2726 212 2797 etque
230 2724 272 2782 ad
296 2723 392 2783 aciem
411 2731 535 2800 praesto
548 2724 615 2784 tuit.
652 2721 709 2784 25.
725 2724 868 2784 Secutum
884 2734 934 2783 ast
946 2726 1062 2788 betium
1075 2718 1134 2784 Aii-

119 2816 237 2871 cauum.
287 2805 404 2867 Graves
435 2808 474 2867 de
497 2816 527 2868 te
556 2820 710 2868 rumorosi
744 2805 796 2880 qui
822 2804 913 2866 etiam
942 2809 1090 2871 Arriosum
1111 2803 1135 2863 i·
1174 2849 1178 2862 .

118 2893 181 2952 lanu
204 2889 366 2951 caecilium
392 2892 608 2951 excitaremus
658 2889 723 2963 Quo
747 2896 811 2950 tum
834 2904 896 2949 rex
911 2901 1042 2966 engere
1055 2888 1133 2952 esino

119 2976 195 3036 iuti
213 2973 268 3050 qui
282 2970 480 3035 auctionatus
489 2975 529 3035 sit
537 2983 572 3034 et
591 2988 630 3033 se
644 2982 674 3034 et
686 2970 782 3033 filiurn
796 2988 885 3032 suum
900 2975 1132 3050 exspatiemur
1174 3003 1177 3028 ι

120 3057 208 3118 luerit
220 3071 311 3133 quam
328 3057 381 3118 tibi
397 3055 556 3132 pecuniam
574 3072 635 3116 nou
650 3055 888 3120 subministrare.
925 3059 970 3118 At
987 3060 1036 3130 eo,
1051 3050 1132 3130 inqu't

120 3146 257 3214 tempore
281 3136 353 3217 ipso
374 3141 515 3223 Nicaeam
534 3140 752 3214 Ephesumque
777 3138 915 3199 mittebat
939 3141 997 3216 qui
1019 3148 1131 3202 marces
1175 3172 1176 3193 ι

64 3246 67 3251 ·
121 3221 282 3284 Ameanos
308 3222 486 3299 exciperent
514 3231 545 3283 et
566 3223 704 3282 celeriter
721 3223 761 3281 ad
782 3239 817 3282 se
832 3223 996 3285 referrent
1050 3225 1131 3293 tuqui
1176 3257 1178 3280 ι

121 3316 215 3375 quum
237 3316 321 3367 esset
344 3307 372 3366 ei
391 3305 564 3377 nunciatam
578 3304 739 3366 Domitium
757 3305 915 3379 nauuagio
930 3307 1063 3382 perisse,
1076 3299 1129 3362 teia
1176 3337 1178 3346 ‚
