2384 3854
466 192 746 254 ARGUMENTUM.
831 194 835 215 '
1053 188 1117 258 ³37
1145 194 1167 245 s

84 344 143 408 ipse
166 344 242 392 otiam
267 357 370 393 cauum
389 344 444 393 eins
461 345 513 409 egit
528 344 560 393 ud
578 343 708 408 populum.
734 343 855 393 Dicebant
872 352 977 407 uterque
995 343 1082 394 Miloni
1102 358 1117 396 a

83 410 176 460 Gladio
194 406 273 460 notas
288 422 345 460 esse
363 412 476 463 insidias.

152 478 257 527 Flebant
271 479 368 528 interea
384 479 429 528 nili
446 488 477 528 eit
491 477 547 527 eliis
563 477 709 542 interreges,
728 480 770 538 qui
788 481 891 528 comitia
907 488 939 530 co
997 481 1115 545 triaprc·

84 553 141 610 pter
163 558 250 595 eorum
275 547 462 596 candidatorum
483 544 604 595 tumuitus
620 552 646 592 et
668 544 782 594 eumdem
807 555 909 596 manum
931 556 946 597 a
986 556 1052 597 atem
1070 548 1116 598 ho-

84 617 144 664 berc
162 625 213 662 non
229 621 352 677 poterunt.
386 617 472 677 Itaque
489 615 570 679 primo
588 608 681 662 ndum
697 619 749 661 erat
765 610 792 668 8.
809 613 846 673 G„
864 622 892 664 ut
906 615 1016 665 interrex
1030 624 1055 666 ct
1072 619 1116 681 tri-

83 683 146 733 buni
164 681 245 746 piebis
258 691 284 730 et
303 680 346 731 Gn.
365 682 508 746 Pompeius,
525 682 569 744 qul
582 690 628 745 pro
644 678 747 729 consule
765 681 798 732 ad
815 683 903 730 unbem
920 690 987 741 erat,
1004 684 1116 734 viderent

83 764 117 799 ne
138 749 201 811 quid
216 750 358 799 detrimenti
376 750 535 814 respublica
552 753 667 812 moeret,
688 748 796 797 dilectus
815 756 897 798 autern
915 748 1047 814 Pompeius
1065 760 1116 801 tota

82 817 157 866 italia
179 816 291 868 haberet.
326 817 374 877 Qui
396 830 474 879 quum
496 828 596 866 summa
617 814 745 865 celeritate
767 817 921 880 praesidium
938 829 1115 884 comparasset,

83 884 277 950 postulaverunt
301 886 369 949 apud
392 898 450 934 eum
468 885 590 934 familiam
612 885 727 948 Milonis,
751 885 810 933 item
828 883 935 934 Faustae
955 890 1043 935 uxoris
1063 890 1115 936 eius

83 952 254 1002 exhibendam
265 954 314 1002 dno
322 952 509 1012 adolescentuli,
526 955 568 1015 qui
578 953 655 1016 Appii
664 951 843 1002 Glandiiambb
861 953 1058 1017 appellabantur,
1074 956 1116 1018 qui

84 1028 156 1070 erant
171 1018 199 1072 G.
214 1018 312 1070 Claudii
329 1021 389 1080 liiii,
410 1020 454 1082 qul
478 1021 553 1070 irater
569 1020 650 1070 luerat
669 1019 768 1081 Clodii,
780 1029 804 1068 et
821 1021 852 1069 ob
869 1021 896 1072 id
914 1021 951 1070 ilii
969 1022 1053 1085 patrui
1076 1022 1117 1071 sul

83 1096 200 1148 mortem,
220 1089 287 1137 velut
303 1096 404 1138 auctore
422 1088 507 1150 matre,
523 1089 745 1153 persequebantur.
780 1089 886 1138 Easdem
906 1089 1012 1138 Faustae
1030 1095 1054 1138 et
1071 1088 1116 1138 bii—
1147 1092 1153 1101 '

83 1157 148 1206 ionis
164 1155 273 1206 familias
289 1157 477 1220 postulaverunt
491 1157 540 1206 duo
555 1156 658 1213 Valerii,
672 1155 755 1220 Nepos
773 1164 797 1204 et
810 1157 871 1217 Leo,
888 1165 913 1206 et
930 1158 960 1207 L.
978 1156 1116 1206 Herennius

83 1224 189 1274 Balbus.
212 1226 239 1274 P.
260 1223 341 1273 Clodii
358 1236 460 1286 quoque
477 1224 599 1273 familiam
616 1232 641 1272 et
660 1226 779 1274 counitum
797 1226 851 1273 eine
872 1224 1013 1290 postulavit
1027 1226 1116 1275 tndem

80 1296 197 1357 mmpora
209 1291 321 1341 Caeliusr
339 1293 460 1341 lumiliam
472 1292 624 1357 Hypsaeiet
638 1293 667 1350 Q.
685 1292 797 1356 Pompeii
813 1294 950 1356 postulavit
960 1327 1046 1345 ......
1064 1294 1116 1342 Ad·

82 1359 187 1409 hmani
201 1361 287 1409 idiloni
307 1360 336 1418 Q.
352 1361 509 1424 Hortensius,
528 1361 561 1410 nt.
578 1359 673 1421 Cicero,
691 1356 724 1412 nt.
736 1360 877 1421 Marcellus,
894 1362 928 1414 bi.
948 1356 1067 1421 Calidius,
1079 1360 1114 1410 11.

82 1427 159 1489 Octo,
181 1427 287 1476 Faustus
311 1427 390 1478 Sulla.
425 1429 507 1478 Verba
526 1444 607 1494 panca
632 1427 661 1487 Q.
677 1429 826 1479 Hortensius
848 1429 926 1478 dixitt
948 1429 1040 1479 liberos
1060 1438 1115 1479 esse

82 1509 140 1555 eos,
166 1497 209 1556 qul
223 1508 272 1560 pro
288 1498 367 1545 servis
390 1496 590 1560 postularentur.
610 1506 667 1545 nain
687 1500 744 1562 p'ost
763 1505 889 1546 recentem
912 1498 1016 1547 caedem
1040 1510 1115 1546 mauu

81 1565 186 1613 miserat
203 1579 247 1612 eos
263 1564 323 1613 biiio
341 1565 388 1614 sub
406 1563 455 1613 huo
476 1565 565 1623 titulo,
588 1562 655 1627 qnod
679 1572 753 1629 caput
771 1572 843 1614 suum
862 1565 906 1614 ulti
923 1573 1014 1616 essent.
1049 1565 1115 1614 Haec

81 1633 224 1696 agebantur
246 1646 331 1682 mense
354 1632 503 1681 intercalari.
540 1633 600 1682 Post
615 1634 682 1682 diem
701 1635 859 1696 trigesimum
874 1633 944 1690 iere,
969 1642 1044 1694 quam
1063 1639 1116 1681 erat

82 1698 188 1749 Clodius
206 1701 318 1765 occisus,
341 1701 374 1748 111.
394 1699 507 1748 Metellus
525 1699 610 1764 Scipio
638 1702 663 1749 in
692 1708 779 1749 senatu
802 1707 888 1750 contra
910 1700 942 1748 M.
963 1699 1114 1763 Caepionem

81 1775 235 1830 conquestus
255 1775 302 1830 est,
321 1782 351 1817 ac
367 1769 398 1817 de
416 1768 493 1816 caede
507 1768 534 1820 Ρ.
552 1768 632 1817 Olodii
652 1768 743 1817 laisum
759 1780 815 1816 esse
834 1768 906 1825 dixit,
921 1767 988 1828 quod
999 1767 1058 1816 Milo
1078 1766 1115 1816 sic

81 1849 109 1885 se
133 1835 281 1888 detenderet
307 1873 377 1890 .....
407 1833 520 1884 Clodium
543 1837 659 1884 Aricinos
682 1836 830 1884 decuriones
859 1834 1011 1896 adloquendi
1033 1837 1115 1900 gratia

82 1904 185 1960 obbae,
202 1904 348 1968 protectam
364 1914 420 1952 cum
436 1916 482 1952 sex
498 1918 528 1952 ac
542 1904 633 1969 viginti
645 1904 739 1951 servis:
759 1901 876 1952 Milonem
896 1902 978 1951 subito
997 1910 1054 1966 post
1071 1903 1115 1952 ho·

80 1984 136 2021 mm
160 1980 276 2033 quartam
298 1978 386 2021 senatu
406 1972 484 2019 misso
507 1986 565 2021 oum
587 1973 667 2021 servis
692 1971 800 2036 amplius
824 1973 941 2020 trecentis
966 1972 1066 2020 armatis
1084 1972 1126 2027 ob,

80 2042 151 2090 ticin
169 2039 194 2088 cl
210 2041 385 2099 contendisse,
407 2047 431 2088 et
450 2052 526 2103 supra
540 2040 650 2089 Bovillas
668 2041 839 2104 inopinantem
863 2041 889 2088 in
906 2040 994 2089 itinere
1012 2039 1114 2105 adgres-

80 2120 153 2167 sum:
169 2108 206 2156 ibi
224 2110 252 2158 P.
268 2104 382 2158 Clodium
400 2108 479 2156 tribus
497 2109 641 2158 vulneribus
664 2110 771 2172 acceptis
794 2107 906 2156 Bovillas
923 2107 1058 2172 perlatum,
1077 2114 1114 2156 ta-

79 2176 200 2235 bernam,
217 2176 243 2224 in
262 2180 336 2239 quam
349 2175 505 2240 profugerat,
525 2183 695 2242 expugnatum
714 2176 848 2225 abitione:
869 2178 1043 2225 semianimem
1060 2173 1115 2223 Glo-

79 2245 152 2294 diunt
167 2250 307 2293 extractum
324 2246 350 2294 in
365 2245 406 2293 via
422 2246 506 2308 Appia
522 2247 631 2295 occisum
647 2245 879 2306 esse‚'enulnmque
896 2245 949 2293 eius
966 2244 988 2292 ei
1002 2243 1117 2291 morienti

78 2318 237 2362 extractum:
262 2313 352 2362 deiude
375 2311 506 2373 Milonem,
533 2328 609 2375 quum
636 2315 712 2361 sciret
731 2313 757 2360 in
775 2313 871 2361 Albano
889 2310 1115 2376 parvulumiiiium

78 2379 173 2440 clodii,
193 2382 292 2428 venisse
309 2383 342 2431 ad
356 2380 451 2439 uillam,
471 2390 494 2430 et
510 2396 587 2443 quum
596 2376 659 2445 pne'r
676 2387 733 2429 ante
744 2382 886 2429 subtractus
905 2389 980 2440 esset,
1000 2386 1114 2428 exserto

77 2448 200 2498 Halicore
214 2451 387 2510 qucesticnem
402 2451 438 2497 ita
452 2450 584 2509 habuisse,
612 2459 639 2498 ut
657 2460 713 2497 euin
732 2449 882 2498 articulatim
902 2453 1057 2497 consecaret:
1079 2448 1115 2495 vi-

76 2516 160 2566 licum
174 2523 305 2579 praeterea
323 2529 347 2567 et
366 2517 430 2566 duos
447 2532 534 2566 seruos
553 2515 695 2582 iugulasse:
714 2530 745 2566 ex
757 2517 844 2566 *servis
860 2515 955 2577 Clodii,
975 2516 1018 2578 qui
1036 2515 1116 2564 domi·

76 2593 141 2635 num
157 2580 329 2643 defenderint,
352 2585 467 2633 undecim
488 2600 544 2635 esse
561 2586 718 2635 interlectos:
743 2585 829 2634 Miloni
845 2586 907 2635 duos
933 2583 1002 2634 solos
1017 2584 1115 2632 saucios
1160 2632 1162 2636 ,

77 2652 164 2703 laetos
177 2662 252 2701 ,esser
269 2653 300 2702 ob
319 2666 383 2715 quae
395 2651 514 2700 Milonem
526 2662 626 2716 postero
642 2656 683 2704 nie
698 2654 831 2704 duodecim
841 2666 935 2711 servos,
952 2654 994 2716 qul
1009 2652 1116 2701 maxima

75 2730 187 2786 operam
200 2727 342 2776 necassent,
360 2734 436 2769 manu
452 2721 568 2783 misisse,
587 2722 730 2785 populoque
745 2723 857 2771 tributim
874 2721 973 2786 singula
992 2720 1059 2768 miiic
1075 2733 1116 2768 ae·

76 2790 113 2838 ris
132 2788 168 2836 ad
186 2787 358 2838 defendendos
375 2789 406 2837 de
426 2803 453 2836 se
472 2798 586 2837 rumores
603 2790 712 2838 dedisse.
736 2789 797 2838 Milo
813 2791 913 2838 misisse
932 2790 965 2838 ad
983 2786 1027 2839 On.
1041 2789 1117 2835 Pom-

74 2858 167 2923 peium
183 2855 322 2916 dicebatur,
337 2857 405 2918 quod
416 2856 530 2921 Hypsaeo
543 2866 641 2905 summe
656 2857 785 2912 studebat,
799 2857 866 2918 quod
878 2857 961 2905 iuerat
973 2857 1027 2903 eius
1041 2865 1116 2915 qnae·

75 2932 153 2989 sior,
173 2924 297 2973 desistere
315 2938 342 2972 se
360 2924 481 2988 petitione
496 2923 657 2982 consulatus,
682 2925 705 2972 si
723 2924 758 2971 ita
776 2924 800 2971 ei
817 2925 950 2972 videretur:
969 2922 1117 2985 Pompeium

75 2991 369 3056 impendisse-nemini
385 3004 412 3040 se
431 3004 513 3054 neque
530 2992 630 3054 petendi
646 3006 726 3053 neque
743 2991 880 3039 desistendi
903 2999 1028 3038 auctorem
1039 3018 1042 3025 =
1052 3002 1116 3045 esse,

74 3072 166 3123 neque
185 3058 276 3122 populi
294 3061 400 3108 iiomani
424 3064 573 3123 potestatem
597 3065 639 3107 aunt
662 3057 795 3108 consilium
816 3065 860 3107 eut
873 3058 1022 3106 sententiam
1039 3056 1115 3103 inter-

72 3128 258 3195 uncturum·
275 3128 372 3176 Deinde
390 3138 436 3191 per
450 3126 475 3175 G.
495 3127 629 3186 Lucillum,
643 3128 685 3188 qui
699 3132 802 3189 propter
814 3124 848 3173 Μ.
867 3123 991 3173 Ciceronis
1009 3123 1117 3175 familia·

72 3196 184 3247 ritatem
204 3199 299 3245 amians
316 3204 368 3245 erat
385 3194 487 3254 Miloni,
509 3196 592 3260 egisse
609 3206 707 3256 quoqne
725 3193 868 3256 dicebatur,
883 3206 914 3240 ne
929 3204 957 3241 sa
974 3192 1006 3242 de
1021 3191 1071 3241 hae
1089 3206 1116 3241 re

76 3263 243 3317 walando
259 3265 355 3314 invidia
372 3270 495 3315 oneraret.
1057 3262 1064 3273 ‘
1151 3281 1153 3287 ·

148 3332 218 3380 Inter
231 3330 295 3381 haec
311 3341 387 3394 quum
406 3324 571 3380 erebresceret
582 3345 675 3389 rumor,
693 3326 739 3380 On.
754 3328 901 3393 Pompeium
916 3328 995 3377 creari
1012 3328 1115 3378 dictato-

70 3406 135 3449 rern
165 3406 298 3463 oportere,
317 3412 398 3462 aeque
425 3398 496 3448 aliter
516 3399 583 3449 mais
608 3399 717 3449 civitatis
741 3397 824 3448 sedari
851 3411 941 3461 posse,
966 3397 1048 3446 visum
1079 3401 1117 3444 est

156 3480 212 3524 c1c.
230 3480 320 3526 osan.
890 3462 932 3527 22
