2356 3854
123 159 188 225 aaa
422 130 853 225 raonsnma'oaano.

210 312 315 371 xxiv.
328 310 380 372 ol.
400 311 456 370 Hic
472 321 505 372 tu
520 313 681 388 epistolam
693 330 792 373 meam
807 327 904 385 saepe
916 310 1040 381 rectas,
1052 318 1121 382 quau
1159 307 1162 316 '

127 412 185 470 ego
200 395 240 454 ad
255 393 307 453 Cn.
322 393 498 468 Pompeium
512 397 551 455 de
571 395 647 455 meis
665 396 758 456 rebus
770 394 866 469 gestis
886 401 918 453 et
931 392 1123 456 de‘sttmnttlt
1160 408 1168 447 ,ι

127 477 250 553 publica
263 475 346 548 misi,
368 485 399 535 et
417 492 455 535 ex
476 493 514 536 ea
528 478 640 538 crimen
655 477 781 552 aliquod
796 478 827 535 in
839 475 870 534 P.
886 474 1004 534 Sullam
1015 471 1124 547 quaeris,
1160 491 1168 530 ⁵

128 569 166 630 et,
180 559 207 618 si
223 560 354 619 imorem
369 557 576 620 incredibilem
592 560 714 620 biennio
728 568 800 619 ante
812 565 996 630 conceptum
1009 552 1125 628 erupiat
1160 555 1168 611 i

126 643 157 700 in
171 658 239 701 meo
250 642 410 701 consulatu
423 641 543 716 scripsi,
560 658 608 701 me
618 643 678 703 boc
688 643 916 703 demonstrasse
929 638 1022 710 dicis,
1035 636 1126 728 Sallen
1161 653 1168 694 ι

127 723 157 785 in
175 724 224 783 illa
239 723 335 783 luisse
349 725 506 797 superiore
520 725 736 786 coniuratione.
764 722 887 784 Scilicet
899 737 959 795 ego
974 720 1003 779 is
1017 735 1081 780 snm
1091 733 1127 793 qu
1162 736 1168 775 ι

85 810 89 821 ’
126 806 294 866 existimem
308 807 361 866 cn.
375 806 515 866 Pisonem
535 815 566 866 et
580 806 735 866 Catilinam
754 816 785 866 et
799 802 1022 878 Vargunteium
1042 802 1127 863 etan
1162 797 1168 860 l

126 890 255 949 tranium
270 888 341 947 nibil
355 891 511 960 scelerate,
528 887 602 948 nihil
620 892 764 949 audacter
777 888 863 962 ipsos
877 902 935 962 per
952 900 1025 945 sese
1038 883 1099 945 sine
1108 882 1128 940 l.
1163 900 1168 940 ι

127 971 211 1032 Sulla
231 972 332 1031 lacere
348 971 494 1044 potuisse.
535 970 587 1033 68.
608 972 653 1031 Ile
669 968 835 1050 quostiam
851 967 879 1028 si
893 967 965 1042 quis
981 965 1128 1027 dubitasset
1164 984 1168 1021 ε

57 1080 60 1089 ·
126 1062 230 1126 anua,
251 1069 336 1123 num,
360 1053 391 1112 id
407 1054 490 1125 quod
505 1061 537 1112 tu
549 1053 666 1128 arguis,
686 1053 864 1127 cogitasset,
885 1051 1048 1111 interiecto
1066 1054 1128 1123 pata

126 1145 178 1197 tuo
200 1137 326 1195 consule
348 1135 534 1195 descendere
553 1135 699 1196 Kalendis
718 1133 863 1194 Ianuariis
888 1149 960 1192 cum
984 1130 1126 1197 lictoribus
1165 1180 1168 1187 .

33 1242 38 1249 ·
127 1216 274 1279 sustulisti
287 1216 366 1276 hanc
383 1217 597 1291 suspicionem,
615 1235 708 1293 quum
721 1216 825 1278 dixisti
839 1217 929 1285 hunc,
946 1222 981 1275 ut
996 1212 1126 1275 Catilinam
1165 1231 1168 1268 ε

127 1301 281 1360 consulem
307 1299 455 1368 alliceret,
482 1308 587 1360 contra
605 1309 722 1374 patrem
740 1309 823 1359 tuum
843 1314 957 1372 operas
979 1304 1012 1357 et
1032 1307 1129 1355 manna

127 1396 332 1454 comparasse.
371 1380 459 1453 Quod
480 1380 507 1439 si
525 1380 578 1441 tibi
596 1398 655 1456 ego
677 1382 837 1452 confitear,
861 1389 894 1440 tu
907 1377 983 1439 mibi
999 1376 1129 1441 coneedit

125 1478 255 1533 necesse
270 1470 325 1536 est,
340 1461 429 1533 hunc,
448 1479 541 1536 quum
550 1462 695 1523 Catilinae
706 1464 933 1537 suffragaretur,
952 1461 1031 1521 nihil
1043 1461 1129 1520 desua
1166 1477 1168 1516 ι

127 1547 294 1615 consulatu,
309 1561 397 1618 quem
413 1544 524 1605 iudicio
538 1544 688 1616 amiserat,
703 1563 759 1621 per
772 1545 833 1605 vim
844 1538 1129 1618 recuperandocogi·
1166 1560 1168 1599 1

126 1627 255 1688 tovisse:
279 1626 473 1701 nequeenim
487 1627 612 1689 istorum
629 1628 797 1687 lacinorum
812 1636 981 1700 tantorum,
999 1635 1060 1687 ιιιιιι
1072 1629 1128 1683 atro

126 1710 204 1770 cium
219 1708 348 1782 crimen,
365 1709 497 1794 iudices,
515 1709 546 1768 P.
562 1709 664 1770 Sullae
679 1727 812 1785 persona
826 1709 967 1784 suscipit.

203 1791 258 1854 dl).
279 1795 340 1852 lam
355 1792 434 1853 enim
450 1792 572 1864 latiam,
589 1792 761 1852 criminibus
777 1792 918 1852 omnibus
938 1793 1005 1853 lere
1021 1786 1128 1875 dissdu

126 1874 179 1946 tis,
200 1884 304 1936 contra
318 1883 409 1949 atque
423 1876 454 1933 in
470 1875 596 1935 caeteris
611 1875 712 1935 causis
727 1874 794 1934 fieri
810 1876 904 1947 solet,
924 1883 960 1934 ut
974 1865 1126 1961 nuncdeni

127 1972 187 2030 que
201 1958 239 2015 de
255 1959 315 2025 vita
328 1956 460 2016 hominis
475 1973 512 2016 ac
527 1958 565 2016 de
580 1958 713 2017 moribus
729 1957 837 2015 dicam.
879 1956 1001 2016 Etenim
1018 1955 1056 2014 de
1068 1949 1125 2027 prin·

126 2036 206 2110 cipio
227 2038 340 2097 studuit
361 2038 480 2099 animus
502 2055 660 2099 occurrere
682 2039 878 2113 magnitudini
900 2038 1054 2108 criminis,
1074 2030 1124 2094 ab

125 2118 226 2177 iacere
242 2120 462 2192 exspectationi
476 2121 637 2191 bominum,
654 2122 692 2181 de
707 2138 754 2180 me
768 2121 885 2195 aliquid
898 2121 981 2195 ipso,
996 2121 1048 2196 qui
1061 2129 1121 2177 acca

125 2207 210 2260 satus
224 2217 322 2272 eram,
343 2201 459 2261 dicere:
484 2219 564 2262 nunc
577 2203 635 2262 iam
648 2203 813 2262 revocandi
833 2203 908 2264 estis
930 2220 986 2276 eo,
1012 2215 1070 2276 quo
1084 2208 1119 2254 tlt
1162 2239 1168 2276 ι

125 2279 194 2356 ipsa
207 2299 315 2353 causa,
336 2283 423 2343 etiam
438 2292 556 2344 maante
570 2301 632 2358 me,
652 2285 733 2358 cogit
747 2285 868 2345 animos
883 2293 1063 2359 mentesque
1073 2292 1119 2359 aar
1166 2350 1168 2363 ⁴

125 2371 250 2424 vertere.
292 2366 383 2424 XXV.
406 2365 550 2426 Omnibus
565 2367 594 2426 in
609 2368 717 2438 rebus,
737 2367 870 2439 iudiceS,
895 2384 977 2442 quae
995 2362 1117 2442 graviora
1152 2414 1161 2435 ,,

125 2445 316 2520 maioresque
333 2455 416 2520 sunt,
435 2448 508 2523 quid
523 2450 651 2524 quisque
665 2450 810 2521 voluerit,
825 2449 982 2524 cogitarit,
998 2439 1122 2509 admittit
1166 2484 1168 2518 ι

126 2540 187 2583 non
202 2542 241 2585 ex
255 2527 393 2601 crimine,
411 2531 467 2589 sed
481 2546 520 2589 ex
533 2531 667 2591 moribus
682 2531 764 2603 eius,
781 2531 833 2606 oui
847 2532 1002 2606 arguitur,
1016 2537 1062 2590 est
1073 2537 1127 2610 pti¹
1156 2550 1168 2591 a

125 2606 299 2666 derandum.
324 2610 428 2683 Neque
440 2613 517 2670 enim
529 2621 630 2685 potest
641 2613 803 2687 qnisquam
812 2622 954 2673 nostrum
966 2613 1066 2674 subito
1075 2608 1133 2691 aab
1163 2632 1167 2647 ·

126 2703 227 2760 neque
250 2690 428 2763 cuiusquam
447 2703 572 2766 repente
592 2694 653 2754 vita
672 2695 779 2754 mutari
803 2704 856 2754 aut
875 2704 987 2756 natura
1008 2688 1142 2773 coarmati·l

65 2822 70 2827 .
127 2766 178 2832 70.
204 2770 430 2844 circumspicite
452 2775 617 2850 paullisper
638 2775 788 2836 mentibus
810 2777 938 2850 vestris,
962 2785 998 2837 ut
1016 2763 1149 2839 anani·

124 2859 231 2922 umus,
247 2851 342 2914 hosce
352 2853 439 2928 ipsos
450 2856 596 2929 homines,
612 2857 664 2929 qui
678 2857 747 2917 huic
762 2858 881 2917 adfines
896 2858 1010 2919 sceleri
1024 2839 1157 2919 suomi

126 2933 250 2994 Catilina
270 2945 374 2996 conua
392 2952 457 2995 rem
478 2938 626 3012 publicam
646 2939 824 3000 coniuravit
859 2940 956 3001 cuius
978 2956 1116 3000 aures
1129 2929 1163 2984 W

126 3031 215 3086 quam
237 3016 313 3077 haec
335 3027 516 3092 respuerunt
537 3028 676 3079 conatum
697 3023 937 3088 esseaudttcter
960 3005 1168 3083 homnaemn

83 3154 87 3161 ,
126 3096 252 3163 pueritia
266 3115 326 3158 non
342 3100 438 3160 solum
453 3100 682 3174 intemperantia
696 3111 727 3161 et
740 3104 873 3176 scelere,
895 3105 955 3165 sed
974 3103 1119 3166 etiatn
1130 3090 1168 3149 ω

126 3177 286 3264 suetudine
300 3188 330 3240 et
343 3183 443 3242 studio
455 3183 485 3241 in
499 3182 580 3244 omni
594 3182 716 3255 flagitio,
728 3192 852 3258 stupro,
868 3187 966 3246 caede
977 3176 1165 3249 versam*

127 3250 199 3320 Quas
212 3271 280 3316 eum
296 3270 399 3321 contra
414 3263 537 3337 patriam
557 3272 739 3338 pugnantem
757 3267 878 3341 perisse
896 3267 1079 3339 nubatur,
1111 3255 1168 3338 ossi?

128 3344 247 3404 semper
261 3353 366 3401 omnes
381 3345 421 3401 ad
434 3344 522 3403 civile
536 3344 722 3404 latrocinium
737 3357 840 3408 natum
852 3358 1018 3424 putaverun
1030 3357 1103 3413 lt
1117 3337 1168 3410 0⁰¹²
