2356 3854
424 160 505 221 cdl).
523 167 680 226 1.—4·S
704 170 801 224 3-9.
885 192 890 213 ι
1071 166 1134 232 801

93 307 305 372 accusationis
322 310 532 372 condicionem
548 328 678 387 sequar,
701 300 757 375 aut=
778 313 891 389 optime
915 316 955 375 de
968 331 1018 375 me
1034 314 1132 377 meriti

95 396 182 454 salus
200 392 372 454 deserenda
385 402 442 455 est.

157 477 209 536 lll.
227 476 290 537 Sed
305 491 373 552 ego,
386 477 577 554 Laterensis,
592 495 717 539 caecum
734 495 782 538 me
800 489 830 540 et
843 481 1043 556 praecipitem
1061 482 1132 541 lcrri

93 561 245 621 confitear
259 560 289 620 in
305 576 413 632 causa,
433 562 461 621 si
481 571 512 623 te
532 572 585 623 aut
598 579 617 622 a
630 561 752 622 Plancio
772 572 825 623 aut
844 564 883 623 ab
905 564 965 624 ullo
987 563 1132 640 dignitate

91 644 238 720 potuisse
262 644 402 719 superari
423 644 540 706 dixero.
584 647 691 722 ltaque
712 646 868 705 discedam
889 646 928 707 ab
948 663 986 709 ea
1008 657 1131 709 conten-

92 727 188 799 tione,
202 728 243 787 ad
261 744 352 803 quam
363 737 397 788 tu
413 745 462 789 me
475 745 578 801 vocas,
593 739 623 790 et
637 730 757 789 veniam
772 729 812 789 ad
822 729 913 802 illam,
927 732 967 790 ad
981 749 1072 806 quam
1083 748 1132 792 me

93 827 192 871 causa
205 811 413 885 ipsadeducit.
431 809 556 885 wald,
571 821 642 873 tune
653 829 755 873 acrem
764 811 919 886 dignitatis
933 812 1063 874 iudicem
1076 833 1131 889 pu-

91 902 142 955 tas
157 910 232 955 esse
249 895 419 970 populum?
429 896 574 956 Fortasse
590 913 651 956 non
669 912 835 972 numquam
846 903 901 955 est
921 895 1042 956 Utinam
1057 915 1131 958 vero

92 994 219 1053 semper
232 987 330 1039 esset!
347 978 411 1039 Sed
421 987 469 1040 est
482 995 615 1057 perraro,
630 989 661 1040 et
674 980 701 1039 si
717 978 839 1054 quando
858 985 920 1052 est,
934 979 965 1039 in
985 978 1024 1038 iis
1040 981 1131 1055 magi-

90 1062 241 1122 stratibus
256 1071 304 1124 est
316 1063 513 1134 mandandis,
536 1062 648 1137 quibus
670 1064 798 1125 salutem
815 1078 903 1123 suam
917 1061 1062 1124 committi
1076 1081 1131 1138 pu-

89 1152 150 1205 tat:
172 1144 221 1204 his
241 1145 408 1206 levioribus
426 1145 556 1206 comitiis
577 1146 730 1222 diligentia
744 1155 774 1208 et
791 1146 887 1220 gratia
902 1146 1063 1220 petitorum
1077 1146 1132 1207 ho·

90 1244 153 1289 nos
170 1227 300 1304 paritur,
322 1246 384 1288 non
405 1229 443 1289 iis
463 1231 660 1324 ornamentis,
684 1246 764 1306 quae
785 1245 856 1289 esse
879 1228 909 1289 in
930 1238 960 1290 te
983 1229 1131 1291 videmus.

90 1310 171 1371 Num
188 1313 273 1387 quod
293 1314 333 1371 ad
355 1314 502 1388 populum
523 1312 667 1388 pertinet
691 1328 813 1399 semper
833 1312 1015 1388 dignitatis
1008 1313 1132 1389 iniquus

91 1395 188 1455 iudex
203 1404 252 1457 est
271 1396 324 1470 qui
341 1405 394 1459 aut
410 1396 525 1457 invidet
540 1407 592 1458 aut
606 1398 702 1459 lavet·
724 1413 908 1472 quamquam
939 1397 1012 1457 nihil
1040 1406 1129 1472 potes

90 1478 184 1552 inte,
199 1479 391 1554 Laterensis,
407 1481 592 1542 constituere
616 1481 700 1555 quod
715 1480 755 1540 sit
770 1480 926 1556 proprium
943 1481 1043 1542 laudis
1060 1491 1129 1542 tuae
1155 1546 1161 1559 x

90 1560 167 1638 quia
183 1560 216 1621 id
236 1563 291 1623 tibi
313 1565 352 1624 sit
375 1581 535 1625 commune
556 1581 625 1624 eum
646 1564 779 1624 Plancio.
822 1564 851 1625 8.
875 1563 938 1624 Sed
961 1565 1021 1625 hoc
1035 1573 1131 1625 totum

91 1655 201 1721 agetur
219 1646 278 1706 alio
297 1648 382 1708 loco=
398 1665 479 1708 nunc
496 1656 610 1707 tantum
626 1648 749 1721 disputo
767 1646 1017 1722 de-iurepopuli,
1034 1649 1086 1722 qui
1103 1655 1133 1708 et

89 1737 198 1804 potest
211 1736 242 1788 et
258 1732 337 1790 solet
351 1748 413 1791 non
429 1746 595 1804 numquam
611 1729 720 1802 dignos
737 1728 918 1803 praeterire,
933 1747 991 1789 nec
1003 1729 1031 1789 si
1045 1745 1063 1787 a
1077 1746 1131 1804 po-

88 1813 166 1888 pulo
181 1812 361 1887 praeteritus
378 1822 426 1874 cst
440 1830 531 1888 quem
548 1830 609 1872 non
630 1813 764 1886 oportuit
784 1810 967 1871 aiudicibus
988 1813 1131 1871 eundem-

88 1896 214 1956 naadus
235 1896 351 1973 estqui
368 1898 551 1971 praeteritus
567 1902 700 1954 nonest.
743 1895 819 1953 Nam
834 1893 862 1953 si
875 1893 918 1954 ita
934 1890 1033 1967 e'sset,
1049 1896 1132 1969 quod

87 1987 195 2055 patres
211 1981 294 2053 apud
309 1978 442 2041 maiores
456 1988 580 2040 nostros
595 1986 700 2039 tenere
714 1994 775 2037 non
792 1986 963 2053 potuerunt,
981 1985 1014 2038 ut
1029 1994 1130 2053 repre·

88 2062 242 2123 lrensores
257 2072 361 2124 essent
379 2063 584 2135 comitiorum,
606 2061 638 2122 id
657 2062 804 2122 haberent
823 2060 956 2134 iudices,
977 2063 1028 2121 vel
1048 2062 1130 2137 quud

88 2146 186 2237 multo
201 2145 290 2206 etiam
305 2146 406 2207 minus
419 2156 504 2207 esset
518 2146 686 2207 ferendum.
730 2146 805 2205 Tum
823 2147 901 2205 enim
913 2145 1131 2221 magistratum

87 2245 151 2289 aon
165 2216 329 2304 gerebat
320 2247 362 2302 rs,
383 2230 435 2306 qui
461 2239 599 2306 ceperat,
623 2229 650 2291 si
671 2237 774 2304 patres
796 2238 938 2290 auctores
960 2246 1021 2289 nou
1045 2238 1134 2290 crant

88 2313 177 2373 lacti·
199 2329 281 2373 nunc
300 2316 473 2388 postulatur
491 2331 511 2374 a
529 2313 635 2387 vobis,
657 2320 691 2374 ut
711 2313 777 2373 eius
793 2312 917 2385 exsilio,
940 2313 993 2387 qui
1011 2321 1131 2374 creatus

88 2396 138 2470 sit,
157 2395 302 2457 iudicium
317 2397 424 2473 populi
435 2397 565 2459 Romani
580 2397 821 2472 reprehendatis.

94 2484 97 2489 '
150 2479 258 2555 ltaque
273 2498 458 2557 quamquam
475 2500 535 2557 qua
550 2481 635 2543 nolui
650 2480 741 2541 ianua
752 2495 819 2540 sum
831 2478 991 2554 ingressus
1009 2479 1041 2541 in¹
1059 2496 1130 2541 cau-

87 2578 171 2635 sam,
187 2580 313 2638 sperare
326 2564 434 2626 videor
451 2573 566 2626 tantum
586 2567 736 2624 afuturam
751 2580 822 2625 esse
846 2561 1014 2624 orationem
1032 2581 1130 2624 meam

88 2645 243 2706 aminima
257 2647 435 2722 suspicione
450 2648 631 2709 offensionis
646 2657 732 2723 tuae,
752 2656 782 2708 te
796 2656 830 2708 ut
845 2649 948 2723 potius
963 2648 1130 2722 obiurgem,

88 2731 174 2804 quod
190 2729 328 2805 iniquum
343 2731 373 2790 in
388 2732 552 2793 discrimen
567 2733 705 2791 adducas
732 2731 905 2805 dignitatem
921 2741 1019 2802 tuam,
1040 2746 1130 2804 uuam

88 2821 121 2873 ut
135 2828 195 2888 cgo
207 2829 275 2874 eam
290 2816 353 2875 ulla
367 2815 551 2875 contumelia
572 2815 838 2888 coner-attingere.
883 2815 934 2873 lV.
951 2814 981 2874 9.
996 2815 1042 2875 Tu
1058 2830 1129 2873 con-

88 2895 259 2970 tinentiam,
274 2906 308 2958 tu
322 2897 518 2970 industriam,
533 2905 567 2958 tu
580 2897 711 2957 animum
725 2899 755 2955 in
769 2897 1008 2971 rempublicam,
1023 2904 1055 2956 tu
1070 2895 1129 2955 vir-

86 2987 192 3053 tutem,
208 2989 240 3041 tu
252 2980 464 3053 innocentiam,
482 2989 513 3041 tu
528 2981 630 3050 tidem,
646 2988 678 3040 tu
690 2981 814 3040 labores
827 2989 907 3052 tuos,
923 2979 1007 3053 quod
1021 2978 1128 3040 aedilis

87 3078 149 3125 non
162 3063 207 3124 sis
222 3066 336 3139 lactus,
351 3066 465 3125 tractos
488 3081 559 3127 esse
581 3072 611 3123 et
624 3062 761 3124 abiectos
776 3072 807 3123 et
821 3062 1001 3137 repudiatos
1017 3070 1131 3136 putas?

86 3147 167 3208 Vide
182 3150 320 3222 tandem,
335 3147 521 3221 Laterensis,
539 3154 684 3222 quantum
699 3163 757 3220 ego
774 3163 792 3205 a
807 3154 837 3206 te
851 3144 1058 3211 dissentiam·
1085 3146 1127 3221 Si,

86 3230 209 3292 medius
223 3232 319 3304 lilius,
336 3234 442 3292 decem
458 3231 516 3292 soli
531 3239 637 3291 essent
651 3230 680 3289 in
697 3229 818 3289 civitate
836 3228 891 3288 viri
905 3229 994 3304 boni,
1006 3230 1127 3306 sapien-

85 3323 155 3389 tes,
169 3313 258 3390 iusti,
275 3332 401 3391 graves,
430 3316 482 3391 qui
502 3323 533 3376 te
546 3313 702 3388 indignum
723 3314 876 3374 aedilitate
897 3312 1126 3385 iudicavissent,

86 3397 213 3472 gravius
227 3399 267 3460 de
279 3408 310 3460 te
323 3400 486 3461 iudicatum
502 3407 647 3475 putarem,
663 3414 754 3474 quam
769 3406 817 3459 est
830 3397 899 3471 hoc,
915 3398 999 3472 quod
1014 3407 1048 3459 tu
1064 3411 1125 3457 mc·

911 3504 916 3535 l
