2356 3854
339 163 343 167 ·
415 150 820 229 caP.r-1os.‘m-aa.
961 122 1012 153 ⁷
1064 167 1127 233 403

95 311 225 372 castello
242 309 470 384 circumsederi,
486 313 524 372 de
537 311 667 373 Domitio
682 312 758 374 dixit
773 323 894 375 versum
912 315 1059 383 Gnaocum
1074 333 1125 381 ea·

95 394 169 454 dem
184 393 341 467 sententia,
358 410 418 469 qua
429 411 486 454 nos
504 394 651 456 habemus
666 395 819 456 Latinum:

246 478 375 538 Pereunt
386 481 482 551 amabi,
497 479 692 539 domininici
705 496 766 539 una
780 481 966 543 nancietum.

94 559 186 633 Quod
201 559 267 632 iile,
282 558 309 620 si
323 568 407 621 esset
423 559 476 622 tibi
489 558 725 635 inimicissimus,
739 578 902 637 numquam
916 572 1015 625 tamen
1029 564 1124 626 dixis·

94 651 159 702 set=
188 644 256 717 ipse
282 641 362 703 enim
394 650 587 715 mansuetus,
609 659 717 703 versus
744 642 892 705 immanis.
946 646 1002 720 Qui
1023 656 1125 709 autem

91 724 226 786 Domitio
247 734 366 800 poterat
386 742 458 787 esse
481 725 612 797 amicus,
632 725 683 801 qui
706 724 760 788 tibi
775 734 858 788 asset
878 726 1038 789 inimicust
1059 729 1124 791 Tibi

88 825 189 890 *porro
205 808 345 870 inimicus
360 826 416 870 cur
430 817 528 880 esset,
543 825 562 868 a
579 826 640 881 quo
658 826 750 884 quum
764 810 814 870 vel
823 807 958 877 interfici
972 811 1043 871 belli
1056 815 1123 888 lege

93 891 261 966 potuisset,
276 900 422 966 regemet
436 908 470 953 se
485 900 515 952 et
530 890 624 951 filiurn
638 909 727 953 snum
743 891 923 953 constitutos
936 909 1006 955 esse
1021 894 1123 957 memi-

92 975 212 1034 nisset?
234 974 287 1036 26.
312 973 390 1048 Quia
405 975 536 1034 deinde?
557 973 680 1035 furcifer
694 992 754 1050 quo
770 974 987 1049 progreditur
999 976 1051 1037 Ait
1066 976 1123 1037 hac

91 1056 206 1118 laetitia
220 1056 396 1117 Deiotarum
418 1058 527 1117 elatum
548 1058 619 1118 vino
640 1074 675 1117 se
696 1059 836 1132 obruisse
862 1058 893 1121 in
918 1057 1123 1132 convivioque

91 1141 208 1201 nudum
224 1139 395 1200 saltavisse.
433 1139 517 1212 Quae
532 1156 607 1201 crux
621 1140 691 1201 huic
706 1138 831 1215 fugitivo
846 1146 947 1215 potest
959 1139 1033 1204 satis
1051 1156 1122 1215 sup-

90 1222 178 1299 plicii
204 1223 349 1281 adferret
374 1222 546 1284 Deiotarum
571 1225 730 1285 saltantem
750 1224 911 1298 quisquam
934 1233 986 1285 aut
1007 1220 1122 1283 ebrium

89 1305 170 1365 vidit
195 1312 360 1380 umquam?
384 1303 496 1366 Omnes
523 1307 649 1367 suntin
675 1305 728 1367 uto
747 1305 850 1380 regiae
876 1306 1017 1378 virtutes,
1039 1306 1123 1381 quod

88 1397 132 1460 te,
146 1386 265 1460 Caesar,
283 1387 422 1461 ignorare
437 1406 499 1450 non
512 1389 649 1469 arbitror,
665 1390 722 1451 sed
735 1388 901 1466 praecipue
916 1389 1078 1466 singularis
1092 1384 1123 1450 et

92 1471 271 1532 admiranda
288 1471 453 1546 frugalitas.
477 1469 543 1533 Etsi
558 1473 617 1533 hoc
631 1473 726 1534 verbo
741 1471 807 1534 scio
820 1472 939 1535 laudari
954 1489 1044 1549 reges
1059 1488 1121 1533 uon

92 1554 203 1614 solere.
245 1552 336 1628 Frugi
357 1554 509 1616 bominem
528 1556 607 1626 dici,
635 1572 697 1616 nou
711 1557 835 1617 muitum
856 1557 946 1617 habet
968 1554 1068 1617 laudis
1089 1554 1120 1615 in

92 1651 179 1711 rege:
205 1637 327 1700 fortem.
338 1637 465 1710 iustum,
484 1655 640 1711 severum,
661 1655 800 1713 gravem,
816 1638 1047 1712 magnanimum,
1062 1639 1119 1697 lar-

92 1736 171 1795 gum,
188 1721 374 1793 beneficum,
388 1719 566 1781 liberalemz'
577 1721 635 1781 hae
655 1727 727 1781 sunt
740 1718 843 1794 regiae
856 1720 979 1792 laudes,
988 1719 1046 1801 ¹iila
1059 1718 1133 1793 pri-'

76 1811 163 1863 vata
179 1812 235 1864 ast.
257 1803 297 1864 Ut
313 1805 394 1864 volet
410 1803 550 1878 quisque,
567 1801 711 1877 accipiat·
724 1817 782 1876 ego
797 1810 897 1863 tamen
912 1801 1120 1875 frugalitatem.

91 1883 121 1946 id
137 1895 185 1947 est
197 1886 379 1948 modestiam
392 1896 422 1948 at
433 1884 675 1962 temperantiam,
672 1883 825 1945 virtutem
834 1885 993 1959 maximam
1008 1881 1119 1946 iudico.

91 1970 203 2047 Haec
194 1987 225 2030 m
246 1972 297 2031 illo
320 1979 367 2032 est
380 1972 424 2030 ab
431 1971 554 2059 income
577 1976 674 2029 aetate
690 1985 781 2043 quum
798 1976 939 2043 ncuncta
950 1967 1042 2038 Asia,
1059 1973 1119 2027 tum

91 2052 350 2128 amagistratibus
363 2055 413 2128 leg
472 2106 475 2111 .
525 2050 677 2131 jnostris,
699 2059 760 2113 tum
784 2051 824 2113 ab
845 2038 997 2125 equitibus
1009 2051 1120 2113 Roma·

92 2137 157 2206 nis,
178 2135 230 2209 qui
248 2136 277 2195 iu
294 2135 423 2198 Asiane
526 2144 637 2209 sunt,
660 2143 823 2209 perspecta
845 2142 874 2196 et
894 2135 1024 2209 cognita
1068 2129 1120 2195 27

88 2218 193 2279 Multis
214 2217 264 2278 ille
280 2218 411 2292 ,quidem
539 2220 550 2233 “·
597 2218 766 2280 officiorum
787 2232 860 2293 erga
880 2233 944 2278 rem
968 2214 1120 2292 publicam

88 2310 226 2365 noenum
241 2300 352 2362 adhoc
367 2301 484 2378 regium
495 2319 605 2362 nornen
619 2299 771 2363 ascendit:
787 2301 842 2360 sed
859 2307 958 2361 tamen
972 2297 1121 2375 quidquid

88 2403 107 2446 a
120 2383 212 2445 bellis
226 2386 332 2459 populi
345 2386 475 2447 Romani
489 2386 631 2456 vacabat,
647 2401 717 2445 cum
730 2382 905 2444 hominibus
921 2380 1033 2445 nostris
1048 2397 1120 2441 con·

85 2467 280 2540 suetudines,
297 2467 454 2542 amicitias,
465 2486 517 2530 res
528 2467 724 2542 rationesque
735 2465 886 2542 iungebat,
899 2471 1003 2526 utnon
1020 2467 1117 2526 sotum

83 2550 385 2623 tenamnesnobitis,
394 2553 544 2613 sedetiam
552 2550 682 2626 optimus
691 2551 797 2625 pater
784 2548 950 2611 ftamiiiase
937 2546 1118 2622 tdiiigentis-

83 2635 187 2698 simus
201 2633 335 2710 agricola
351 2643 381 2695 et
395 2633 556 2709 pecuarius
567 2635 735 2696 haberetur.
758 2631 834 2706 nui
825 2632 915 2708 igitur
926 2632 1119 2702 adolescens,

83 2719 226 2780 nondum
237 2726 319 2779 taum
330 2718 425 2792 gloria
437 2717 599 2792 praeditus,
615 2716 689 2777 mhrf
699 2733 842 2791 umquam
855 2732 915 2776 urst
925 2712 1120 2777 severissime

85 2810 118 2863 et
135 2788 318 2876 gravissime
333 2799 451 2871 fecerit,
473 2801 499 2860 is
511 2816 549 2861 ea
564 2798 785 2860 existimatione
809 2813 908 2872 eaque
921 2806 1018 2859 acute
1029 2796 1120 2855 saita-

85 2885 155 2946 viti
181 2885 217 2945 X.
232 2883 283 2947 28.
304 2882 424 2955 Imitari,
440 2882 553 2952 Castor,
570 2881 672 2956 potius
687 2880 737 2941 ovi
752 2897 853 2941 mores
867 2877 1121 2953 disciplinamque

86 2969 229 3030 debebas
245 2984 337 3064 quam
352 2963 465 3041 optimo
485 2975 515 3027 et
530 2963 697 3025 clarissimo
715 2960 780 3023 viro
793 2961 909 3036 fugitivi
920 2976 973 3021 ore
987 2961 1066 3019 mate
1076 2958 1120 3019 di·

86 3068 172 3113 cere.
196 3049 325 3124 Quod
300 3068 327 3110 ει
342 3051 514 3110 saltatorem
528 3064 618 3109 avum
639 3046 801 3107 habuisses
823 3060 924 3117 neque
935 3041 1120 3113 cummium,

85 3135 174 3196 unde
189 3132 316 3209 pudoris
334 3131 558 3208 pudicitiaeque
574 3132 714 3205 exempta
732 3133 925 3204 peterentur,
945 3132 1046 3185 nmen
1060 3123 1120 3184 hoc

87 3217 287 3280 maledictum
297 3214 422 3276 minine
435 3215 466 3275 in
482 3215 562 3275 ittam
578 3220 705 3275 aetatem
719 3209 904 3272 conveniret.
941 3206 1056 3282 Quibus
1070 3207 1122 3267 ilfa

88 3301 204 3364 studiis
214 3301 253 3361 ab
268 3298 390 3360 ineunte
402 3304 500 3360 aetate
515 3313 550 3358 sa
566 3296 721 3366 imbuerat,
740 3311 800 3355 nou
817 3278 963 3366 saltandi,
970 3292 1027 3353 sed
1040 3291 1120 3351 bene

86 3394 124 3449 ut
137 3382 240 3459 armis,
255 3383 368 3461 opu‘me
381 3389 415 3444 ut
429 3379 517 3458 aquis
528 3386 669 3452 uteretur,
682 3395 721 3439 ea
730 3385 828 3440 tamen
843 3376 926 3537 ιῖιιὲιιέι
942 3383 1050 3437 cuncta
1062 3372 1121 3432 iam

1076 3564 1160 3632 Α
