2356 3854
20 2056 29 2079 s
110 2043 325 2118 dationemque
346 2045 476 2104 ineuntis
504 2046 610 2105 aetatis
632 2046 670 2104 ab
684 2045 837 2119 impietate
850 2052 882 2105 el
899 2047 941 2105 ab
958 2052 1080 2111 scelere
1092 2051 1134 2113 dn

116 204 180 268 ³96
347 198 422 258 PRO
438 197 540 256 REGE
556 191 749 255 DEIOTARO
765 191 922 252 ORATIO.

115 356 221 405 Romam
239 350 325 398 missis
342 349 463 413 perfidiae
486 361 562 396 canoa
577 345 700 395 abductus
717 343 822 392 adiuvit.
852 342 948 408 legati
961 347 1043 410 regis,
1061 347 1132 409 quiin

115 424 166 472 llde
190 424 395 484 permanserant,
414 429 514 464 causam
532 415 566 464 nd
586 416 619 462 Μ.
636 412 780 462 Ciceronem
794 411 956 476 detulerunt,
974 424 1084 463 veleoem
1097 415 1132 464 lo·

116 507 128 540 o
156 498 207 538 mm
229 497 304 547 atque
321 483 430 533 amicum
448 485 575 543 Deiotari,
597 484 640 544 qui
656 495 717 529 eum
730 481 798 545 apud
816 479 844 528 0.
864 479 1004 530 Caesarem
1023 483 1086 531 iutra
1099 484 1132 533 dc

114 557 234 608 mesticoc
251 552 362 618 parietes
377 553 426 601 bac
444 553 508 616 ipsa,
524 566 587 615 quae
604 550 670 598 iufra
685 548 785 614 legitur,
804 551 922 598 oratioue
941 549 1065 601 defendit,

173 722 197 779 l.
216 720 244 781 l.
260 720 357 794 Quum
372 716 403 777 iu
416 717 555 777 omuibus
572 715 892 797 causis-gravioribus,
909 719 940 778 C.
958 720 1081 793 Caesar,
1092 722 1134 780 ini·

113 806 156 866 tio
167 803 289 863 dicendi
300 801 485 862 commoveri
496 803 611 861 soleam
623 799 839 873 vehemenlius,
854 818 951 875 quam
967 803 1086 864 videtur
1097 807 1134 865 vcl

112 904 190 947 usus
207 888 254 945 vel
269 893 358 945 aetas
369 900 436 943 mea
453 885 619 957 postulare,
632 891 693 942 tum
707 883 737 942 iu
756 883 812 942 hac
825 900 922 944 causa
936 887 981 945 ita
996 904 1046 946 me
1059 890 1133 947 mulla

113 970 304 1044 perturbant,
316 975 364 1040 ut,
379 975 523 1042 quantum
539 982 608 1026 mea
620 966 697 1033 fides
713 966 804 1026 studii
819 966 892 1026 mihi
910 969 1036 1032 adferat
1048 973 1084 1030 ad
1096 988 1133 1030 sa·

112 1055 205 1113 lutenr
223 1052 304 1125 regis
319 1049 452 1110 Dciolari
481 1049 718 1119 defendendam,
740 1058 854 1108 tantum
875 1051 1037 1114 facultatis
1062 1052 1133 1114 timor

113 1135 260 1195 detrahat.
303 1133 433 1193 Primum
456 1132 526 1193 dico
549 1149 603 1206 pro
624 1131 723 1206 capite
738 1131 932 1208 fortunisque
947 1138 1046 1210 regis,
1066 1137 1132 1211 quod

112 1218 227 1293 ipsum,
248 1218 305 1275 etsi
328 1216 543 1289 noniniquum
565 1224 626 1287 est,
646 1213 677 1272 iu
693 1223 746 1274 tuo
762 1214 920 1278 dumtaxat
932 1218 1088 1293 periculo,
1100 1230 1132 1280 la

112 1317 181 1359 men
197 1308 245 1359 est
257 1301 297 1359 ita
311 1297 501 1372 inusitatum,
513 1314 616 1372 regem
630 1315 715 1357 reum
733 1297 841 1372 capitis
856 1315 942 1373 esse,
954 1310 992 1361 ut
1006 1312 1074 1363 ante
1088 1304 1133 1363 boc

112 1391 233 1456 tempus
248 1398 308 1440 nou
324 1380 364 1440 sit
378 1381 522 1440 auditum.
549 1381 578 1442 2.
589 1381 704 1440 Deinde
716 1397 784 1440 eum
796 1398 911 1456 regern,
928 1401 1027 1458 quem
1042 1402 1133 1447 ornam

113 1472 203 1524 antea
223 1472 332 1524 cuncto
355 1481 424 1524 cum
445 1473 553 1524 senatu
566 1465 701 1524 solebam
716 1481 771 1538 pro
786 1465 947 1539 perpetuis
965 1468 1036 1528 eius
1049 1468 1078 1528 in
1091 1486 1131 1528 uo

112 1554 204 1607 stram
220 1547 451 1621 rempublicam
465 1547 594 1621 meritis,
611 1564 691 1607 nunc
713 1557 817 1607 contra
837 1550 1070 1612 atrocissimum
1090 1550 1132 1611 cri·

111 1646 180 1690 meu
198 1647 293 1705 cogor
305 1631 478 1690 defendere.
520 1630 648 1689 Accedit
661 1640 694 1691 ut
707 1638 920 1691 accusatorum
936 1635 1066 1696 alterius
1081 1652 1132 1695 cru

112 1714 244 1784 delitate,
262 1713 387 1773 alterius
402 1712 580 1788 indignitate
595 1713 766 1772 conturber.
795 1714 961 1776 Crudelem
983 1719 1133 1792 castorem,

87 1852 92 1876 Ι
111 1813 151 1854 ne
166 1797 266 1856 dicam
288 1798 467 1856 sceleratum
483 1805 512 1857 el
525 1795 665 1870 impium,
690 1795 742 1870 qui
765 1812 862 1870 nepos
877 1814 976 1859 avum
994 1801 1026 1860 in
1044 1802 1133 1861 discri-

110 1874 180 1938 men
198 1879 306 1952 capitis
322 1878 482 1938 adduxerit
501 1878 787 1952 adulescentiaeque
808 1894 884 1938 suae
900 1889 1057 1943 terrorem
1071 1885 1133 1944 inlu·

109 1962 177 2020 lerit
188 1964 232 2033 ei,
251 1963 338 2020 cuius
361 1970 547 2021 senectutem
568 1961 645 2022 tueri
659 1970 689 2021 et
703 1971 804 2034 tegere
821 1962 974 2038 debebat,
996 1984 1133 2027 commen

108 2125 200 2185 xeril:
224 2125 274 2185 avi
290 2142 426 2200 servum,
451 2136 625 2201 corruptum
641 2127 792 2209 praemiis,
806 2128 846 2186 ad
860 2135 1078 2193 accusandum
1092 2134 1134 2193 de

109 2208 222 2268 minum
234 2209 399 2282 impulerit,
422 2226 441 2268 a
459 2212 627 2284 legatorum
643 2208 773 2284 pedibus
788 2210 967 2273 abduxerit.
1012 2216 1043 2276 3.
1060 2215 1133 2290 Fugi

108 2291 162 2350 tivi
178 2301 278 2353 autem
294 2292 448 2351 dominum
463 2292 635 2352 accusantis
655 2301 685 2352 el
698 2295 851 2353 dominum
868 2295 1037 2358 absentem
1052 2307 1080 2358 et
1092 2300 1133 2358 de

26 2406 34 2420 ›
108 2374 220 2433 minum
233 2376 449 2435 amicissimum
464 2386 589 2435 nostrae
605 2375 649 2434 rei
671 2377 811 2449 publicae
827 2396 923 2450 quum
942 2396 983 2439 os
999 2382 1133 2453 videbam,

110 2472 202 2526 quum
221 2457 314 2517 verba
329 2459 504 2529 audiebam,
524 2475 584 2517 nou
607 2468 667 2518 tarn
681 2457 835 2520 adflictam
850 2463 975 2538 regiam
994 2465 1132 2526 condicio

107 2553 175 2595 uem
192 2540 330 2597 dolebam
346 2558 435 2613 quam
453 2544 492 2600 de
509 2542 636 2600 fortunis
658 2544 869 2606 communibus
895 2548 1132 2609 extimescebam
1176 2605 1177 2612 ,

105 2619 180 2677 Nam
196 2637 289 2692 quum
302 2637 386 2682 more
403 2622 548 2682 maiorum
566 2625 709 2684 deservo
726 2625 757 2685 in
772 2628 933 2690 domiuum
955 2647 999 2691 ne
1021 2640 1131 2693 tomen

105 2702 144 2761 tis
162 2703 284 2776 quidem
303 2705 408 2776 quaeri
423 2705 526 2779 liceat,
543 2707 573 2766 in
592 2725 652 2782 qua
667 2712 848 2784 quaestione
859 2714 957 2774 dolor
971 2714 1082 2776 elicere
1092 2729 1131 2772 ve
1176 2724 1177 2729 ’

104 2801 169 2845 ram
190 2801 298 2844 vocem
322 2786 421 2858 possit
441 2788 530 2846 etiam
551 2792 590 2848 ab
610 2786 721 2866 invito,
744 2805 872 2856 exortus
892 2805 945 2858 est
960 2797 1130 2872 servusqu't
1175 2816 1177 2861 t

107 2885 198 2942 quern
216 2868 244 2927 in
264 2871 370 2928 eculeo
388 2872 543 2944 appellare
557 2889 618 2932 non
635 2886 757 2949 posset,
776 2895 846 2940 eum
869 2875 1007 2942 accuset
1020 2885 1129 2943 solutus
1175 2914 1177 2936 n

164 2953 201 3010 11.
216 2951 245 3013 4.
261 2950 418 3012 Perturbat
431 2970 488 3024 me,
506 2955 536 3013 C.
553 2956 673 3030 Caesar,
690 2961 779 3020 etiam
792 2960 866 3022 illud
882 2962 1052 3036 interdum,
1065 2958 1128 3040 quod
1176 2994 1177 3021 r

105 3039 203 3093 tamen
226 3051 329 3109 quum·
342 3042 370 3093 te
392 3037 511 3107 penitus
531 3040 711 3113 recognovi,
732 3042 838 3103 timere
859 3045 995 3109 desino:
1016 3065 1051 3109 re
1068 3043 1127 3107 euim
1175 3075 1177 3103 l

104 3111 239 3186 iniquum
261 3124 324 3187 est,
344 3118 400 3174 sed
421 3127 472 3176 tua
494 3121 644 3194 sapientia
667 3124 700 3184 fit
719 3128 946 3200 aequissimum
960 3165 1007 3179 -
1021 3127 1125 3193 numdi
1176 3156 1177 3164 ¹

104 3203 174 3280 cere
188 3199 270 3270 apud
285 3213 353 3256 eum
369 3199 408 3256 de
423 3201 567 3273 facinore,
585 3216 691 3267 contra
708 3209 795 3270 cuius
811 3210 907 3272 vitam
925 3217 1084 3277 consilium
1095 3211 1126 3268 le
1173 3237 1177 3277 ι

105 3276 215 3333 cruoris
228 3277 324 3334 inisse
337 3293 473 3368 arguare,
492 3301 585 3357 quum
599 3305 654 3363 per
670 3307 704 3350 se
719 3292 821 3365 ipsum
839 3298 1037 3372 consideres,
1052 3306 1125 3374 grum
1173 3323 1177 3362 t

103 3357 164 3409 estc
191 3370 279 3413 nemo
301 3373 378 3414 enlm
400 3361 463 3420 fere
484 3375 532 3426 est
554 3369 606 3442 qui
627 3373 676 3433 sui
698 3376 827 3450 periculi
846 3377 945 3449 iudex
963 3378 1124 3445 consitis
1172 3403 1177 3459 q
