2356 3854
35 157 38 161 ’
119 192 181 259 too
267 248 269 260 ,
386 172 473 247 'rao
488 187 521 245 ι..
536 185 701 246 ιιιιιιιιιι
717 184 868 245 enarro.

119 354 240 414 semper
254 337 304 412 ogi
318 338 454 411 libenter,
473 337 553 397 illam
566 352 640 396 vero
657 332 812 410 gravitatis
827 315 1059 410 severitatisque
1072 351 1121 410 por·

119 438 227 484 sonam
241 435 307 480 non·
317 420 467 496 appetivi,
493 421 549 480 sed
564 420 602 478 ab
616 430 650 478 re
665 416 789 493 publica
803 417 875 477 mihi
889 416 1060 492 impositam
1074 435 1121 478 sus·

43 514 49 523 “
117 504 209 576 tinui,
233 503 312 564 sicut
324 505 415 564 huius
429 502 548 578 imperii
563 501 694 577 dignitas
709 503 739 559 in
750 517 867 560 summo
882 501 1018 576 periculo
1036 501 1121 560 civiuo

21 639 27 645 .
118 587 300 663 postulabat.
330 587 418 660 Quod
439 587 464 645 si
485 594 561 658 tum,
582 602 675 660 quum
693 601 744 643 res
766 584 893 657 publiea¹
911 583 975 642 vim
989 593 1020 644 et
1033 584 1121 644 severi·

119 680 209 732 tatem
230 667 437 744 desiderabat,
460 668 517 728 vici
539 677 676 729 naturam
691 675 721 727 et
736 675 798 726 tam
811 668 979 727 vehemens
996 667 1038 727 tui
1056 683 1121 740 quan

119 753 260 828 cogebar,
275 770 335 814 non
355 770 445 828 quam
463 752 612 822 volebam,
627 766 716 822 nune,
735 767 828 825 quum
844 765 952 810 omnes
970 766 1019 810 me
1035 766 1121 810 causu

118 838 158 896 ad
184 835 421 896 misericordiam
449 844 541 909 atque
571 835 610 893 ad
634 833 849 893 humanitatem
877 841 1006 905 vocent,
1035 842 1121 907 quanti

118 920 239 980 tandem
264 920 365 982 studio
391 919 488 977 debeo
514 926 638 977 naturae
667 933 753 976 meae
781 915 1058 995 consuetudinique
1080 932 1121 976 ser·

118 1002 211 1061 viret
238 1005 285 1061 Ac
311 1004 350 1061 de
374 1001 476 1060 olticio
502 999 690 1060 detensionis
719 1014 805 1058 meae
829 1015 866 1058 ao
890 998 928 1058 de
954 998 1071 1059 ratione
1091 1014 1121 1057 ac·

119 1083 284 1145 cusationis
308 1093 378 1143 tuae
398 1085 529 1143 tortasse
545 1085 634 1143 etiam
651 1082 710 1142 alia
728 1080 759 1141 in
776 1091 863 1156 parte
881 1081 1031 1142 orationis
1047 1083 1121 1141 dicen·

118 1169 190 1227 dum
208 1166 297 1226 nobis
314 1166 378 1229 erit.

130 1313 137 1320 ‚
201 1247 229 1305 7.
256 1247 318 1307 Sed
339 1265 400 1321 me,
423 1248 555 1322 iudices,
578 1265 639 1309 non
658 1247 758 1307 minus
781 1245 913 1306 hominis
928 1246 1121 1321 sapientissiu

118 1330 408 1405 atquo'ornatissimi
425 1331 488 1391 Ser.
504 1331 631 1407 Sulpicii
646 1330 826 1405 conquestio
851 1347 949 1404 quam
961 1330 1081 1391 Catonis
1091 1344 1121 1388 ac

119 1412 236 1473 cusatio
252 1415 477 1487 commovebat,
495 1413 547 1488 qui
564 1413 743 1488 gravissime
758 1421 787 1485 et
804 1412 1004 1473 acerbissime
1021 1416 1121 1473 terres<

119 1495 195 1555 dixit
215 1512 263 1555 me
284 1496 490 1557 familiaritatis
510 1495 807 1570 necessitudinisque
829 1495 956 1556 oblitum
976 1495 1121 1557 causant

118 1579 263 1638 Murenae
278 1588 383 1640 eontra
394 1597 428 1640 se
440 1581 613 1639 defendere.
640 1581 716 1640 Huic
728 1594 796 1654 ego,
811 1577 939 1653 iudices,
958 1579 1121 1639 satislaceu

119 1660 210 1735 cupio
225 1678 345 1736 vosque
365 1663 509 1723 adhibere
526 1663 665 1723 arbitros.
696 1663 770 1721 Nam
789 1678 881 1736 quum
899 1678 995 1736 grave
1013 1672 1059 1722 est
1075 1675 1121 1721 vert

98 1763 100 1768 ·
118 1744 258 1805 accusari
278 1745 308 1804 in
327 1745 456 1805 amicitia
479 1746 666 1817 tum,.etiam
685 1746 711 1806 si
734 1746 811 1804 laiso
828 1745 1001 1817 accuseris,
1023 1758 1121 1804 nones

119 1828 341 1902 negligendum.
382 1829 462 1903 Ege,
489 1828 552 1889 Ser.
574 1828 704 1909 Sulpici,
732 1842 780 1889 me
801 1829 832 1888 in
850 1827 999 1902 petitione
1023 1837 1069 1889 tua
1090 1825 1121 1885 tib

119 1910 220 1981 omnia
241 1911 343 1971 studia
364 1919 457 1985 atque
477 1911 578 1971 olficia
597 1910 654 1986 pro
675 1920 779 1972 nostra
800 1911 1030 1971 necessitudine
1046 1909 1121 1985 etde

118 1991 224 2052 buisse
238 1995 387 2054 confiteor
401 2003 431 2054 et
442 1994 631 2068 praestitisse
641 1993 779 2053 arbitror.
801 1994 879 2052 Nihil
891 1993 944 2053 tibi
956 1995 1121 2055 consulatur

117 2074 232 2149 petenti
246 2091 264 2133 a
278 2092 326 2134 me
346 2077 441 2136 deluit
461 2079 544 2150 quod
564 2085 647 2136 esset
662 2085 714 2136 aut
727 2077 768 2135 'ab
789 2076 992 2136 amico'auta
1013 2075 1121 2151 gratioso

61 2178 65 2189 ¹
118 2165 170 2218 aut
184 2174 203 2216 a
217 2159 343 2218 consule
359 2160 591 2232 postulandum.
613 2159 695 2219 Abiit
705 2158 779 2218 illud
795 2165 929 2249 tempus:
946 2168 1058 2221 mutata
1067 2153 1121 2216 ratio

118 2248 174 2301 est.
204 2238 256 2299 Sic
275 2241 430 2314 existimo,
453 2242 498 2302 sic
519 2241 591 2301 mihi
611 2243 799 2317 persuadeo,
821 2256 869 2301 me
892 2242 944 2302 tibi
967 2252 1069 2304 eontra
1085 2239 1121 2298 bo

118 2339 223 2382 norem
234 2322 267 2382 L.
280 2325 433 2397 Murenae,
448 2333 590 2399 quantum
603 2335 634 2386 tu
646 2342 664 2383 a
675 2341 722 2383 me
735 2326 891 2398 postulare
906 2342 1003 2385 ausus
1014 2325 1065 2396 sis,
1078 2331 1121 2382 un·

79 2438 86 2464 ,ι
117 2413 179 2466 ιιιιιι
194 2406 354 2481 debuisse,
373 2416 478 2469 contra
493 2409 619 2467 salutern
636 2407 708 2467 nihil
723 2408 845 2467 debere.
883 2405 913 2468 8.
934 2409 1041 2482 Neque
1054 2405 1121 2472 onina

118 2486 146 2546 si
160 2486 212 2546 tibi
229 2498 298 2560 tum,
315 2508 406 2564 quum
421 2493 611 2550 consulatum
627 2500 757 2565 peteres,
775 2490 845 2563 lavi,
863 2506 954 2562 nunc,
973 2507 1065 2565 quum
1075 2487 1121 2546 lliu-

117 2585 223 2628 renam
238 2572 338 2644 ipsum
348 2582 445 2647 petas,
463 2573 583 2655 adiutor
597 2575 705 2633 eodem
717 2579 806 2648 pacto
822 2588 894 2633 esse
906 2574 1030 2634 debeo..
1044 2577 1121 2644 Atque

116 2651 176 2712 lroc
192 2668 250 2711 non
272 2655 366 2714 modo
377 2671 439 2716 non
453 2657 584 2729 laudari,
609 2658 666 2717 sed
687 2672 725 2714 ne
746 2655 875 2716 concedi
892 2656 1018 2729 quidem
1034 2657 1121 2730 potest

116 2743 158 2807 ut,
173 2735 279 2795 amicis
296 2738 408 2798 nestris
426 2739 639 2799 accusantibus
651 2756 711 2799 nen
723 2740 812 2798 etiam
823 2739 1030 2799 alienissimos
1041 2737 1121 2797 delen·

117 2818 236 2881 damus:
268 2820 320 2879 tv.
342 2820 415 2880 Mihi
429 2831 529 2883 autem
544 2838 613 2882 cum
627 2822 768 2894 Murena,
790 2820 923 2897 iudiceS,
936 2830 976 2882 et
994 2820 1121 2894 magnaei

9 2920 13 2935 ·
117 2911 205 2962 vetus
225 2901 356 2963 amicitia
376 2913 438 2978 ost,
459 2904 590 2979 quaein
611 2904 720 2978 capitis
741 2903 935 2964 dimicatione
956 2921 980 2971 a⁴
997 2904 1060 2965 Ser.
1073 2897 1122 2960 Sui·

116 2983 198 3058 picio
213 2990 279 3045 ιιοιι·
290 2984 404 3047 ideirco
422 2989 579 3059 obruetur,
603 2988 688 3062 quod
706 2987 745 3047 ab
760 2987 874 3046 eodem·
885 2986 915 3046 in
931 2985 1057 3047 honoris
1069 2995 1121 3042 eoo·

116 3067 250 3128 tentione
264 3079 407 3144 superato
422 3078 483 3130 est.
515 3069 597 3141 Quae
619 3069 645 3130 si
661 3085 755 3131 eausa
775 3086 837 3129 non
857 3077 956 3141 esset,
980 3079 1075 3130 tamen
1087 3059 1121 3123 rai

117 3147 247 3221 dignitas
262 3151 393 3212 hominis
409 3154 457 3212 vel
472 3152 598 3212 honoris
613 3152 695 3224 eius,
713 3168 804 3227 quern
818 3151 948 3225 adeptus
965 3161 1029 3225 est,
1040 3143 1121 3221 ampli

118 3230 191 3289 tudo
208 3249 361 3295 summam
382 3235 453 3315 inibi
466 3235 640 3310 superbiae
661 3234 911 3308 crudelitatisque
932 3233 1121 3294 tamam-inus·

118 3310 221 3384 sisset,
234 3315 260 3373 si
271 3317 402 3377 hominis
412 3326 443 3378 et
453 3317 519 3377 suis
530 3327 560 3379 et
572 3317 814 3392 populiRomani
826 3317 1012 3386 ornamentis
1023 3310 1120 3389 amplis·

117 3392 185 3456 simi
206 3410 330 3459 causam
347 3399 421 3461 tanti
438 3399 567 3473 periculi
590 3399 813 3483 repudiassem.
845 3398 962 3475 'Neque
987 3401 1063 3463 enim
1079 3396 1120 3453 iao
