<?xml version="1.0" encoding="UTF-8"?>
<!DOCTYPE html PUBLIC "-//W3C//DTD XHTML 1.0 Transitional//EN"
    "http://www.w3.org/TR/xhtml1/DTD/xhtml1-transitional.dtd">
<html xmlns="http://www.w3.org/1999/xhtml" xml:lang="en" lang="en">
 <head>
  <title>
</title>
<meta http-equiv="Content-Type" content="text/html;charset=utf-8" />
  <meta name='ocr-system' content='tesseract 3.04.00' />
  <meta name='ocr-capabilities' content='ocr_page ocr_carea ocr_par ocr_line ocrx_word'/>
</head>
<body>
  <div class='ocr_page' id='page_1' title='image "./mtulliiciceroni08cicegoog_0221.png"; bbox 0 0 2356 3854; ppageno 0'>
   <div class='ocr_carea' id='block_1_1' title="bbox 917 91 932 121">
    <p class='ocr_par' dir='ltr' id='par_1_1' title="bbox 917 91 932 121">
     <span class='ocr_line' id='line_1_1' title="bbox 917 91 932 121; baseline 0 0"><span class='ocrx_word' id='word_1_1' title='bbox 917 91 932 121; x_wconf 56' lang='grc' dir='ltr'><strong>Χ</strong></span> 
     </span>
    </p>
   </div>
   <div class='ocr_carea' id='block_1_2' title="bbox 117 148 900 292">
    <p class='ocr_par' dir='ltr' id='par_1_2' title="bbox 117 148 900 292">
     <span class='ocr_line' id='line_1_2' title="bbox 117 148 900 292; baseline -0.004 -35"><span class='ocrx_word' id='word_1_2' title='bbox 117 203 180 267; x_wconf 85' lang='grc'>190</span> <span class='ocrx_word' id='word_1_3' title='bbox 243 254 245 260; x_wconf 89' lang='grc'>,</span> <span class='ocrx_word' id='word_1_4' title='bbox 397 196 471 256; x_wconf 88' lang='lat' dir='ltr'>PRO</span> <span class='ocrx_word' id='word_1_5' title='bbox 487 197 520 255; x_wconf 90' lang='lat' dir='ltr'>L.</span> <span class='ocrx_word' id='word_1_6' title='bbox 535 148 701 265; x_wconf 62' lang='lat' dir='ltr'>munterte</span> <span class='ocrx_word' id='word_1_7' title='bbox 713 195 864 264; x_wconf 74' lang='lat' dir='ltr'>ORATIO.</span> <span class='ocrx_word' id='word_1_8' title='bbox 897 284 900 292; x_wconf 30' lang='grc' dir='ltr'>Ι</span> 
     </span>
    </p>
   </div>
   <div class='ocr_carea' id='block_1_3' title="bbox 56 347 1161 1168">
    <p class='ocr_par' dir='ltr' id='par_1_3' title="bbox 68 347 1124 672">
     <span class='ocr_line' id='line_1_3' title="bbox 68 347 1123 426; baseline -0.003 -15"><span class='ocrx_word' id='word_1_9' title='bbox 68 359 74 376; x_wconf 91' lang='grc'>·</span> <span class='ocrx_word' id='word_1_10' title='bbox 118 366 189 411; x_wconf 91' lang='lat' dir='ltr'>esse</span> <span class='ocrx_word' id='word_1_11' title='bbox 213 358 300 422; x_wconf 90' lang='lat' dir='ltr'>potes</span> <span class='ocrx_word' id='word_1_12' title='bbox 314 380 365 419; x_wconf 89' lang='lat'>-,</span> <span class='ocrx_word' id='word_1_13' title='bbox 381 348 437 406; x_wconf 93' lang='lat' dir='ltr'>sed</span> <span class='ocrx_word' id='word_1_14' title='bbox 452 347 554 420; x_wconf 87' lang='lat' dir='ltr'>paullo</span> <span class='ocrx_word' id='word_1_15' title='bbox 569 348 608 405; x_wconf 90' lang='lat' dir='ltr'>ad</span> <span class='ocrx_word' id='word_1_16' title='bbox 623 348 772 407; x_wconf 80' lang='lat' dir='ltr'>lenitatem</span> <span class='ocrx_word' id='word_1_17' title='bbox 788 347 980 426; x_wconf 73' lang='lat' dir='ltr'>propensior.</span> <span class='ocrx_word' id='word_1_18' title='bbox 1011 349 1073 408; x_wconf 89' lang='lat' dir='ltr'>Non</span> <span class='ocrx_word' id='word_1_19' title='bbox 1087 365 1123 408; x_wconf 87' lang='lat' dir='ltr'>ac·</span> 
     </span>
     <span class='ocr_line' id='line_1_4' title="bbox 118 428 1123 504; baseline -0.002 -12"><span class='ocrx_word' id='word_1_20' title='bbox 118 447 242 492; x_wconf 90' lang='lat' dir='ltr'>cusares</span> <span class='ocrx_word' id='word_1_21' title='bbox 260 429 351 488; x_wconf 87' lang='lat' dir='ltr'>nullis</span> <span class='ocrx_word' id='word_1_22' title='bbox 371 430 521 489; x_wconf 88' lang='lat' dir='ltr'>adductus</span> <span class='ocrx_word' id='word_1_23' title='bbox 542 428 719 500; x_wconf 86' lang='lat' dir='ltr'>inimicitiis,</span> <span class='ocrx_word' id='word_1_24' title='bbox 745 431 834 488; x_wconf 80' lang='lat' dir='ltr'>nulia.</span> <span class='ocrx_word' id='word_1_25' title='bbox 845 430 1008 491; x_wconf 89' lang='lat' dir='ltr'>lacessitus</span> <span class='ocrx_word' id='word_1_26' title='bbox 1028 430 1123 504; x_wconf 87' lang='lat' dir='ltr'>iniuria,</span> 
     </span>
     <span class='ocr_line' id='line_1_5' title="bbox 116 506 1124 589; baseline -0.002 -15"><span class='ocrx_word' id='word_1_27' title='bbox 116 513 370 589; x_wconf 90' lang='lat' dir='ltr'>pudentissimum</span> <span class='ocrx_word' id='word_1_28' title='bbox 390 506 557 583; x_wconf 78' lang='lat' dir='ltr'>hominem,</span> <span class='ocrx_word' id='word_1_29' title='bbox 583 529 700 570; x_wconf 89' lang='lat' dir='ltr'>summa</span> <span class='ocrx_word' id='word_1_30' title='bbox 717 511 860 586; x_wconf 79' lang='lat' dir='ltr'>dignitate</span> <span class='ocrx_word' id='word_1_31' title='bbox 876 521 970 587; x_wconf 89' lang='lat' dir='ltr'>atque</span> <span class='ocrx_word' id='word_1_32' title='bbox 987 514 1124 574; x_wconf 83' lang='lat' dir='ltr'>honestate</span> 
     </span>
     <span class='ocr_line' id='line_1_6' title="bbox 116 594 1124 672; baseline 0 -18"><span class='ocrx_word' id='word_1_33' title='bbox 116 596 299 672; x_wconf 85' lang='lat' dir='ltr'>praeditum:</span> <span class='ocrx_word' id='word_1_34' title='bbox 315 603 448 669; x_wconf 83' lang='lat' dir='ltr'>putares,</span> <span class='ocrx_word' id='word_1_35' title='bbox 465 611 557 668; x_wconf 93' lang='lat' dir='ltr'>quum</span> <span class='ocrx_word' id='word_1_36' title='bbox 572 594 601 652; x_wconf 93' lang='lat' dir='ltr'>in</span> <span class='ocrx_word' id='word_1_37' title='bbox 617 595 752 654; x_wconf 91' lang='lat' dir='ltr'>eiusdem</span> <span class='ocrx_word' id='word_1_38' title='bbox 770 595 840 654; x_wconf 86' lang='lat' dir='ltr'>unni</span> <span class='ocrx_word' id='word_1_39' title='bbox 855 597 996 655; x_wconf 88' lang='lat' dir='ltr'>custodia</span> <span class='ocrx_word' id='word_1_40' title='bbox 1010 606 1039 656; x_wconf 91' lang='lat' dir='ltr'>te</span> <span class='ocrx_word' id='word_1_41' title='bbox 1051 604 1124 670; x_wconf 88' lang='lat' dir='ltr'>atquo</span> 
     </span>
    </p>

    <p class='ocr_par' dir='ltr' id='par_1_4' title="bbox 56 672 1161 1168">
     <span class='ocr_line' id='line_1_7' title="bbox 82 672 1123 754; baseline -0.006 -14"><span class='ocrx_word' id='word_1_42' title='bbox 82 694 84 699; x_wconf 79' lang='grc'>’</span> <span class='ocrx_word' id='word_1_43' title='bbox 115 681 149 740; x_wconf 88' lang='lat' dir='ltr'>L.</span> <span class='ocrx_word' id='word_1_44' title='bbox 161 679 315 737; x_wconf 85' lang='lat' dir='ltr'>Murenam</span> <span class='ocrx_word' id='word_1_45' title='bbox 328 680 448 738; x_wconf 80' lang='lat' dir='ltr'>fortuna</span> <span class='ocrx_word' id='word_1_46' title='bbox 458 672 623 751; x_wconf 81' lang='lat' dir='ltr'>posuisset,</span> <span class='ocrx_word' id='word_1_47' title='bbox 639 678 741 750; x_wconf 87' lang='lat' dir='ltr'>aliquo</span> <span class='ocrx_word' id='word_1_48' title='bbox 753 686 783 737; x_wconf 91' lang='lat' dir='ltr'>te</span> <span class='ocrx_word' id='word_1_49' title='bbox 795 677 932 739; x_wconf 87' lang='lat' dir='ltr'>cumhoc</span> <span class='ocrx_word' id='word_1_50' title='bbox 946 679 991 738; x_wconf 91' lang='lat' dir='ltr'>rei</span> <span class='ocrx_word' id='word_1_51' title='bbox 1005 678 1123 754; x_wconf 84' lang='lat' dir='ltr'>publicae</span> 
     </span>
     <span class='ocr_line' id='line_1_8' title="bbox 56 759 1123 834; baseline 0 -13"><span class='ocrx_word' id='word_1_52' title='bbox 56 789 60 795; x_wconf 53' lang='grc'><strong>«</strong></span> <span class='ocrx_word' id='word_1_53' title='bbox 116 761 236 821; x_wconf 87' lang='lat' dir='ltr'>vinculo</span> <span class='ocrx_word' id='word_1_54' title='bbox 261 778 332 820; x_wconf 91' lang='lat' dir='ltr'>esse</span> <span class='ocrx_word' id='word_1_55' title='bbox 355 759 561 820; x_wconf 86' lang='lat' dir='ltr'>coniunctum:</span> <span class='ocrx_word' id='word_1_56' title='bbox 590 762 673 834; x_wconf 92' lang='lat' dir='ltr'>quod</span> <span class='ocrx_word' id='word_1_57' title='bbox 694 761 835 820; x_wconf 75' lang='lat' dir='ltr'><strong>atrociter</strong></span> <span class='ocrx_word' id='word_1_58' title='bbox 851 761 880 819; x_wconf 94' lang='lat' dir='ltr'>in</span> <span class='ocrx_word' id='word_1_59' title='bbox 903 770 1012 833; x_wconf 83' lang='lat' dir='ltr'>senatu</span> <span class='ocrx_word' id='word_1_60' title='bbox 1032 761 1123 830; x_wconf 74' lang='lat' dir='ltr'>dixisti</span> 
     </span>
     <span class='ocr_line' id='line_1_9' title="bbox 115 842 1122 918; baseline -0.004 -13"><span class='ocrx_word' id='word_1_61' title='bbox 115 855 238 905; x_wconf 90' lang='lat' dir='ltr'>autnon</span> <span class='ocrx_word' id='word_1_62' title='bbox 251 843 384 904; x_wconf 85' lang='lat' dir='ltr'>dixisses</span> <span class='ocrx_word' id='word_1_63' title='bbox 396 852 447 902; x_wconf 93' lang='lat' dir='ltr'>aut</span> <span class='ocrx_word' id='word_1_64' title='bbox 459 842 656 916; x_wconf 81' lang='lat' dir='ltr'>seposuisses</span> <span class='ocrx_word' id='word_1_65' title='bbox 668 852 719 902; x_wconf 91' lang='lat' dir='ltr'>aut</span> <span class='ocrx_word' id='word_1_66' title='bbox 730 843 879 902; x_wconf 74' lang='lat' dir='ltr'>mitiorem</span> <span class='ocrx_word' id='word_1_67' title='bbox 888 844 918 902; x_wconf 90' lang='lat' dir='ltr'>in</span> <span class='ocrx_word' id='word_1_68' title='bbox 929 853 1043 918; x_wconf 90' lang='lat' dir='ltr'>partem</span> <span class='ocrx_word' id='word_1_69' title='bbox 1053 843 1122 903; x_wconf 88' lang='lat' dir='ltr'>inter-</span> 
     </span>
     <span class='ocr_line' id='line_1_10' title="bbox 115 922 1161 1003; baseline -0.003 -17"><span class='ocrx_word' id='word_1_70' title='bbox 115 937 277 1002; x_wconf 88' lang='lat' dir='ltr'>pretarere.</span> <span class='ocrx_word' id='word_1_71' title='bbox 304 922 357 986; x_wconf 82' lang='grc'>65.</span> <span class='ocrx_word' id='word_1_72' title='bbox 378 929 426 986; x_wconf 85' lang='lat' dir='ltr'>Ac</span> <span class='ocrx_word' id='word_1_73' title='bbox 440 935 469 985; x_wconf 92' lang='lat' dir='ltr'>te</span> <span class='ocrx_word' id='word_1_74' title='bbox 483 925 592 999; x_wconf 91' lang='lat' dir='ltr'>ipsum,</span> <span class='ocrx_word' id='word_1_75' title='bbox 611 935 755 1000; x_wconf 91' lang='lat' dir='ltr'>quantum</span> <span class='ocrx_word' id='word_1_76' title='bbox 770 943 827 1000; x_wconf 83' lang='lat' dir='ltr'>ego</span> <span class='ocrx_word' id='word_1_77' title='bbox 844 925 989 1000; x_wconf 89' lang='lat' dir='ltr'>opinione</span> <span class='ocrx_word' id='word_1_78' title='bbox 1004 941 1122 1000; x_wconf 80' lang='lat' dir='ltr'>auguror,</span> <span class='ocrx_word' id='word_1_79' title='bbox 1159 988 1161 1003; x_wconf 44' lang='grc' dir='ltr'>Ι</span> 
     </span>
     <span class='ocr_line' id='line_1_11' title="bbox 114 1006 1161 1082; baseline -0.003 -13"><span class='ocrx_word' id='word_1_80' title='bbox 114 1027 195 1070; x_wconf 91' lang='lat' dir='ltr'>nunc</span> <span class='ocrx_word' id='word_1_81' title='bbox 210 1017 239 1069; x_wconf 91' lang='lat' dir='ltr'>et</span> <span class='ocrx_word' id='word_1_82' title='bbox 253 1008 344 1068; x_wconf 85' lang='lat' dir='ltr'>animi</span> <span class='ocrx_word' id='word_1_83' title='bbox 357 1009 489 1082; x_wconf 90' lang='lat' dir='ltr'>quodam</span> <span class='ocrx_word' id='word_1_84' title='bbox 503 1010 618 1082; x_wconf 92' lang='lat' dir='ltr'>impetu</span> <span class='ocrx_word' id='word_1_85' title='bbox 628 1008 809 1069; x_wconf 89' lang='lat' dir='ltr'>concitatum</span> <span class='ocrx_word' id='word_1_86' title='bbox 824 1018 854 1069; x_wconf 91' lang='lat' dir='ltr'>et</span> <span class='ocrx_word' id='word_1_87' title='bbox 868 1008 899 1067; x_wconf 94' lang='lat' dir='ltr'>vi</span> <span class='ocrx_word' id='word_1_88' title='bbox 913 1019 1039 1070; x_wconf 89' lang='lat' dir='ltr'>naturae</span> <span class='ocrx_word' id='word_1_89' title='bbox 1052 1017 1121 1082; x_wconf 84' lang='lat' dir='ltr'>atque</span> <span class='ocrx_word' id='word_1_90' title='bbox 1159 1006 1161 1017; x_wconf 92' lang='lat'>&#39;</span> 
     </span>
     <span class='ocr_line' id='line_1_12' title="bbox 114 1090 1121 1168; baseline -0.005 -15"><span class='ocrx_word' id='word_1_91' title='bbox 114 1093 224 1168; x_wconf 83' lang='lat' dir='ltr'>ingenii</span> <span class='ocrx_word' id='word_1_92' title='bbox 241 1093 351 1152; x_wconf 91' lang='lat' dir='ltr'>elatum</span> <span class='ocrx_word' id='word_1_93' title='bbox 367 1101 397 1151; x_wconf 90' lang='lat' dir='ltr'>et</span> <span class='ocrx_word' id='word_1_94' title='bbox 412 1090 584 1151; x_wconf 72' lang='lat' dir='ltr'>recentibus</span> <span class='ocrx_word' id='word_1_95' title='bbox 597 1092 828 1165; x_wconf 91' lang='lat' dir='ltr'>praeceptorum</span> <span class='ocrx_word' id='word_1_96' title='bbox 843 1091 953 1152; x_wconf 90' lang='lat' dir='ltr'>studiis</span> <span class='ocrx_word' id='word_1_97' title='bbox 967 1091 1121 1166; x_wconf 84' lang='lat' dir='ltr'>flagrantem</span> 
     </span>
    </p>
   </div>
   <div class='ocr_carea' id='block_1_4' title="bbox 22 1171 1119 1249">
    <p class='ocr_par' dir='ltr' id='par_1_5' title="bbox 22 1171 1119 1249">
     <span class='ocr_line' id='line_1_13' title="bbox 22 1171 1119 1249; baseline -0.007 -13"><span class='ocrx_word' id='word_1_98' title='bbox 22 1208 29 1220; x_wconf 76' lang='lat'>=</span> <span class='ocrx_word' id='word_1_99' title='bbox 114 1176 173 1236; x_wconf 89' lang='lat' dir='ltr'>iam</span> <span class='ocrx_word' id='word_1_100' title='bbox 192 1193 266 1235; x_wconf 90' lang='lat' dir='ltr'>usus</span> <span class='ocrx_word' id='word_1_101' title='bbox 283 1173 393 1245; x_wconf 87' lang='lat' dir='ltr'>flectet,</span> <span class='ocrx_word' id='word_1_102' title='bbox 410 1172 476 1232; x_wconf 91' lang='lat' dir='ltr'>dies</span> <span class='ocrx_word' id='word_1_103' title='bbox 487 1173 587 1243; x_wconf 86' lang='lat' dir='ltr'>leniet,</span> <span class='ocrx_word' id='word_1_104' title='bbox 605 1184 689 1235; x_wconf 89' lang='lat' dir='ltr'>aetas</span> <span class='ocrx_word' id='word_1_105' title='bbox 705 1173 859 1249; x_wconf 81' lang='lat' dir='ltr'>mitigabit.</span> <span class='ocrx_word' id='word_1_106' title='bbox 888 1175 1008 1234; x_wconf 80' lang='lat' dir='ltr'>Etenim</span> <span class='ocrx_word' id='word_1_107' title='bbox 1021 1174 1068 1234; x_wconf 89' lang='lat' dir='ltr'>isti</span> <span class='ocrx_word' id='word_1_108' title='bbox 1079 1171 1119 1247; x_wconf 85' lang='lat' dir='ltr'>ipsi</span> 
     </span>
    </p>
   </div>
   <div class='ocr_carea' id='block_1_5' title="bbox 69 1255 1161 3505">
    <p class='ocr_par' dir='ltr' id='par_1_6' title="bbox 69 1255 1161 3505">
     <span class='ocr_line' id='line_1_14' title="bbox 114 1255 1119 1334; baseline -0.003 -18"><span class='ocrx_word' id='word_1_109' title='bbox 114 1257 187 1317; x_wconf 91' lang='lat' dir='ltr'>mihi</span> <span class='ocrx_word' id='word_1_110' title='bbox 203 1257 344 1334; x_wconf 90' lang='lat' dir='ltr'>videntur</span> <span class='ocrx_word' id='word_1_111' title='bbox 364 1255 459 1315; x_wconf 88' lang='lat' dir='ltr'>vestri</span> <span class='ocrx_word' id='word_1_112' title='bbox 480 1266 695 1331; x_wconf 91' lang='lat' dir='ltr'>praeceptores</span> <span class='ocrx_word' id='word_1_113' title='bbox 718 1267 748 1317; x_wconf 85' lang='lat' dir='ltr'>et</span> <span class='ocrx_word' id='word_1_114' title='bbox 769 1257 888 1318; x_wconf 90' lang='lat' dir='ltr'>virtutis</span> <span class='ocrx_word' id='word_1_115' title='bbox 908 1257 1045 1331; x_wconf 82' lang='lat' dir='ltr'>magistri</span> <span class='ocrx_word' id='word_1_116' title='bbox 1064 1259 1119 1315; x_wconf 84' lang='lat' dir='ltr'>fiaes</span> 
     </span>
     <span class='ocr_line' id='line_1_15' title="bbox 114 1339 1120 1414; baseline -0.004 -14"><span class='ocrx_word' id='word_1_117' title='bbox 114 1339 283 1400; x_wconf 80' lang='lat' dir='ltr'>officiorum</span> <span class='ocrx_word' id='word_1_118' title='bbox 302 1339 402 1412; x_wconf 87' lang='lat' dir='ltr'>paullo</span> <span class='ocrx_word' id='word_1_119' title='bbox 424 1339 544 1411; x_wconf 84' lang='lat' dir='ltr'>longius</span> <span class='ocrx_word' id='word_1_120' title='bbox 560 1356 650 1413; x_wconf 87' lang='lat' dir='ltr'>quam</span> <span class='ocrx_word' id='word_1_121' title='bbox 667 1349 774 1400; x_wconf 87' lang='lat' dir='ltr'>natura</span> <span class='ocrx_word' id='word_1_122' title='bbox 790 1342 879 1400; x_wconf 85' lang='lat' dir='ltr'>vellet</span> <span class='ocrx_word' id='word_1_123' title='bbox 898 1340 1120 1414; x_wconf 59' lang='lat' dir='ltr'>protulissent</span> 
     </span>
     <span class='ocr_line' id='line_1_16' title="bbox 115 1421 1120 1497; baseline -0.004 -16"><span class='ocrx_word' id='word_1_124' title='bbox 115 1439 206 1497; x_wconf 89' lang='lat' dir='ltr'>quum</span> <span class='ocrx_word' id='word_1_125' title='bbox 219 1423 258 1480; x_wconf 88' lang='lat' dir='ltr'>ad</span> <span class='ocrx_word' id='word_1_126' title='bbox 270 1421 404 1480; x_wconf 88' lang='lat' dir='ltr'>ultimum</span> <span class='ocrx_word' id='word_1_127' title='bbox 416 1421 516 1481; x_wconf 89' lang='lat' dir='ltr'>animo</span> <span class='ocrx_word' id='word_1_128' title='bbox 528 1422 802 1494; x_wconf 90' lang='lat' dir='ltr'>contendissemus,</span> <span class='ocrx_word' id='word_1_129' title='bbox 815 1422 856 1482; x_wconf 94' lang='lat' dir='ltr'>ibi</span> <span class='ocrx_word' id='word_1_130' title='bbox 869 1430 976 1495; x_wconf 88' lang='lat' dir='ltr'>tamen,</span> <span class='ocrx_word' id='word_1_131' title='bbox 989 1423 1041 1482; x_wconf 85' lang='lat' dir='ltr'>ubi</span> <span class='ocrx_word' id='word_1_132' title='bbox 1052 1435 1120 1495; x_wconf 89' lang='lat' dir='ltr'>opor·</span> 
     </span>
     <span class='ocr_line' id='line_1_17' title="bbox 113 1504 1120 1579; baseline -0.009 -12"><span class='ocrx_word' id='word_1_133' title='bbox 113 1514 203 1574; x_wconf 88' lang='lat' dir='ltr'>teret,</span> <span class='ocrx_word' id='word_1_134' title='bbox 231 1504 477 1564; x_wconf 87' lang='lat' dir='ltr'>consisteremus.</span> <span class='ocrx_word' id='word_1_135' title='bbox 509 1504 586 1563; x_wconf 87' lang='lat' dir='ltr'>Nihil</span> <span class='ocrx_word' id='word_1_136' title='bbox 606 1504 771 1578; x_wconf 84' lang='lat' dir='ltr'>ignoveris.</span> <span class='ocrx_word' id='word_1_137' title='bbox 809 1507 902 1564; x_wconf 91' lang='lat' dir='ltr'>lmmo</span> <span class='ocrx_word' id='word_1_138' title='bbox 924 1505 1054 1579; x_wconf 87' lang='lat' dir='ltr'>aliquid,</span> <span class='ocrx_word' id='word_1_139' title='bbox 1076 1517 1120 1562; x_wconf 87' lang='lat' dir='ltr'>nou</span> 
     </span>
     <span class='ocr_line' id='line_1_18' title="bbox 114 1586 1118 1663; baseline -0.003 -14"><span class='ocrx_word' id='word_1_140' title='bbox 114 1586 224 1649; x_wconf 92' lang='lat' dir='ltr'>omnia.</span> <span class='ocrx_word' id='word_1_141' title='bbox 254 1587 332 1646; x_wconf 89' lang='lat' dir='ltr'>Nihil</span> <span class='ocrx_word' id='word_1_142' title='bbox 351 1586 465 1661; x_wconf 80' lang='lat' dir='ltr'>gratiae</span> <span class='ocrx_word' id='word_1_143' title='bbox 486 1603 581 1646; x_wconf 86' lang='lat' dir='ltr'>causa</span> <span class='ocrx_word' id='word_1_144' title='bbox 601 1588 720 1648; x_wconf 82' lang='lat' dir='ltr'>feceris.</span> <span class='ocrx_word' id='word_1_145' title='bbox 751 1589 845 1647; x_wconf 91' lang='lat' dir='ltr'>Immo</span> <span class='ocrx_word' id='word_1_146' title='bbox 865 1586 1118 1663; x_wconf 73' lang='lat' dir='ltr'>resistitogratiue</span> 
     </span>
     <span class='ocr_line' id='line_1_19' title="bbox 115 1670 1120 1747; baseline -0.006 -16"><span class='ocrx_word' id='word_1_147' title='bbox 115 1687 206 1747; x_wconf 92' lang='lat' dir='ltr'>quum</span> <span class='ocrx_word' id='word_1_148' title='bbox 228 1670 360 1729; x_wconf 82' lang='lat' dir='ltr'>osticium</span> <span class='ocrx_word' id='word_1_149' title='bbox 382 1679 411 1730; x_wconf 90' lang='lat' dir='ltr'>et</span> <span class='ocrx_word' id='word_1_150' title='bbox 431 1670 508 1729; x_wconf 88' lang='lat' dir='ltr'>fides</span> <span class='ocrx_word' id='word_1_151' title='bbox 529 1672 703 1744; x_wconf 83' lang='lat' dir='ltr'>postulabit.</span> <span class='ocrx_word' id='word_1_152' title='bbox 742 1671 953 1731; x_wconf 80' lang='lat' dir='ltr'>Misericordia</span> <span class='ocrx_word' id='word_1_153' title='bbox 974 1677 1120 1730; x_wconf 78' lang='lat' dir='ltr'>commotus</span> 
     </span>
     <span class='ocr_line' id='line_1_20' title="bbox 112 1751 1119 1826; baseline -0.005 -12"><span class='ocrx_word' id='word_1_154' title='bbox 112 1770 152 1814; x_wconf 90' lang='lat' dir='ltr'>ne</span> <span class='ocrx_word' id='word_1_155' title='bbox 166 1753 219 1814; x_wconf 91' lang='lat' dir='ltr'>sis.</span> <span class='ocrx_word' id='word_1_156' title='bbox 248 1753 354 1825; x_wconf 74' lang='lat' dir='ltr'>Etiam,</span> <span class='ocrx_word' id='word_1_157' title='bbox 372 1752 401 1812; x_wconf 91' lang='lat' dir='ltr'>in</span> <span class='ocrx_word' id='word_1_158' title='bbox 419 1754 616 1813; x_wconf 90' lang='lat' dir='ltr'>dissolvenda</span> <span class='ocrx_word' id='word_1_159' title='bbox 631 1753 803 1826; x_wconf 89' lang='lat' dir='ltr'>severitate,</span> <span class='ocrx_word' id='word_1_160' title='bbox 824 1755 879 1813; x_wconf 89' lang='lat' dir='ltr'>sed</span> <span class='ocrx_word' id='word_1_161' title='bbox 895 1762 996 1813; x_wconf 89' lang='lat' dir='ltr'>tamen</span> <span class='ocrx_word' id='word_1_162' title='bbox 1014 1761 1059 1813; x_wconf 90' lang='lat' dir='ltr'>est</span> <span class='ocrx_word' id='word_1_163' title='bbox 1070 1751 1119 1809; x_wconf 81' lang='lat' dir='ltr'>taut</span> 
     </span>
     <span class='ocr_line' id='line_1_21' title="bbox 113 1834 1119 1912; baseline -0.002 -17"><span class='ocrx_word' id='word_1_164' title='bbox 113 1836 214 1912; x_wconf 90' lang='lat' dir='ltr'>aliqua</span> <span class='ocrx_word' id='word_1_165' title='bbox 228 1835 429 1897; x_wconf 86' lang='lat' dir='ltr'>humanitatis.</span> <span class='ocrx_word' id='word_1_166' title='bbox 462 1838 494 1894; x_wconf 89' lang='lat' dir='ltr'>ln</span> <span class='ocrx_word' id='word_1_167' title='bbox 512 1835 661 1895; x_wconf 91' lang='lat' dir='ltr'>sententia</span> <span class='ocrx_word' id='word_1_168' title='bbox 678 1845 862 1910; x_wconf 79' lang='lat' dir='ltr'>permaneto.</span> <span class='ocrx_word' id='word_1_169' title='bbox 891 1838 986 1908; x_wconf 90' lang='lat' dir='ltr'>Vero,</span> <span class='ocrx_word' id='word_1_170' title='bbox 1002 1834 1058 1895; x_wconf 94' lang='lat' dir='ltr'>nisi</span> <span class='ocrx_word' id='word_1_171' title='bbox 1069 1846 1119 1893; x_wconf 82' lang='lat' dir='ltr'>set·</span> 
     </span>
     <span class='ocr_line' id='line_1_22' title="bbox 112 1913 1161 1981; baseline -0.003 -3"><span class='ocrx_word' id='word_1_172' title='bbox 112 1920 234 1979; x_wconf 91' lang='lat' dir='ltr'>tentiam</span> <span class='ocrx_word' id='word_1_173' title='bbox 250 1918 398 1979; x_wconf 90' lang='lat' dir='ltr'>sententia</span> <span class='ocrx_word' id='word_1_174' title='bbox 413 1920 472 1978; x_wconf 86' lang='lat' dir='ltr'>alia</span> <span class='ocrx_word' id='word_1_175' title='bbox 486 1919 592 1979; x_wconf 88' lang='lat' dir='ltr'>vicerit</span> <span class='ocrx_word' id='word_1_176' title='bbox 609 1919 724 1978; x_wconf 87' lang='lat' dir='ltr'>metior.</span> <span class='ocrx_word' id='word_1_177' title='bbox 755 1919 806 1979; x_wconf 87' lang='grc'>66.</span> <span class='ocrx_word' id='word_1_178' title='bbox 827 1919 964 1978; x_wconf 90' lang='lat' dir='ltr'>Huiusce</span> <span class='ocrx_word' id='word_1_179' title='bbox 979 1917 1059 1978; x_wconf 92' lang='lat' dir='ltr'>modi</span> <span class='ocrx_word' id='word_1_180' title='bbox 1072 1913 1127 1981; x_wconf 77' lang='lat' dir='ltr'>Sc&#39;r.</span> <span class='ocrx_word' id='word_1_181' title='bbox 1159 1924 1161 1929; x_wconf 85' lang='lat'>&#39;</span> 
     </span>
     <span class='ocr_line' id='line_1_23' title="bbox 112 1998 1117 2075; baseline 0.002 -17"><span class='ocrx_word' id='word_1_182' title='bbox 112 2001 163 2074; x_wconf 94' lang='lat' dir='ltr'>pio</span> <span class='ocrx_word' id='word_1_183' title='bbox 181 2001 231 2060; x_wconf 86' lang='lat' dir='ltr'>ilie</span> <span class='ocrx_word' id='word_1_184' title='bbox 248 2002 311 2072; x_wconf 83' lang='lat' dir='ltr'>tuit,</span> <span class='ocrx_word' id='word_1_185' title='bbox 327 2018 417 2075; x_wconf 91' lang='lat' dir='ltr'>quem</span> <span class='ocrx_word' id='word_1_186' title='bbox 434 2018 493 2060; x_wconf 93' lang='lat' dir='ltr'>non</span> <span class='ocrx_word' id='word_1_187' title='bbox 511 2002 685 2074; x_wconf 90' lang='lat' dir='ltr'>poenitebat</span> <span class='ocrx_word' id='word_1_188' title='bbox 702 2004 803 2061; x_wconf 87' lang='lat' dir='ltr'>iacere</span> <span class='ocrx_word' id='word_1_189' title='bbox 817 2003 906 2072; x_wconf 91' lang='lat' dir='ltr'>idem,</span> <span class='ocrx_word' id='word_1_190' title='bbox 927 2003 1010 2075; x_wconf 92' lang='lat' dir='ltr'>quod</span> <span class='ocrx_word' id='word_1_191' title='bbox 1029 2010 1068 2060; x_wconf 81' lang='lat' dir='ltr'>tu:</span> <span class='ocrx_word' id='word_1_192' title='bbox 1080 1998 1117 2075; x_wconf 70' lang='lat' dir='ltr'>hp·</span> 
     </span>
     <span class='ocr_line' id='line_1_24' title="bbox 112 2082 1161 2159; baseline -0.004 -18"><span class='ocrx_word' id='word_1_193' title='bbox 112 2082 185 2141; x_wconf 87' lang='lat' dir='ltr'>bere</span> <span class='ocrx_word' id='word_1_194' title='bbox 197 2083 430 2159; x_wconf 71' lang='lat' dir='ltr'>eruditissimum</span> <span class='ocrx_word' id='word_1_195' title='bbox 443 2085 593 2143; x_wconf 91' lang='lat' dir='ltr'>hominem</span> <span class='ocrx_word' id='word_1_196' title='bbox 604 2085 779 2144; x_wconf 81' lang='lat' dir='ltr'>Panaetium</span> <span class='ocrx_word' id='word_1_197' title='bbox 792 2084 888 2144; x_wconf 84' lang='lat' dir='ltr'>domi:</span> <span class='ocrx_word' id='word_1_198' title='bbox 907 2085 995 2146; x_wconf 91' lang='lat' dir='ltr'>cuius</span> <span class='ocrx_word' id='word_1_199' title='bbox 1008 2082 1116 2145; x_wconf 83' lang='lat' dir='ltr'>oration</span> <span class='ocrx_word' id='word_1_200' title='bbox 1159 2089 1161 2095; x_wconf 87' lang='grc'><strong>’</strong></span> 
     </span>
     <span class='ocr_line' id='line_1_25' title="bbox 112 2166 1114 2242; baseline 0.005 -17"><span class='ocrx_word' id='word_1_201' title='bbox 112 2174 142 2225; x_wconf 89' lang='lat' dir='ltr'>et</span> <span class='ocrx_word' id='word_1_202' title='bbox 152 2166 334 2241; x_wconf 86' lang='lat' dir='ltr'>praeceptis,</span> <span class='ocrx_word' id='word_1_203' title='bbox 351 2183 534 2241; x_wconf 89' lang='lat' dir='ltr'>quamquam</span> <span class='ocrx_word' id='word_1_204' title='bbox 547 2177 631 2226; x_wconf 90' lang='lat' dir='ltr'>erant</span> <span class='ocrx_word' id='word_1_205' title='bbox 642 2169 748 2226; x_wconf 89' lang='lat' dir='ltr'>eadem</span> <span class='ocrx_word' id='word_1_206' title='bbox 760 2168 828 2239; x_wconf 91' lang='lat' dir='ltr'>ista,</span> <span class='ocrx_word' id='word_1_207' title='bbox 845 2184 923 2242; x_wconf 86' lang='lat' dir='ltr'>quae</span> <span class='ocrx_word' id='word_1_208' title='bbox 938 2177 968 2228; x_wconf 92' lang='lat' dir='ltr'>te</span> <span class='ocrx_word' id='word_1_209' title='bbox 981 2169 1114 2229; x_wconf 81' lang='lat' dir='ltr'>delectant</span> 
     </span>
     <span class='ocr_line' id='line_1_26' title="bbox 110 2246 1161 2324; baseline -0.006 -15"><span class='ocrx_word' id='word_1_210' title='bbox 110 2257 210 2309; x_wconf 87' lang='lat' dir='ltr'>tamen</span> <span class='ocrx_word' id='word_1_211' title='bbox 225 2249 363 2324; x_wconf 90' lang='lat' dir='ltr'>asperior</span> <span class='ocrx_word' id='word_1_212' title='bbox 377 2267 437 2308; x_wconf 94' lang='lat' dir='ltr'>non</span> <span class='ocrx_word' id='word_1_213' title='bbox 454 2253 626 2322; x_wconf 71' lang='lat' dir='ltr'>estractus,</span> <span class='ocrx_word' id='word_1_214' title='bbox 642 2252 712 2322; x_wconf 91' lang='lat' dir='ltr'>sed,</span> <span class='ocrx_word' id='word_1_215' title='bbox 733 2259 764 2310; x_wconf 89' lang='lat' dir='ltr'>nt</span> <span class='ocrx_word' id='word_1_216' title='bbox 778 2252 884 2324; x_wconf 87' lang='lat' dir='ltr'>accepi</span> <span class='ocrx_word' id='word_1_217' title='bbox 903 2267 922 2308; x_wconf 94' lang='lat' dir='ltr'>a</span> <span class='ocrx_word' id='word_1_218' title='bbox 937 2251 1071 2320; x_wconf 88' lang='lat' dir='ltr'>senibus,</span> <span class='ocrx_word' id='word_1_219' title='bbox 1087 2246 1115 2305; x_wconf 81' lang='lat' dir='ltr'>le</span> <span class='ocrx_word' id='word_1_220' title='bbox 1157 2316 1161 2323; x_wconf 91' lang='lat'>.</span> 
     </span>
     <span class='ocr_line' id='line_1_27' title="bbox 111 2332 1115 2406; baseline -0.001 -16"><span class='ocrx_word' id='word_1_221' title='bbox 111 2332 283 2392; x_wconf 89' lang='lat' dir='ltr'>nissimus.&#39;</span> <span class='ocrx_word' id='word_1_222' title='bbox 305 2332 377 2405; x_wconf 81' lang='lat' dir='ltr'>Quis</span> <span class='ocrx_word' id='word_1_223' title='bbox 393 2350 466 2392; x_wconf 90' lang='lat' dir='ltr'>vero</span> <span class='ocrx_word' id='word_1_224' title='bbox 484 2333 515 2392; x_wconf 82' lang='lat' dir='ltr'>C.</span> <span class='ocrx_word' id='word_1_225' title='bbox 530 2333 632 2392; x_wconf 88' lang='lat' dir='ltr'>Laelio</span> <span class='ocrx_word' id='word_1_226' title='bbox 649 2333 786 2392; x_wconf 67' lang='lat' dir='ltr'>comior?</span> <span class='ocrx_word' id='word_1_227' title='bbox 811 2334 880 2406; x_wconf 92' lang='lat' dir='ltr'>quis</span> <span class='ocrx_word' id='word_1_228' title='bbox 895 2333 1066 2404; x_wconf 88' lang='lat' dir='ltr'>iucundior,</span> <span class='ocrx_word' id='word_1_229' title='bbox 1078 2342 1115 2389; x_wconf 72' lang='lat' dir='ltr'>eu</span> 
     </span>
     <span class='ocr_line' id='line_1_28' title="bbox 111 2415 1115 2489; baseline -0.005 -16"><span class='ocrx_word' id='word_1_230' title='bbox 111 2416 178 2473; x_wconf 80' lang='lat' dir='ltr'>dem</span> <span class='ocrx_word' id='word_1_231' title='bbox 196 2431 235 2475; x_wconf 88' lang='lat' dir='ltr'>ex</span> <span class='ocrx_word' id='word_1_232' title='bbox 250 2416 350 2476; x_wconf 91' lang='lat' dir='ltr'>studio</span> <span class='ocrx_word' id='word_1_233' title='bbox 366 2416 446 2476; x_wconf 79' lang='lat' dir='ltr'>istot</span> <span class='ocrx_word' id='word_1_234' title='bbox 473 2416 540 2489; x_wconf 90' lang='lat' dir='ltr'>quis</span> <span class='ocrx_word' id='word_1_235' title='bbox 562 2416 612 2475; x_wconf 87' lang='lat' dir='ltr'>illo</span> <span class='ocrx_word' id='word_1_236' title='bbox 631 2416 767 2489; x_wconf 79' lang='lat' dir='ltr'>gravior,</span> <span class='ocrx_word' id='word_1_237' title='bbox 793 2415 981 2488; x_wconf 74' lang='lat' dir='ltr'>sapientior?</span> <span class='ocrx_word' id='word_1_238' title='bbox 1011 2416 1115 2474; x_wconf 83' lang='lat' dir='ltr'>Possnu</span> 
     </span>
     <span class='ocr_line' id='line_1_29' title="bbox 110 2497 1115 2570; baseline -0.005 -15"><span class='ocrx_word' id='word_1_239' title='bbox 110 2497 150 2556; x_wconf 92' lang='lat' dir='ltr'>de</span> <span class='ocrx_word' id='word_1_240' title='bbox 164 2498 197 2555; x_wconf 90' lang='lat' dir='ltr'>L.</span> <span class='ocrx_word' id='word_1_241' title='bbox 211 2497 309 2570; x_wconf 88' lang='lat' dir='ltr'>Philo,</span> <span class='ocrx_word' id='word_1_242' title='bbox 332 2501 370 2557; x_wconf 91' lang='lat' dir='ltr'>de</span> <span class='ocrx_word' id='word_1_243' title='bbox 386 2501 415 2558; x_wconf 83' lang='lat' dir='ltr'>C.</span> <span class='ocrx_word' id='word_1_244' title='bbox 433 2499 517 2558; x_wconf 86' lang='lat' dir='ltr'>Gallo</span> <span class='ocrx_word' id='word_1_245' title='bbox 535 2499 636 2557; x_wconf 90' lang='lat' dir='ltr'>dicere</span> <span class='ocrx_word' id='word_1_246' title='bbox 658 2500 734 2557; x_wconf 89' lang='lat' dir='ltr'>baec</span> <span class='ocrx_word' id='word_1_247' title='bbox 754 2500 877 2569; x_wconf 89' lang='lat' dir='ltr'>eadem,</span> <span class='ocrx_word' id='word_1_248' title='bbox 898 2500 954 2558; x_wconf 92' lang='lat' dir='ltr'>sed</span> <span class='ocrx_word' id='word_1_249' title='bbox 973 2508 1002 2558; x_wconf 92' lang='lat' dir='ltr'>te</span> <span class='ocrx_word' id='word_1_250' title='bbox 1018 2500 1115 2567; x_wconf 82' lang='lat' dir='ltr'>donum</span> 
     </span>
     <span class='ocr_line' id='line_1_30' title="bbox 69 2579 1161 2656; baseline -0.005 -17"><span class='ocrx_word' id='word_1_251' title='bbox 69 2648 73 2655; x_wconf 25' lang='lat'><strong>¹</strong></span> <span class='ocrx_word' id='word_1_252' title='bbox 110 2579 436 2641; x_wconf 86' lang='lat' dir='ltr'>iamdeducamtuam.</span> <span class='ocrx_word' id='word_1_253' title='bbox 469 2581 695 2656; x_wconf 80' lang='lat' dir='ltr'>Quemquamne</span> <span class='ocrx_word' id='word_1_254' title='bbox 716 2581 872 2640; x_wconf 84' lang='lat' dir='ltr'>existimas</span> <span class='ocrx_word' id='word_1_255' title='bbox 891 2582 1006 2641; x_wconf 88' lang='lat' dir='ltr'>Catone</span> <span class='ocrx_word' id='word_1_256' title='bbox 1024 2589 1114 2655; x_wconf 86' lang='lat' dir='ltr'>proavo</span> <span class='ocrx_word' id='word_1_257' title='bbox 1158 2610 1161 2615; x_wconf 93' lang='lat'><em>-</em></span> 
     </span>
     <span class='ocr_line' id='line_1_31' title="bbox 110 2655 1114 2735; baseline -0.005 -13"><span class='ocrx_word' id='word_1_258' title='bbox 110 2671 162 2723; x_wconf 93' lang='lat' dir='ltr'>tuo</span> <span class='ocrx_word' id='word_1_259' title='bbox 184 2664 435 2734; x_wconf 88' lang='lat' dir='ltr'>commodiorem,</span> <span class='ocrx_word' id='word_1_260' title='bbox 457 2666 708 2735; x_wconf 89' lang='lat' dir='ltr'>communiorem,</span> <span class='ocrx_word' id='word_1_261' title='bbox 730 2664 961 2724; x_wconf 87' lang='lat' dir='ltr'>moderatiorem</span> <span class='ocrx_word' id='word_1_262' title='bbox 983 2664 1072 2724; x_wconf 83' lang='lat' dir='ltr'>tuisse</span> <span class='ocrx_word' id='word_1_263' title='bbox 1088 2655 1114 2717; x_wconf 86' lang='lat' dir='ltr'>ad</span> 
     </span>
     <span class='ocr_line' id='line_1_32' title="bbox 76 2745 1161 2830; baseline -0.005 -24"><span class='ocrx_word' id='word_1_264' title='bbox 76 2780 78 2784; x_wconf 94' lang='lat'>·</span> <span class='ocrx_word' id='word_1_265' title='bbox 110 2763 229 2807; x_wconf 92' lang='lat' dir='ltr'>omnem</span> <span class='ocrx_word' id='word_1_266' title='bbox 253 2746 398 2806; x_wconf 87' lang='lat' dir='ltr'>rationem</span> <span class='ocrx_word' id='word_1_267' title='bbox 424 2747 638 2807; x_wconf 70' lang='lat' dir='ltr'>humanitatis?</span> <span class='ocrx_word' id='word_1_268' title='bbox 663 2749 702 2805; x_wconf 93' lang='lat' dir='ltr'>de</span> <span class='ocrx_word' id='word_1_269' title='bbox 723 2747 810 2807; x_wconf 88' lang='lat' dir='ltr'>cuius</span> <span class='ocrx_word' id='word_1_270' title='bbox 839 2746 1005 2820; x_wconf 83' lang='lat' dir='ltr'>praestanti</span> <span class='ocrx_word' id='word_1_271' title='bbox 1031 2745 1114 2830; x_wconf 59' lang='lat' dir='ltr'>virtute</span> <span class='ocrx_word' id='word_1_272' title='bbox 1159 2756 1161 2761; x_wconf 83' lang='lat'>·</span> 
     </span>
     <span class='ocr_line' id='line_1_33' title="bbox 110 2822 1113 2906; baseline -0.008 -17"><span class='ocrx_word' id='word_1_273' title='bbox 110 2847 202 2906; x_wconf 91' lang='lat' dir='ltr'>quum</span> <span class='ocrx_word' id='word_1_274' title='bbox 218 2845 288 2888; x_wconf 93' lang='lat' dir='ltr'>vere</span> <span class='ocrx_word' id='word_1_275' title='bbox 301 2830 492 2904; x_wconf 84' lang='lat' dir='ltr'>graviterque</span> <span class='ocrx_word' id='word_1_276' title='bbox 505 2822 848 2901; x_wconf 67' lang='lat' dir='ltr'>diceres&gt;domesttoum</span> <span class='ocrx_word' id='word_1_277' title='bbox 864 2839 892 2889; x_wconf 92' lang='lat' dir='ltr'>te</span> <span class='ocrx_word' id='word_1_278' title='bbox 907 2831 1021 2890; x_wconf 88' lang='lat' dir='ltr'>habere</span> <span class='ocrx_word' id='word_1_279' title='bbox 1035 2825 1113 2887; x_wconf 84' lang='lat' dir='ltr'>dixistt</span> 
     </span>
     <span class='ocr_line' id='line_1_34' title="bbox 109 2912 1113 2988; baseline -0.008 -16"><span class='ocrx_word' id='word_1_280' title='bbox 109 2915 280 2988; x_wconf 86' lang='lat' dir='ltr'>exemptum</span> <span class='ocrx_word' id='word_1_281' title='bbox 293 2914 330 2971; x_wconf 89' lang='lat' dir='ltr'>ad</span> <span class='ocrx_word' id='word_1_282' title='bbox 344 2913 527 2972; x_wconf 90' lang='lat' dir='ltr'>imitandum.</span> <span class='ocrx_word' id='word_1_283' title='bbox 542 2913 597 2971; x_wconf 87' lang='lat' dir='ltr'>Est</span> <span class='ocrx_word' id='word_1_284' title='bbox 608 2913 680 2971; x_wconf 83' lang='lat' dir='ltr'>illud</span> <span class='ocrx_word' id='word_1_285' title='bbox 689 2913 992 2986; x_wconf 87' lang='lat' dir='ltr'>quidemexemplum</span> <span class='ocrx_word' id='word_1_286' title='bbox 1005 2912 1052 2973; x_wconf 87' lang='lat' dir='ltr'>tibi</span> <span class='ocrx_word' id='word_1_287' title='bbox 1063 2922 1113 2985; x_wconf 85' lang='lat' dir='ltr'>pro·</span> 
     </span>
     <span class='ocr_line' id='line_1_35' title="bbox 108 2989 1112 3069; baseline 0.002 -15"><span class='ocrx_word' id='word_1_288' title='bbox 108 2997 241 3068; x_wconf 89' lang='lat' dir='ltr'>positum</span> <span class='ocrx_word' id='word_1_289' title='bbox 253 2995 343 3067; x_wconf 87' lang='lat' dir='ltr'>domi,</span> <span class='ocrx_word' id='word_1_290' title='bbox 359 2998 412 3054; x_wconf 91' lang='lat' dir='ltr'>sed</span> <span class='ocrx_word' id='word_1_291' title='bbox 425 3004 523 3069; x_wconf 87' lang='lat' dir='ltr'>tamen</span> <span class='ocrx_word' id='word_1_292' title='bbox 536 3005 660 3054; x_wconf 86' lang='lat' dir='ltr'>naturae</span> <span class='ocrx_word' id='word_1_293' title='bbox 673 2995 834 3056; x_wconf 87' lang='lat' dir='ltr'>similitudo</span> <span class='ocrx_word' id='word_1_294' title='bbox 848 2996 927 3055; x_wconf 85' lang='lat' dir='ltr'>iilius</span> <span class='ocrx_word' id='word_1_295' title='bbox 939 2998 978 3054; x_wconf 89' lang='lat' dir='ltr'>ad</span> <span class='ocrx_word' id='word_1_296' title='bbox 993 3005 1020 3056; x_wconf 91' lang='lat' dir='ltr'>te</span> <span class='ocrx_word' id='word_1_297' title='bbox 1031 2989 1112 3066; x_wconf 70' lang='lat' dir='ltr'>mugit</span> 
     </span>
     <span class='ocr_line' id='line_1_36' title="bbox 109 3073 1114 3152; baseline -0.003 -18"><span class='ocrx_word' id='word_1_298' title='bbox 109 3078 205 3149; x_wconf 89' lang='lat' dir='ltr'>quiab</span> <span class='ocrx_word' id='word_1_299' title='bbox 214 3079 264 3137; x_wconf 87' lang='lat' dir='ltr'>iilo</span> <span class='ocrx_word' id='word_1_300' title='bbox 274 3088 409 3150; x_wconf 80' lang='lat' dir='ltr'>ortuseS,</span> <span class='ocrx_word' id='word_1_301' title='bbox 422 3079 557 3152; x_wconf 80' lang='lat' dir='ltr'>quemad</span> <span class='ocrx_word' id='word_1_302' title='bbox 568 3097 659 3138; x_wconf 92' lang='lat' dir='ltr'>unum</span> <span class='ocrx_word' id='word_1_303' title='bbox 669 3096 821 3152; x_wconf 90' lang='lat' dir='ltr'>quemque</span> <span class='ocrx_word' id='word_1_304' title='bbox 834 3088 969 3138; x_wconf 88' lang='lat' dir='ltr'>nostrum</span> <span class='ocrx_word' id='word_1_305' title='bbox 980 3073 1114 3152; x_wconf 78' lang='lat' dir='ltr'>perventu</span> 
     </span>
     <span class='ocr_line' id='line_1_37' title="bbox 110 3154 1115 3236; baseline -0.003 -20"><span class='ocrx_word' id='word_1_306' title='bbox 110 3160 219 3231; x_wconf 93' lang='lat' dir='ltr'>potuit,</span> <span class='ocrx_word' id='word_1_307' title='bbox 236 3163 273 3218; x_wconf 92' lang='lat' dir='ltr'>ad</span> <span class='ocrx_word' id='word_1_308' title='bbox 289 3163 463 3222; x_wconf 86' lang='lat' dir='ltr'>imitandum</span> <span class='ocrx_word' id='word_1_309' title='bbox 476 3178 547 3219; x_wconf 89' lang='lat' dir='ltr'>vero</span> <span class='ocrx_word' id='word_1_310' title='bbox 564 3171 623 3221; x_wconf 91' lang='lat' dir='ltr'>tam</span> <span class='ocrx_word' id='word_1_311' title='bbox 639 3160 710 3220; x_wconf 86' lang='lat' dir='ltr'>mihi</span> <span class='ocrx_word' id='word_1_312' title='bbox 726 3155 917 3236; x_wconf 81' lang='lat' dir='ltr'>propositum</span> <span class='ocrx_word' id='word_1_313' title='bbox 933 3162 1082 3234; x_wconf 82' lang='lat' dir='ltr'>exemptor</span> <span class='ocrx_word' id='word_1_314' title='bbox 1093 3154 1115 3212; x_wconf 90' lang='lat' dir='ltr'>il·</span> 
     </span>
     <span class='ocr_line' id='line_1_38' title="bbox 108 3241 1116 3316; baseline -0.003 -19"><span class='ocrx_word' id='word_1_315' title='bbox 108 3241 159 3298; x_wconf 89' lang='lat' dir='ltr'>iud</span> <span class='ocrx_word' id='word_1_316' title='bbox 175 3251 222 3301; x_wconf 91' lang='lat' dir='ltr'>est</span> <span class='ocrx_word' id='word_1_317' title='bbox 238 3261 326 3316; x_wconf 88' lang='lat' dir='ltr'>quam</span> <span class='ocrx_word' id='word_1_318' title='bbox 343 3245 404 3304; x_wconf 89' lang='lat' dir='ltr'>tibi.</span> <span class='ocrx_word' id='word_1_319' title='bbox 438 3244 498 3302; x_wconf 90' lang='lat' dir='ltr'>Sed</span> <span class='ocrx_word' id='word_1_320' title='bbox 515 3244 540 3302; x_wconf 91' lang='lat' dir='ltr'>si</span> <span class='ocrx_word' id='word_1_321' title='bbox 555 3245 634 3304; x_wconf 89' lang='lat' dir='ltr'>iliius</span> <span class='ocrx_word' id='word_1_322' title='bbox 652 3245 820 3304; x_wconf 86' lang='lat' dir='ltr'>comitatem</span> <span class='ocrx_word' id='word_1_323' title='bbox 836 3250 866 3302; x_wconf 91' lang='lat' dir='ltr'>et</span> <span class='ocrx_word' id='word_1_324' title='bbox 881 3244 1050 3304; x_wconf 83' lang='lat' dir='ltr'>facilitatem</span> <span class='ocrx_word' id='word_1_325' title='bbox 1065 3249 1116 3300; x_wconf 84' lang='lat' dir='ltr'>tuat</span> 
     </span>
     <span class='ocr_line' id='line_1_39' title="bbox 109 3324 1117 3405; baseline 0.001 -26"><span class='ocrx_word' id='word_1_326' title='bbox 109 3324 246 3397; x_wconf 78' lang='lat' dir='ltr'>gravitati</span> <span class='ocrx_word' id='word_1_327' title='bbox 261 3327 474 3399; x_wconf 88' lang='lat' dir='ltr'>severitatique</span> <span class='ocrx_word' id='word_1_328' title='bbox 489 3327 669 3400; x_wconf 83' lang='lat' dir='ltr'>asperseris,</span> <span class='ocrx_word' id='word_1_329' title='bbox 687 3345 744 3384; x_wconf 94' lang='lat' dir='ltr'>non</span> <span class='ocrx_word' id='word_1_330' title='bbox 761 3327 819 3386; x_wconf 84' lang='lat' dir='ltr'>ista</span> <span class='ocrx_word' id='word_1_331' title='bbox 836 3326 959 3400; x_wconf 91' lang='lat' dir='ltr'>quidem</span> <span class='ocrx_word' id='word_1_332' title='bbox 975 3335 1117 3405; x_wconf 79' lang='lat' dir='ltr'>eruntne</span> 
     </span>
     <span class='ocr_line' id='line_1_40' title="bbox 109 3404 1087 3505; baseline 0.004 -43"><span class='ocrx_word' id='word_1_333' title='bbox 109 3404 194 3505; x_wconf 76' lang='lat' dir='ltr'>liora,</span> <span class='ocrx_word' id='word_1_334' title='bbox 213 3423 291 3481; x_wconf 89' lang='lat' dir='ltr'>quae</span> <span class='ocrx_word' id='word_1_335' title='bbox 302 3425 383 3468; x_wconf 92' lang='lat' dir='ltr'>nunc</span> <span class='ocrx_word' id='word_1_336' title='bbox 398 3416 468 3467; x_wconf 90' lang='lat' dir='ltr'>sunt</span> <span class='ocrx_word' id='word_1_337' title='bbox 483 3409 602 3484; x_wconf 90' lang='lat' dir='ltr'>optima,</span> <span class='ocrx_word' id='word_1_338' title='bbox 620 3411 676 3468; x_wconf 92' lang='lat' dir='ltr'>sed</span> <span class='ocrx_word' id='word_1_339' title='bbox 691 3418 772 3469; x_wconf 91' lang='lat' dir='ltr'>certe</span> <span class='ocrx_word' id='word_1_340' title='bbox 787 3409 908 3469; x_wconf 86' lang='lat' dir='ltr'>condita</span> <span class='ocrx_word' id='word_1_341' title='bbox 921 3407 1087 3470; x_wconf 87' lang='lat' dir='ltr'>iucundius.</span> 
     </span>
    </p>
   </div>
   <div class='ocr_carea' id='block_1_6' title="bbox 0 0 1182 3854">
    <p class='ocr_par' dir='ltr' id='par_1_7' title="bbox 0 0 1182 3854">
     <span class='ocr_line' id='line_1_41' title="bbox 0 0 1182 3854; baseline 0 3"><span class='ocrx_word' id='word_1_342' title='bbox 0 0 1182 3854; x_wconf 95' lang='lat' dir='ltr'> </span> 
     </span>
    </p>
   </div>
  </div>
 </body>
</html>
