2356 3854
127 169 192 237 tter
372 144 483 221 'rao
513 160 547 233 p.
561 158 719 220 trenaro
737 158 890 218 onemo.
992 186 1008 217 .
1093 110 1097 119 ¹

126 321 193 380 bias
211 324 242 376 et
257 313 429 383 custodias,
452 310 508 370 sed
522 309 611 369 etiam
623 310 748 369 laterum
764 317 939 370 nostrorum
954 309 1138 385 oppositus

127 415 288 474 corporum
306 394 492 470 pollicemur.
1175 457 1176 462 η

189 482 240 540 xl.
255 478 305 540 33.
319 478 381 538 Sed
394 486 428 537 ut
440 475 522 536 unde
537 483 585 535 est
598 490 677 545 orsa,
689 472 719 532 io
735 475 843 534 eodem
857 474 1037 535 terminetur
1053 477 1138 549 ortlit,
1172 485 1176 495 '

125 563 273 625 maximas
285 560 338 622 tibi
353 575 459 619 omnes
473 557 585 633 gratias
597 555 724 631 agimus,
740 556 771 614 C.
786 555 907 627 Caesar,
927 558 1061 619 maiores
1071 560 1141 621 elion

124 648 282 709 habemus.
318 643 516 717 Namomnes
531 641 611 700 idem
626 639 767 709 sentiunt,
786 640 871 712 quod
885 656 925 699 ex
941 641 1077 705 omnium
1093 659 1142 717 pre·
1171 694 1172 702 ,

125 728 186 805 orb,
214 736 264 803 eet
277 725 408 786 lacrimis
423 725 534 784 sentire
552 721 690 796 potuisti=
713 722 769 781 sed
789 723 861 795 quia
877 740 941 782 non
959 733 1008 786 est
1023 727 1143 787 omnibu
1170 778 1171 783 ,

126 820 203 889 stau¹
217 804 276 873 bus
290 824 420 869 neeesse
436 808 548 878 dicere,
563 823 582 864 a
597 821 644 864 me
659 812 741 864 eerle
758 804 818 864 diei
833 807 952 879 volunt,
968 809 1018 868 eui
1035 823 1143 870 necesso
1171 837 1173 851 >

127 902 174 957 est
188 895 320 969 quodam
335 892 436 962 modo,
453 899 484 950 et
498 889 581 963 quod
601 887 667 945 lieri
684 888 773 946 deoet
787 888 829 946 Μ.
844 887 994 950 Marcello
1011 908 1030 950 e
1050 901 1080 952 te
1091 892 1142 952 buit
1175 886 1177 904 ²

126 978 224 1039 ordini
241 976 418 1050 populoque
431 974 570 1033 Romano
585 979 615 1030 et
631 969 675 1028 rei
687 969 826 1044 publicae
837 971 973 1043 redditu,
991 974 1060 1035 lieri
1073 974 1101 1034 id
1112 974 1141 1033 ir
1173 976 1177 983 '

125 1061 239 1134 telligo.
268 1058 343 1116 Nam
358 1055 462 1115 laetari
477 1070 582 1115 omnes
598 1069 658 1111 non
675 1055 713 1113 de
724 1053 814 1112 unius
828 1055 940 1127 solum,
956 1058 1014 1117 sed
1029 1059 1068 1117 de
1081 1074 1139 1117 eon
1170 1109 1173 1114 .

127 1143 209 1203 muni
223 1141 356 1201 omnium
371 1141 467 1198 salute
482 1137 590 1197 sentio.
627 1134 677 1195 al.
696 1135 783 1207 Quod
797 1144 898 1197 aulem
914 1154 1059 1201 summae
1072 1141 1139 1200 oen
1175 1184 1178 1199 ,

125 1226 277 1286 valentiae
292 1230 348 1294 est,
365 1237 443 1295 quae
456 1237 523 1280 mea
537 1236 609 1292 erga
622 1217 704 1278 illum
717 1219 857 1278 omnibus
872 1237 1003 1297 semper
1019 1222 1138 1293 oolaluil,
1168 1255 1178 1332 -μ

74 1361 78 1368 .
124 1316 159 1368 ut
172 1307 225 1365 vix
241 1305 272 1364 C.
286 1305 438 1374 Marcello,
455 1302 568 1378 optimo
584 1310 614 1362 et
624 1301 829 1362 amantissimo
843 1303 938 1378 fratri,
956 1315 1080 1381 praeter
1091 1318 1137 1367 etit

127 1389 250 1464 quidem
265 1389 405 1446 cederem
420 1385 546 1458 nemini,
567 1401 657 1459 quum
674 1384 704 1444 id
720 1384 944 1458 sollieitudine,
958 1405 1045 1462 eura,
1060 1390 1136 1449 laboti

125 1480 186 1532 tam
202 1470 254 1529 diu
269 1467 479 1544 praestiterim,
495 1485 585 1541 quam
601 1467 654 1528 diu
668 1475 715 1528 est
729 1468 767 1526 de
778 1467 857 1529 illius
869 1473 972 1532 salute
983 1473 1134 1540 dubitaturi,
1166 1461 1178 1586 Ξ

38 1618 43 1623 ,
126 1562 209 1614 uerte
224 1552 283 1612 hoo
299 1561 435 1626 tempore
449 1550 566 1626 magnis
584 1551 680 1625 euris,
703 1551 857 1624 molestiis,
873 1553 1041 1617 doloribus
1055 1557 1134 1617 liberr
1166 1584 1170 1604 ι

125 1644 175 1698 tus
190 1644 346 1721 praestare
362 1634 469 1694 debeo.
512 1635 627 1708 ltaque,
650 1633 680 1692 C.
694 1634 812 1705 Caesar,
830 1635 875 1696 sio
891 1635 946 1696 tibi
961 1641 1075 1712 gratias
1087 1651 1134 1711 rgo,
1166 1605 1178 1670 Ι

126 1728 160 1781 ul
174 1719 313 1780 omnibus
328 1734 376 1777 me
396 1718 488 1778 rebus
510 1734 529 1776 a
542 1726 571 1778 te
586 1733 648 1776 non
667 1725 849 1778 conservato
862 1721 982 1792 solum,
1003 1724 1058 1783 sed
1070 1721 1134 1781 etim

126 1811 242 1875 ornato,
257 1811 356 1863 tamen
371 1801 410 1860 ad
422 1809 474 1860 tua
487 1800 516 1859 in
530 1817 577 1861 me
595 1817 687 1860 unum
700 1799 930 1862 innumerabilia
944 1806 1062 1880 merita,
1075 1799 1134 1879 quod

124 1885 190 1945 fieri
207 1885 265 1945 iam
282 1901 378 1960 posse
392 1900 453 1943 non
468 1884 643 1957 arbitrabar,
658 1882 806 1945 maximus
820 1886 880 1945 hoe
896 1894 950 1948 luo
962 1888 1047 1952 laeto
1057 1900 1133 1950 eurrr

126 1966 363 2029 msmmmmm
1166 1998 1169 2007 ·

542 2165 731 2174 ..ι-...αι-

416 2278 459 2361 u.
490 2279 625 2360 roim
650 2223 860 2361 ululatus
925 2241 931 2252 ’

314 2418 414 2515 llll)
445 2422 491 2526 il·
519 2421 713 2518 lldlltlll
745 2423 940 2518 llRlllll.

571 2596 738 2609 ὼ..-

469 2720 803 2785 ARGUMENTUM.

192 2845 222 2906 Q.
240 2846 358 2912 Ligurius
376 2854 448 2908 ante,
475 2864 550 2911 quam
572 2849 666 2899 bellum
687 2849 762 2899 civile
776 2850 841 2899 imer
858 2847 887 2902 (l.
907 2849 1045 2905 Caesarem
1066 2860 1088 2904 el
1101 2848 1133 2901 dt

122 2918 268 2981 Pompeium
287 2925 435 2977 autument,
457 2915 484 2969 G.
505 2916 650 2968 Considium
667 2918 783 2983 Longum
807 2933 853 2983 pro
875 2928 998 2983 praetore
1015 2918 1134 2990 legauit

121 2985 275 3044 provinciam
298 2985 411 3033 Airioam
440 2994 626 3040 seeutus.erat.
653 2987 676 3034 ls
695 2988 817 3037 decedens
836 2987 867 3036 de
886 2990 1025 3051 provincio
1046 3004 1088 3041 sm
1105 2998 1134 3036 ro·

122 3048 228 3110 liquerat
247 3055 272 3101 in
288 3053 375 3103 Africo
396 3051 425 3112 Q.
441 3054 571 3118 Ligarium
594 3069 700 3118 eumque
719 3057 1046 3119 provinoioopraeteoerot
1071 3058 1133 3119 011

121 3117 216 3170 interea
235 3121 328 3171 bellum
344 3121 418 3172 civile
436 3129 549 3172 exortum
568 3131 649 3184 esset,
671 3125 715 3185 qui
733 3124 760 3172 iu
777 3139 808 3173 ee
822 3125 958 3188 provincia
977 3129 1086 3193 partibor
1097 3120 1134 3173 dr.

121 3179 234 3250 Pompeii
252 3192 409 3251 studuerunt,
425 3191 600 3255 flagitaverunt
616 3207 632 3241 a
646 3191 677 3250 Q.
693 3192 804 3257 Ligario,
821 3193 924 3256 abipso
942 3210 1047 3260 quoque
1063 3192 1135 3247 bebi!

124 3250 243 3306 adversus
265 3257 292 3307 0.
310 3257 442 3308 Gaesarem
466 3261 606 3324 susciperet
622 3260 792 3324 Pompeioque
810 3261 972 3325 provinciam
986 3265 1133 3315 consenti&

122 3312 204 3373 Quum
221 3326 243 3372 is
255 3333 339 3374 tamen
354 3327 421 3375 nullo
437 3341 465 3377 se
480 3327 605 3391 implicari
620 3330 724 3393 negocio
743 3343 835 3393 passus
851 3338 932 3394 esset,
952 3332 985 3382 P.
1003 3334 1083 3384 Attius
1095 3328 1134 3377 Vr·

123 3400 174 3448 rue,
191 3403 264 3452 quem
280 3402 366 3442 eontm
380 3392 409 3445 0.
428 3394 560 3445 Caesarem
574 3396 721 3446 militantem
736 3399 762 3445 in
780 3410 842 3462 egro
851 3398 948 3450 Piceno
968 3402 1004 3453 ud
1016 3399 1133 3452 Audon
