2356 3854
82 230 140 293 20*
242 228 316 289 PRO
338 168 429 289 SEX.x
443 228 580 289 Roscio
603 229 779 289 AMERINO
801 226 953 288 ORATIO.

86 381 235 456 iiquerint.
267 377 315 442 72
338 379 453 439 Etenim
475 379 549 454 quid
564 389 623 439 tam
641 387 688 438 est
703 395 863 438 commune
879 393 970 451 quam
986 376 1087 453 spiritus

85 464 182 535 vivis,
206 474 284 525 terra
299 463 439 533 mortuis,
462 479 544 521 mare
559 454 789 532 fluctuantibus,
812 460 1035 522 iittuseiectist
1058 461 1088 519 lta

86 546 204 614 rimant,
224 547 295 605 dum
316 553 458 619 possunt,
483 555 516 605 ut
530 547 642 613 ducere
656 543 786 602 animam
801 544 839 603 de
857 545 942 603 cacto
961 559 1088 618 nonque

85 641 149 689 ant:
175 631 216 689 ita
230 629 410 700 moriuntur,
434 636 466 688 ut
486 634 590 688 eorum
610 645 684 687 ossa
701 636 779 687 terra
796 644 857 687 non
873 634 991 700 tangat:
1013 625 1089 686 itaia-

86 722 202 772 ctantur
218 712 375 782 ductibus,
398 719 430 771 ut
450 715 612 784 numquam
630 713 806 770 adluantur:
828 710 869 770 ita
887 707 1089 784 postremo‘eii

86 795 217 865 ciuntur,
241 804 272 854 ut
292 811 330 854 ne
350 795 389 853 ad
411 811 487 853 saxa
509 795 630 869 quidem
644 793 753 852 mortui
769 793 998 867 conquiescant.
1025 789 1089 851 Tanti

86 878 225 937 maieiicii
244 878 373 948 crimen,
395 877 443 936 cui
469 877 616 936 maleficio
639 886 697 935 tam
719 875 838 950 insigne
858 874 1041 949 supplicium
1057 881 1089 932 est

86 961 301 1031 constitutum,
317 961 445 1035 probare
468 969 511 1032 te,
536 960 639 1030 Eruci,
661 976 771 1019 censes
795 975 888 1033 posse
902 958 1013 1018 talibus
1028 956 1089 1026 viris,

86 1043 112 1104 si
133 1060 171 1104 ne
197 1061 320 1103 causam
343 1042 464 1116 quidem
492 1042 630 1102 uraiesrcii
657 1042 852 1116 protulerise
871 1041 904 1100 Si
930 1041 1011 1100 hunc
1028 1038 1089 1114 apud

85 1128 234 1186 bonorum
251 1135 404 1200 emptores
420 1125 506 1198 ipsos
521 1141 684 1185 accusares
700 1125 791 1199 eique
806 1117 917 1183 iudicio
937 1124 1089 1201 Chrysogo-

86 1225 143 1267 nus
158 1215 329 1282 praeesset,
352 1218 450 1268 tamen
468 1208 640 1282 diligentius
656 1208 854 1282 paratiusque
868 1207 1021 1267 venisses.
1055 1202 1089 1265 73.

85 1291 189 1351 Utrum
205 1291 277 1365 urtid
292 1300 398 1366 agatur
413 1307 472 1349 non
496 1291 581 1350 vides
601 1308 638 1349 an
654 1294 735 1366 apud
755 1307 833 1366 quos
850 1298 978 1365 agatur?
1004 1271 1089 1364 Agitur

36 1412 39 1417 -
86 1373 125 1431 de
147 1373 322 1447 parricidio,
347 1375 429 1448 quod
450 1372 516 1434 sine
539 1373 638 1433 mnitis
655 1359 756 1469 causis*
778 1374 891 1449 suscipi
913 1391 974 1433 non
992 1377 1089 1448 potest=

85 1457 167 1534 apud
187 1456 323 1516 homines
339 1467 438 1517 autern
461 1456 713 1532 prudentissimos
736 1457 846 1532 agitur,
871 1459 922 1531 qui
944 1456 1089 1530 intelligunt

85 1541 232 1601 neminem
258 1557 294 1599 ne
316 1541 467 1600 minimum
492 1541 612 1616 quidem
637 1541 818 1600 maleficium
843 1539 909 1599 sine
937 1557 1031 1600 causa
1053 1535 1089 1596 ad·

86 1624 210 1685 mittere.
1013 1694 1016 1706 Ι

167 1711 286 1791 xxvii.
312 1707 400 1768 Esto:
416 1723 540 1767 causam
556 1708 693 1781 proferre
708 1722 766 1765 non
784 1716 882 1780 potes.
903 1705 1033 1767 Tametsi
1047 1711 1089 1763 sta·

19 1803 24 1819 ‘
85 1795 135 1856 tim
150 1794 263 1855 vicisse
275 1794 387 1856 debeo,
407 1799 505 1850 tamen
522 1790 560 1851 de
576 1806 642 1850 meo
658 1789 722 1850 iure
737 1791 884 1850 decedam
899 1798 929 1850 et
943 1790 1010 1860 tibi,
1027 1783 1089 1862 quod

84 1878 114 1937 in
132 1878 191 1936 aiia
213 1895 306 1937 causa
322 1893 381 1935 non
399 1875 615 1944 concederem,
636 1873 665 1932 in
682 1874 739 1932 hac
757 1875 925 1934 concedam
947 1875 1039 1932 fretus
1051 1869 1089 1926 hu·

85 1961 133 2020 ius
155 1959 327 2019 innocentia
382 1958 445 2016 Non
469 1973 583 2031 quaero
599 1957 655 2016 abs
675 1966 705 2017 te
721 1973 816 2032 quare
832 1965 947 2031 patrem
963 1955 1034 2016 Sex.
1046 1953 1089 2012 Ro·

85 2042 169 2101 scius
196 2040 355 2100 occiderit:
383 2056 496 2112 quaero
525 2056 584 2114 quo
615 2041 705 2100 modo
732 2040 886 2101 occiderit.
931 2041 976 2100 lta
997 2049 1089 2114 quaero

85 2125 140 2182 abs
162 2131 206 2189 te,
229 2123 259 2181 C.
281 2121 384 2192 Eruci,
409 2139 469 2196 quo
488 2122 594 2192 modo,
620 2130 650 2182 et
668 2122 713 2182 sIc
735 2132 834 2183 tecum
855 2140 962 2198 agam,
989 2131 1022 2182 ut
1039 2134 1089 2179 mec

84 2207 153 2266 ioco
167 2206 212 2264 vei
230 2205 437 2279 respondendi
451 2206 497 2263 vei
513 2204 722 2279 interpellandi
733 2205 784 2266 tibi
797 2215 976 2281 potestatem
992 2203 1089 2280 faciam,

86 2292 131 2348 vet
151 2288 254 2357 etiarn,
272 2287 386 2360 siquid
405 2290 506 2361 votes,
521 2287 734 2362 interrogandi.
769 2287 818 2350 74.
840 2289 905 2366 Quo
921 2290 1013 2351 modo
1029 2283 1089 2347 occi·

85 2371 148 2430 diti
187 2372 257 2445 lpse
280 2370 431 2446 percussit
451 2388 489 2429 an
512 2371 579 2430 aiiis
594 2372 794 2431 occidendum
817 2373 921 2432 dediti
955 2371 989 2432 Si
1008 2370 1089 2446 ipsun

84 2453 201 2526 arguis,
225 2455 337 2513 itomrre
359 2471 417 2512 non
441 2453 505 2512 init:
532 2455 556 2513 si
581 2471 633 2529 per
652 2455 729 2514 aiios
751 2455 862 2516 iecisse
876 2455 973 2529 dicIs,
995 2464 1089 2529 quaer(

84 2551 232 2596 servosne
252 2554 289 2595 an
307 2537 439 2596 liberos?
458 2538 496 2611 [si
510 2539 648 2617 iiberos],
665 2555 742 2612 quos
760 2538 922 2598 homines?
936 2538 1089 2598 indiderunt

83 2619 204 2678 Ameria
220 2635 257 2678 an
274 2621 369 2678 hosce
385 2637 422 2678 ex
441 2621 514 2679 urbe
530 2620 679 2681 sicanas?
705 2621 731 2679 si
745 2622 882 2693 Ameria,
906 2624 958 2698 qui
972 2629 1043 2682 sunt
1056 2617 1089 2677 hi*

84 2716 138 2760 cur
154 2718 213 2761 non
233 2702 444 2762 nominantur?
473 2703 498 2762 si
517 2704 627 2776 Ronra,
652 2705 733 2763 unde
755 2721 811 2765 eos
825 2713 953 2765 noverat
966 2703 1089 2765 Roscius

84 2774 134 2861 qu'i
150 2786 275 2844 Romam
287 2787 398 2845 innius
419 2786 505 2844 annis
524 2804 582 2845 non
600 2787 681 2846 venit
695 2804 795 2862 neque
809 2805 954 2868 umquam
972 2790 1042 2864 plus
1056 2781 1089 2844 tri

83 2869 144 2929 duo
165 2867 239 2941 rutra
261 2866 310 2927 uni
327 2884 381 2926 ens
397 2869 558 2929 conuenit?
579 2871 700 2942 quicum
719 2872 839 2932 locutus
854 2879 922 2932 ests
940 2887 1001 2946 quo
1015 2868 1089 2928 mcdt

84 2952 258 3024 persuasit?
278 2935 414 3010 Precinn'r
432 2953 522 3011 dedit.
547 2952 598 3013 Cui
612 2952 716 3013 dedit?
737 2971 790 3028 per
806 2973 896 3028 quem
909 2955 1013 3014 dedita
1028 2951 1089 3012 und*

82 3043 133 3092 aut
149 3044 292 3108 otrentum
312 3034 416 3094 dedita
443 3053 544 3095 nonne
567 3036 613 3094 his
629 3031 774 3112 'vestigiis
795 3039 834 3098 ad
857 3046 949 3112 caput
968 3033 1089 3096 malefici

84 3118 232 3188 perveniri
249 3122 347 3179 sciet?
372 3119 407 3177 Et
422 3119 509 3178 simui
526 3119 576 3179 tibi
592 3119 621 3177 in
638 3128 767 3181 mentem
781 3120 883 3181 veniat
898 3120 987 3181 incito
1005 3134 1089 3196 quem

8 3246 10 3251 .
82 3197 244 3258 admodum
268 3203 357 3261 vitam
380 3202 506 3262 huiusce
526 3202 716 3276 depinxeris:
740 3205 821 3274 hunc
843 3204 997 3266 hominem
1013 3205 1089 3264 ierus

54 3285 56 3293 '
81 3288 172 3352 atque
188 3293 336 3355 agrestem
355 3285 462 3346 inisse:
481 3303 642 3359 numquam
659 3304 726 3347 curn
740 3286 861 3348 homine
878 3305 1035 3364 quoquam
1047 3287 1089 3346 coi

81 3361 214 3422 locutum
230 3381 315 3424 esse:
343 3380 504 3443 numquam
520 3369 548 3427 in
568 3371 681 3444 oppido
701 3369 884 3430 constitisse.
921 3369 971 3432 75.
1001 3369 1086 3445 Quai

80 3459 114 3503 re
137 3455 293 3518 praetereo
315 3448 402 3521 iliud,
427 3452 511 3524 quod
529 3451 599 3511 mihi
621 3448 751 3513 maximo
768 3463 945 3530 argumento
961 3455 1002 3515 ad
1018 3453 1089 3515 lruiu
