2384 3854
132 171 195 237 aaa
240 142 243 147 ’
354 167 430 229 mo
449 168 483 226 r.
498 165 616 227 armo
629 166 775 226 mnonn
789 165 942 227 omnio.

133 321 188 383 stri
207 316 382 393 magnitudo
402 331 504 390 neque
523 317 572 375 sol
589 315 640 375 ille
661 330 718 375 nec
734 315 811 377 caeli
826 313 1051 390 signorumque
1063 325 1159 377 motus

133 419 190 463 nee
210 398 436 460 vicissitudines
455 414 557 459 rerum
575 406 669 472 atque
688 397 811 458 ordines
840 406 968 458 movent
989 416 1111 475 neque,
1132 399 1159 460 id

132 485 215 560 quod
233 481 397 543 maximnm
411 489 467 553 est,
481 481 629 541 maiorum
642 480 801 554 sapientia,
815 480 869 555 qni
886 497 986 553 sacra,
1001 482 1059 556 qui
1073 482 1157 543 oneri

132 567 266 638 monins,
287 563 340 639 qni
360 562 499 638 auspicia
519 571 551 624 et
569 562 629 639 ipsi
650 563 841 623 sanctissime
855 565 1019 623 colnerrmt
1033 573 1065 624 et
1078 564 1157 625 nobis

132 650 198 712 auis
213 647 347 724 posteris
362 645 569 721 prodiderunt
611 646 713 715 XXXI.
737 643 787 707 84.
808 646 872 716 Est,
886 655 936 706 est
953 648 1097 720 prolecto
1116 649 1157 706 illa

132 733 191 806 vis,
207 747 306 804 neque
320 730 350 788 in
363 729 412 789 his
426 729 606 804 corporibus
620 735 713 802 atque
728 729 757 786 in
773 728 830 789 bac
844 727 1053 789 imbecillitate
1064 738 1158 790 nostm

132 814 212 875 inest
233 814 379 888 quiddam
399 811 483 885 quod
503 810 605 886 vigeat
626 820 657 871 et
676 812 798 883 sentiat,
820 819 849 870 et
871 827 933 870 non
954 810 1042 872 inest
1064 812 1095 872 in
1108 812 1157 873 boe

135 905 219 959 tanto
240 905 363 956 naturae
387 903 449 954 tam
471 896 629 968 praeclaro
650 901 743 955 mota.
785 893 849 952 Nisi
871 894 950 953 sorte
971 894 1091 955 idcirco
1105 911 1156 954 non

133 988 249 1056 putant,
266 978 338 1054 quia
350 992 412 1037 non
423 984 552 1051 apparet
564 993 620 1036 nec
632 976 771 1050 cernitur,
784 975 914 1049 proinde
926 978 1021 1050 qnasi
1033 985 1156 1038 noscam

132 1066 231 1137 ipsam
246 1070 384 1132 mentem,
400 1076 461 1134 qna
473 1061 620 1135 sapimus,
635 1075 696 1133 qua
707 1059 914 1132 providemus,
930 1075 994 1133 qua
1007 1059 1087 1120 haec
1099 1060 1156 1135 ipsa

129 1149 249 1221 agimus
260 1161 298 1204 ac
309 1142 446 1214 dicimus,
463 1141 567 1202 videre
578 1150 630 1202 aut
643 1143 733 1217 plane
748 1141 847 1216 qualis
861 1150 914 1202 ant
927 1140 982 1201 nbi
997 1142 1041 1202 sit
1054 1142 1155 1203 sentire

133 1230 298 1303 possimus.
340 1225 385 1284 Ea
398 1223 446 1283 vis
459 1224 549 1299 igitur
562 1226 644 1300 ipsa,
667 1241 745 1298 quae
763 1239 857 1298 saepe
876 1214 1081 1287 incredibiles
1095 1224 1155 1285 huie

132 1310 199 1371 urbi
215 1307 372 1368 felicitates
385 1315 477 1380 atque
491 1322 568 1381 opes
579 1306 682 1378 attulit,
696 1306 776 1366 illam
791 1307 957 1381 perniciem
971 1307 1154 1369 exstinxitae

132 1391 270 1464 sustulit,
290 1391 339 1450 cui
362 1390 489 1464 primum
503 1397 633 1449 mentem
648 1389 764 1463 iniecit,
786 1398 818 1449 nt
837 1391 868 1448 vi
887 1389 1009 1451 irritam
1025 1393 1158 1465 ferroque

133 1476 289 1534 lacessere
308 1470 506 1532 fortissimum
526 1471 623 1532 virum
644 1473 770 1533 auderet
796 1474 1034 1549 vincereturque
1059 1475 1154 1544 abeo,

133 1573 225 1632 quem
246 1556 274 1616 si
288 1554 428 1627 vicisset,
451 1554 610 1615 habiturus
630 1563 714 1614 esset
734 1556 942 1629 impunitatem
961 1565 995 1617 et
1016 1557 1153 1619 licentiam

133 1641 357 1714 sempiternam.
406 1635 457 1700 85.
476 1639 543 1698 Non
569 1646 617 1698 est
636 1639 766 1698 humano
789 1637 934 1710 consilio,
957 1655 999 1698 ne
1021 1637 1153 1700 mediocri

134 1723 273 1797 quidem,
286 1720 418 1794 iudices,
436 1722 562 1782 deorum
576 1720 785 1782 immortalium
800 1736 938 1781 curares
953 1722 1008 1781 illa
1023 1724 1152 1799 perlecta

134 1805 310 1880 Religiones
326 1805 500 1866 mehercule
515 1806 612 1879 ipsae,
628 1819 707 1878 quae
721 1803 802 1862 illam
816 1804 939 1863 belnam
954 1805 1072 1867 cadere
1082 1804 1153 1864 vide

133 1897 217 1959 runt,
242 1886 446 1948 commovisse
460 1904 495 1947 se
511 1888 651 1947 videntur
663 1894 694 1945 et
707 1887 755 1946 ius
773 1886 802 1945 in
818 1887 869 1946 illo
885 1903 977 1947 snum
993 1888 1152 1950 renense

134 1972 200 2030 Vos
215 1971 295 2029 enim
310 1970 384 2042 iam,
401 1970 512 2030 Albani
531 1969 636 2031 tumuli
659 1978 748 2042 atque
763 1968 838 2042 luci,
859 1986 934 2042 vos,
949 1970 1092 2047 inquam,
1110 1970 1152 2031 in-
1179 2030 1184 2051 ‚

133 2054 222 2127 ploro
237 2061 328 2126 atque
346 2062 448 2124 testor,
465 2071 592 2127 vosque,
610 2053 795 2113 Albanorum
814 2052 941 2113 obrutae
957 2071 1050 2129 arae,
1066 2068 1152 2115 sacro
1179 2090 1183 2105 ·

134 2151 202 2194 rum
216 2136 323 2208 populi
338 2135 466 2194 Romani
486 2136 589 2196 sociae
610 2144 640 2194 et
653 2137 813 2210 aequales,
836 2152 916 2209 qnae
939 2136 995 2197 ille
1019 2151 1151 2212 praeceps
1179 2136 1186 2207 ζ

132 2219 265 2277 amentia
279 2217 378 2277 caesis
399 2217 621 2292 prostratisque
645 2217 844 2278 sanctissimis
865 2217 945 2279 lucis
965 2218 1152 2282 substructio

135 2318 207 2361 num
222 2300 338 2360 insanis
350 2300 481 2361 molibus
492 2310 704 2376 oppresserat:
723 2310 842 2362 vestrae
856 2310 929 2374 tum,
944 2319 1032 2380 arae,
1049 2312 1152 2365 vesane

133 2382 297 2456 religiones
312 2385 480 2458 viguerunt,
500 2393 602 2444 vestra
613 2383 661 2442 vis
676 2385 777 2456 valuit,
790 2401 880 2458 quam
890 2382 943 2444 ille
955 2387 1044 2449 omni
1054 2388 1151 2451 senec

134 2466 296 2538 polluerat:
313 2474 407 2540 tuque
421 2483 460 2525 ex
474 2475 526 2527 tuo
538 2466 620 2526 edito
632 2475 743 2540 monte,
759 2467 886 2528 Latiaris
898 2479 1012 2531 sancte
1022 2470 1149 2547 luppiter,

135 2545 222 2606 cuius
237 2548 286 2607 ille
301 2549 402 2621 lacus,
422 2565 546 2608 nemora
561 2549 701 2622 finesque
716 2567 810 2624 saepe
824 2552 905 2610 omni
923 2554 1048 2615 nefario
1064 2564 1150 2627 stupro

133 2638 165 2690 et
179 2631 295 2689 scelere
312 2632 492 2702 macularat,
513 2633 676 2705 aliquando
693 2633 732 2692 ad
749 2650 817 2693 eum
833 2636 1049 2708 poeniendum
1064 2636 1150 2699 oculor

130 2711 296 2786 aperuisti:
318 2712 406 2772 vobis
422 2714 506 2787 illae,
528 2714 615 2774 vobis
635 2724 736 2776 vestro
751 2715 781 2775 in
797 2728 971 2792 conspectu
983 2737 1089 2792 serae,
1108 2714 1151 2779 sed

133 2795 234 2856 iustae
247 2802 346 2854 tamen
361 2803 392 2856 et
407 2796 527 2857 debitae
543 2813 660 2871 poenae
682 2800 800 2859 solutae
815 2808 895 2860 sunt.
940 2801 996 2864 86.
1013 2804 1077 2866 Nisi
1092 2802 1149 2863 tore

93 2887 98 2895 '
131 2878 193 2938 boc
208 2877 296 2938 etiam
308 2893 383 2938 casu
393 2879 504 2939 lactum
515 2897 585 2940 esse
597 2880 742 2952 dicemus,
757 2890 791 2941 nt
803 2891 873 2943 ante
884 2884 992 2958 ipsum
1005 2884 1149 2949 sacratim

133 2961 239 3023 Bonae
254 2961 345 3033 deae,
363 2963 447 3035 qnod
462 2971 510 3023 est
524 2964 553 3022 in
570 2964 662 3025 londo
678 2967 710 3024 T.
729 2963 820 3025 Sestii
835 2965 929 3040 Galli,
946 2967 979 3028 in
997 2971 1100 3046 primis
1110 2966 1148 3027 bo·

134 3043 213 3103 nesti
224 3052 254 3103 et
265 3043 360 3102 ornati
372 3045 585 3118 adolescentis,
598 3055 667 3107 ante
675 3047 782 3121 ipsam,
793 3046 930 3123 inquam,
941 3050 1063 3115 Bonam
1074 3053 1148 3114 dean
1172 3074 1175 3093 ¹

136 3142 229 3197 quum
246 3127 395 3200 proelium
410 3129 626 3202 commisisset,
641 3129 856 3213 primum'illud
871 3135 990 3197 vulnus
1009 3136 1147 3212 acciperet»

136 3222 197 3276 quo
208 3207 409 3268 taeterrimam
423 3220 548 3271 mortem
562 3213 672 3284 obiret,
689 3222 796 3273 utnon
811 3214 976 3280 absolutus
991 3219 1100 3283 indicio
1110 3212 1147 3275 '1¹¹⁰

133 3288 250 3348 nefario
267 3288 433 3361 videretur,
449 3294 505 3353 sed
521 3295 560 3354 ad
574 3295 652 3353 trano
667 3294 816 3371 insignem
832 3315 970 3373 poenam
984 3307 1145 3366 reservans

133 3364 251 3427 XXXll.
262 3369 326 3428 Nec
336 3387 410 3432 vero
423 3390 483 3434 non
500 3360 607 3435 eadem
621 3375 666 3436 ira
676 3379 803 3441 deornm
813 3379 894 3442 banc
907 3384 980 3447 eius
993 3379 1143 3449 annau

67 3548 169 3624 ’Δ
