2356 3854
124 108 188 219 lto
272 154 309 212 tn
324 153 364 247 ur.
379 149 579 210 unromuu
594 150 734 210 orario
751 100 967 211 PlssLIPPICA'
984 154 1005 212 t.

125 308 192 366 Hae
214 305 281 378 lege
303 303 423 362 sublata
442 301 622 361 videnturne
653 299 743 360 vobis
764 301 911 362 Caesaris
934 311 1002 364 aeta
1024 292 1151 369 servam

125 388 227 463 Quide
246 389 329 460 lege,
356 402 437 460 quae
461 387 652 459 promulgate
672 392 720 444 est
740 384 778 443 de
800 386 890 444 tertia
913 386 1039 449 decuria
1062 407 1135 451 nonne

124 487 230 532 omnes
261 468 444 528 iudiciariae
470 469 555 542 leges
591 467 731 527 Caesaris
766 467 1005 530 dissolvuntur?
1037 473 1073 533 llt
1097 491 1134 533 vos
1175 505 1176 508 ι

124 563 191 614 acta
222 553 361 611 Caesaris
392 551 575 621 defenditis,
611 551 663 626 qui
695 552 781 625 leges
801 553 881 610 ·eius
908 555 1064 615 evertitisl
1092 556 1135 616 llisi
1173 554 1176 629 ἶ

124 639 214 709 forte,
232 635 259 695 si
274 636 346 710 quid
358 634 521 694 memoriae
536 650 635 715 eausa
645 635 757 694 rettulit
771 633 801 703 iu
816 635 964 707 libellum,
981 639 1013 697 id
1029 655 1135 699 numera·
1172 636 1176 676 1

123 720 203 779 bitur
217 718 248 778 in
265 721 340 778 actis
357 726 400 789 ει,
424 717 563 791 quamvis
575 716 712 791 iniquum
728 725 759 777 et
772 716 877 777 inutile
894 721 949 793 sit,
970 722 1135 783 defendebar:
1171 719 1176 759 l

125 803 269 878 quodad
290 803 436 876 populum
455 800 631 861 centuriatis
648 799 777 860 comitiis
794 801 874 872 tulit,
899 804 931 862 id
948 804 981 862 in
1002 806 1074 865 actis
1085 806 1134 864 Cae

34 943 38 951 ,
124 886 202 946 saris
224 901 285 944 non
311 885 478 944 habebitur.
522 883 576 944 20.
596 886 637 942 Al
657 899 736 958 quae
757 890 805 943 est
828 883 888 944 isla
910 887 1001 946 tertia
1022 889 1135 949 decutiat
1174 888 1176 903 ¹

127 968 357 1039 Centurionum,
379 967 485 1048 inquit.
530 966 629 1039 ouidi
647 966 696 1026 isti
708 966 811 1025 'ordini
825 965 982 1029 iudicatus
1000 972 1063 1045 lege
1075 972 1132 1041 lulio,
1166 952 1176 1012 t

125 1055 213 1113 eliam
230 1060 300 1111 ante
315 1050 474 1124 Pompeia,
488 1048 612 1109 Aurelia
627 1066 688 1110 non
704 1049 849 1123 parebam
864 1051 988 1112 Census
1006 1054 1132 1128 praelinir-
1164 1052 1176 1126 r

126 1383 232 1456 inquit,
247 1384 333 1442 istos.
364 1382 566 1456 'Quicumque
583 1383 717 1443 ordinem
733 1382 833 1456 duxit,
854 1382 982 1455 iudicet.
1010 1389 1049 1446 At
1063 1386 1132 1445 siler

125 1467 213 1536 retis,
236 1465 419 1540 quicumque
435 1458 515 1539 equo
531 1466 708 1537 meruisset,
731 1467 812 1539 quod
836 1474 884 1525 est
904 1469 1034 1541 lautius,
1052 1462 1132 1528 nemini

126 1547 306 1625 probaretis.
355 1547 389 1606 In
409 1546 508 1607 iudice
534 1549 613 1607 enim
628 1550 758 1622 spectari
780 1557 812 1611 ει,
825 1550 949 1609 lortuna
966 1553 1057 1612 debet
1071 1550 1131 1609 etdi

125 1634 233 1707 guttas.
277 1632 345 1690 Nou
362 1648 492 1706 quaero,
508 1632 613 1714 inquil,
629 1631 702 1692 ista:
723 1632 804 1691 addo
820 1632 913 1691 etiam
930 1633 1051 1711 iudices
1066 1630 1132 1693 mad

125 1717 248 1792 pulares
271 1732 310 1775 ex
333 1716 453 1789 legione
473 1715 669 1774 Alaudarum.
717 1714 813 1774 Aliter
833 1714 915 1773 enim
936 1719 1035 1778 nostri
1053 1720 1134 1790 navant
1173 1721 1176 1770 ι

126 1813 221 1875 posse
244 1815 278 1859 se
299 1796 403 1859 sailvos
420 1815 502 1858 esse.
547 1796 570 1856 0
591 1798 842 1858 contumeliosum
857 1798 1013 1859 honorem
1027 1801 1135 1872 iisque

125 1882 370 1942 adiudicandum
387 1880 619 1955 necopinantes
636 1880 769 1941 voeatis!
785 1881 841 1939 Hie
862 1880 944 1940 enim
961 1893 1010 1943 est
1031 1883 1097 1957 legis
1108 1880 1136 1939 iu

126 1967 201 2037 dex,
225 1973 259 2025 ut
280 1965 365 2025 lires
386 1966 416 2024 in
439 1964 525 2024 tertia
540 1965 663 2023 decuria
676 1964 825 2035 iudicent,
844 1963 896 2037 qui
912 1965 1011 2026 libere
1031 1966 1136 2026 iudicare

126 2065 187 2107 non
206 2048 346 2109 audeant.
389 2049 423 2106 In
438 2065 498 2122 quo
514 2057 645 2122 quantus
660 2064 744 2107 error
761 2055 827 2120 est‚'
844 2047 876 2106 di
891 2046 1089 2110 immortales!
1101 2063 1135 2106 eo
1168 2060 1172 2122 ξ

125 2147 206 2202 rum,
226 2131 278 2204 qni
292 2132 380 2191 istam
398 2132 495 2204 legem
510 2131 774 2204 excogitaverunt!
796 2131 836 2191 Ul
851 2131 930 2191 enim
951 2133 1080 2208 quisque
1093 2144 1136 2190 sor·
1171 2132 1173 2153 ²

127 2213 304 2274 didissimus
334 2214 500 2284 videbitur,
527 2213 569 2273 ita
597 2214 794 2274 libentissime
822 2215 989 2275 severitate
1010 2210 1137 2277 iudicandi
1171 2198 1176 2255 l

125 2299 236 2357 sordes
260 2315 333 2358 suas
355 2300 434 2358 eluet
456 2297 667 2372 laborabitque
691 2307 726 2358 ut
742 2297 880 2357 honestis
902 2299 1040 2360 decuriis
1064 2298 1138 2373 potin
1173 2300 1176 2340 Ι

127 2382 236 2454 dignus
253 2381 392 2441 videatur
407 2398 498 2456 quam
513 2381 544 2440 in
558 2389 673 2454 turpem
690 2381 754 2440 iure
770 2380 938 2449 coniectus.
978 2384 1029 2442 IX.
1046 2381 1091 2444 21.
1103 2377 1139 2439 hl·
1173 2382 1176 2418 ¹

125 2470 190 2523 tera
208 2466 398 2539 promulgata
410 2466 461 2524 lex
474 2474 537 2536 est,
553 2473 585 2523 ut
600 2465 640 2524 de
654 2464 684 2523 vi
699 2473 729 2524 et
744 2464 783 2523 de
800 2463 960 2524 maiestate
978 2463 1104 2526 damnati
1114 2458 1139 2519 al
1174 2467 1176 2497 ¹

128 2547 274 2620 populum
293 2556 477 2622 provocent,
495 2547 523 2607 si
543 2547 644 2606 velint.
687 2549 769 2606 Haeo
791 2555 896 2606 utrum.
912 2550 1041 2609 tandem
1054 2549 1140 2608 lexesl
1175 2552 1176 2563 ¹

127 2645 165 2687 an
182 2629 282 2703 legum
300 2633 432 2689 omnium
448 2631 630 2690 dissolutio?
650 2629 722 2704 Quis
738 2639 785 2690 est
802 2630 882 2690 enim
903 2631 1001 2692 hodie
1018 2632 1099 2693 euius
1110 2627 1139 2686 in·

126 2711 304 2772 tersitistam
324 2715 421 2786 legem
435 2721 579 2773 maneret
592 2715 686 2773 Nemo
695 2729 765 2774 reus
777 2722 824 2773 est
838 2713 961 2787 legibus
981 2717 1057 2788 illis,
1072 2723 1137 2773 neno

127 2813 217 2872 quem
236 2797 366 2856 futurum
388 2805 539 2871 putemus.
581 2799 682 2856 Armis
704 2796 783 2854 euim
803 2803 891 2870 gesta
907 2814 1077 2873 numquam
1091 2809 1139 2870 pro·

127 2881 206 2941 lecto
230 2881 259 2938 in
279 2880 422 2940 iudicium
440 2879 640 2940 vocabuntur.
689 2884 729 2939 Αι
749 2896 799 2939 res
822 2881 994 2953 popularis.
1045 2879 1139 2941 Utinm

126 2964 249 3038 quidem
264 2964 379 3038 aliquid
396 2962 515 3025 velletis
530 2979 601 3023 esse
621 2964 784 3037 populare!
808 2961 919 3022 Omnes
946 2965 1031 3023 enim
1046 2965 1100 3024 iam
1113 2957 1139 3018 oi
1156 2982 1159 2989 ·

129 3063 183 3106 ves
199 3049 237 3107 de
251 3048 447 3121 reipublicae
462 3048 559 3106 salute
574 3063 634 3105 una
653 3053 683 3105 ει
699 3055 797 3105 mente
817 3054 846 3105 ει
861 3063 942 3106 νοεε
959 3045 1139 3108 consentiunt

128 3128 210 3199 Quae
223 3138 270 3190 est
283 3130 372 3206 igitur
387 3132 446 3190 isba
457 3129 608 3203 cupiditas
625 3127 701 3203 legis
713 3127 779 3189 eius
798 3129 1055 3204 ferendae,·quae
1070 3121 1140 3198 turpi·

126 3212 259 3272 tudinem
275 3230 421 3273 summam
438 3213 555 3281 haheat,
571 3212 696 3286 gratiam
712 3200 843 3271 nullam't
858 3211 937 3284 Quid
950 3213 1034 3273 enim
1046 3208 1139 3285 turpius

128 3307 217 3363 quam
236 3297 288 3369 qui
303 3298 488 3357 maiestatem
504 3295 609 3370 populi
625 3294 752 3361 Romani
768 3295 908 3355 minuerit
923 3313 981 3369 per
1000 3298 1075 3368 vim,
1089 3302 1140 3352 eun

126 3372 299 3435 damnatum
313 3377 426 3439 iudicio
442 3379 481 3438 ad
496 3394 563 3438 eam
577 3378 675 3453 ipsam
694 3378 756 3436 vim
770 3377 898 3450 reverti,
919 3387 1051 3455 propter
1070 3385 1138 3452 quaa
