2356 3854
28 168 39 194 ¹
129 173 194 236 306
401 167 476 227 PRO
491 168 547 227 CN.
561 166 723 226 PLANCIO
740 166 892 264 ornatu.

129 328 301 401 potuerunt.
341 318 391 380 21.
407 317 523 380 Deinde
536 316 580 377 tui
597 316 765 391 municipes
781 326 853 378 sunt
866 317 909 377 illi
922 318 1041 394 quidem
1053 320 1133 392 splen·
1172 361 1178 393 ,

130 403 279 467 didissirni
293 402 448 474 homines,
463 401 519 459 sed
535 408 634 460 tamen
651 399 754 473 pauci,
772 400 799 461 si
815 400 939 475 quidem
955 417 1020 460 cnm
1034 400 1134 460 Atinati

130 490 189 548 bus
206 487 413 546 conferantur:
444 482 535 542 huius
557 484 746 557 praefectura
768 485 858 557 plena
879 483 1011 545 virorum
1032 483 1135 543 tortissi-
1171 522 1177 558 :

130 562 256 641 morum,
271 569 316 627 sie
330 576 363 628 ut
377 567 459 626 nulla
473 574 536 625 tota
549 567 633 626 ltttlia
649 566 836 640 frequentior
848 565 910 627 dici
924 567 1032 641 possit
1064 566 1135 640 Qum
1172 604 1177 617 ,.

132 653 253 728 quidem
270 668 350 711 nunc
371 648 588 710 multitudinem
609 648 735 721 videtis,
757 648 892 721 iudices,
915 651 946 710 in
967 650 1104 724 squalore
1119 656 1137 707 ct
1171 692 1176 723 2

131 739 214 797 lucto
232 734 402 809 supplicem
418 731 515 792 vobis.
558 731 596 790 Hi
618 739 662 791 tot
684 731 803 804 equites
824 732 971 808 Romani,
993 741 1038 792 tot
1051 730 1137 792 tribuni

132 818 296 879 aerarii-
311 833 379 876 narn
394 816 512 890 plebem
527 830 545 873 a
559 813 671 875 iudicio
687 815 870 886 dimisimus,
893 832 975 890 quae
989 823 1093 876 cuncta
1104 830 1138 874 cc

131 903 221 962 mitiis
236 901 387 961 adluit-
408 897 480 973 quid
501 896 636 969 roboris,
661 895 734 971 quid
750 897 904 972 dignitatis
921 898 1012 959 buius
1029 895 1138 972 petitioni
1170 885 1178 938 ¹

101 1052 104 1057 >
131 987 313 1046 attulerunt?
340 984 407 1042 Non
419 981 498 1040 anim
514 979 621 1038 tribum
638 980 844 1055 Terentinam,
859 981 898 1040 de
910 998 973 1056 qua
988 979 1137 1048 dicamalio
1171 937 1178 1048 Ι

131 1070 218 1140 loco,
235 1069 290 1126 sed
306 1067 495 1140 dignitatem,
512 1063 567 1122 sed
585 1063 740 1122 oculorum
757 1063 944 1137 coniectum,
961 1064 1018 1124 sed
1037 1062 1137 1124 solidam
1172 1051 1178 1130 Ι

132 1160 163 1211 et
178 1151 334 1210 robustam
350 1157 380 1208 et
394 1148 552 1206 adsiduam
575 1145 772 1219 frequentiam
795 1147 1012 1221 praebuerunt.
1057 1146 1138 1207 ltoan

74 1302 76 1307 ,
132 1232 296 1305 municipia
310 1229 523 1289 coniunctione
545 1231 633 1288 etiam
649 1227 809 1289 vicinitatis
825 1230 1025 1289 vehementer
1040 1243 1136 1290 moror
1154 1220 1159 1237 ⁴

132 1323 189 1376 tur.
220 1315 270 1373 lX.
285 1313 335 1373 22.
355 1312 476 1382 Omnia,
495 1327 572 1385 quae
588 1310 656 1371 dico
671 1313 710 1370 de
723 1311 860 1386 Plancio,
872 1362 875 1368 .
886 1312 958 1372 dico
976 1307 1137 1388 expertasir

132 1398 237 1457 nobis:
267 1413 373 1456 sumus
395 1394 473 1453 enim
492 1393 608 1453 linitimi
630 1393 810 1454 Atinatibus.
854 1395 1028 1455 Laudanda
1048 1391 1137 1456 estrei

133 1479 222 1540 etiarn
239 1480 367 1537 amanda
382 1476 534 1547 vicinitas,
555 1478 688 1537 retinens
711 1485 842 1538 veterem
863 1479 944 1537 illam
967 1479 1062 1539 ollicii
1075 1475 1130 1537 ratic

11 1629 19 1635 ,
132 1579 211 1635 nem,
227 1578 287 1622 non
299 1562 447 1621 infuscata
462 1560 682 1632 malevolentia,
696 1552 757 1619 rion
773 1561 900 1621 adsueta
911 1561 1137 1634 mendaciique

134 1647 250 1719 fucosa,
266 1661 326 1704 non
345 1646 446 1715 lallax,
463 1659 523 1702 non
539 1642 656 1704 erudita
671 1644 797 1704 artilicio
813 1643 1017 1705 simulationis
1033 1645 1079 1704 vel
1090 1640 1139 1702 sal
1171 1631 1178 1711 Ι,

132 1731 249 1807 urbano
266 1726 420 1788 ueletiam
437 1728 561 1787 urbano.
603 1728 698 1789 Nemo
718 1726 850 1802 Arpinas
871 1744 933 1787 non
956 1727 1079 1788 Plancio
1096 1731 1139 1784 slr
1171 1712 1178 1786 Ι

133 1813 207 1886 duit,
222 1828 311 1872 nemo
327 1810 472 1883 Soranus,
488 1826 576 1870 nemo
592 1810 728 1881 Casinas,
740 1823 829 1870 nemo
844 1809 998 1884 Aquinas.
1041 1810 1140 1869 Tractat
1171 1796 1178 1860 Ι

133 1895 183 1955 ille
199 1895 424 1967 celeberrimus,
434 1894 637 1964 Venalranus,
658 1893 818 1965 Allilanus,
834 1901 896 1954 tota
910 1892 1049 1968 denique
1062 1898 1139 1952 noem
1171 1862 1178 1964 Ι

134 1977 186 2037 illa
202 1994 312 2052 aspera
326 1986 356 2037 et
373 1986 532 2037 montuosa
545 1984 575 2035 et
590 1976 690 2036 fidelis
710 1984 740 2036 et
760 1976 891 2050 slmplex
914 1985 954 2055 ets
965 1975 1076 2037 lautrix
1090 1987 1139 2034 sac
1171 1963 1178 2046 l

133 2076 200 2118 rum
217 2061 301 2133 regio
318 2076 352 2118 se
367 2059 456 2119 buius
471 2059 588 2119 bonore
608 2060 723 2129 ornari,
745 2075 780 2119 se
802 2058 904 2132 augeri
926 2053 1139 2133 dignitatearb'r
1171 2046 1178 2120 Ι

135 2141 283 2202 trabatur=
310 2142 482 2216 iisdemque
504 2159 584 2202 nunc
605 2158 644 2201 ex
659 2141 829 2216 municipiis
844 2143 957 2202 adsunt
970 2140 1141 2218 equitatio
1172 2130 1178 2210 Ι

132 2226 213 2285 mani
235 2226 360 2300 publice·
377 2241 444 2285 cnm
461 2225 616 2299 legatione
631 2234 661 2285 et
674 2225 860 2298 testimonio,
879 2240 936 2284 nec
956 2225 1141 2286 minoramus
1171 2214 1178 2286 Ι

134 2319 204 2370 sunt
218 2308 421 2370 sollicitudine
443 2325 533 2383 quam
550 2315 611 2366 tum
634 2316 719 2367 erant
738 2307 848 2367 studio.
890 2307 1013 2368 Etenim
1033 2315 1140 2380 astra
1172 2294 1178 2377 Ι

133 2392 202 2451 vius
224 2391 348 2466 spoliari
368 2391 496 2452 fortunis
515 2408 604 2465 quam
622 2409 681 2451 non
700 2390 805 2466 augeri
822 2389 977 2465 dignitate.
1019 2389 1068 2453 23.
1081 2389 1140 2460 brol
1172 2378 1178 2438 Ι

134 2481 166 2533 ut
180 2474 239 2533 alia
261 2476 291 2533 in
311 2484 340 2534 te
357 2483 443 2535 erant
458 2474 635 2546 illustriora,
656 2472 846 2547 Laterensis,
868 2489 949 2546 quae
965 2475 1022 2534 tibi
1036 2474 1140 2534 maias
1172 2451 1178 2524 Ι

133 2555 176 2615 tui
193 2557 386 2631 reliquerant,
402 2558 447 2618 sic
461 2565 490 2617 te
506 2558 645 2617 Plancius
661 2557 720 2616 boc
732 2574 792 2617 non
809 2554 906 2616 solum
922 2555 1093 2632 municipii,
1103 2566 1141 2615 tc

132 2655 199 2697 rum
219 2639 307 2697 etiam
324 2640 482 2699 vicinitatis
497 2656 609 2714 genere
623 2641 771 2701 vincebat.
799 2639 862 2699 Nisi
877 2640 956 2700 rorte
969 2648 1003 2701 te
1016 2636 1141 2700 mutan
1174 2693 1178 2704 .

134 2731 186 2781 aut
201 2720 317 2780 Gabina
331 2730 382 2781 aut
400 2723 558 2783 Bovillana
572 2721 709 2783 vicinitas
729 2723 907 2783 adiuvabatr
929 2723 1043 2797 quibus
1061 2737 1078 2782 c
1094 2731 1140 2778 nu
1172 2711 1178 2803 Ι

135 2803 255 2878 nicipiis
272 2803 321 2863 vix
336 2802 394 2862 iam
411 2804 462 2879 qui
480 2821 601 2864 carnem
614 2805 728 2865 Latinis
743 2813 846 2880 petant
859 2804 1063 2879 reperiuntur.
1093 2797 1140 2861 ad
1172 2806 1178 2862 l

134 2888 309 2962 iungamus,
329 2887 355 2946 si
370 2887 432 2961 vis,
454 2888 500 2960 id,
527 2889 609 2963 q'uod
624 2896 656 2947 tu
670 2887 741 2948 huic
756 2889 868 2947 obesse
883 2887 973 2947 ctiam
991 2896 1090 2964 putas,
1101 2895 1138 2957 p*
1173 2873 1178 2942 l

51 3002 53 3005 ·
134 2978 209 3030 trem
229 2970 512 3044 publicanum==qui
531 2971 605 3030 ordo
626 2979 739 3045 quanto
754 2971 928 3030 adiumento
945 2971 987 3031 sit
1005 2971 1037 3030 in
1050 2971 1138 3029 bom
1174 2951 1178 3046 Ι

17 3102 21 3110 .
135 3054 203 3127 quis
220 3054 338 3114 nescita
382 3054 454 3114 Flos
475 3053 552 3113 enim
575 3053 707 3129 equiturn
719 3055 938 3124 Romanorum,
955 3055 1137 3113 ornamentum

135 3135 273 3207 civitatis,
286 3137 504 3197 firmamentum
519 3137 562 3196 rei
576 3136 714 3210 publicae
733 3137 960 3210 publicanorum
974 3137 1137 3197 orotacccr
1177 3171 1178 3196 t

135 3214 253 3277 tinetnr.
295 3216 346 3280 24.
375 3219 448 3292 Quis
469 3227 517 3279 est
536 3218 626 3293 igitur
642 3218 693 3294 qui
710 3227 800 3293 neget
816 3217 883 3279 eius
899 3217 1018 3279 ordini's
1033 3211 1138 3278 stadim

136 3295 231 3357 luisse
247 3299 404 3362 inhonore
421 3301 533 3361 Plancii
549 3303 722 3377 singulare?
750 3303 857 3377 Neque
872 3300 999 3378 iniuria,
1013 3301 1060 3360 vcl
1075 3286 1136 3370 (111⁰ll

134 3387 199 3438 erat
214 3389 300 3452 pater
320 3383 363 3456 is,
386 3383 439 3458 qui
460 3392 508 3443 cst
524 3384 672 3458 ¹princeps
692 3385 752 3444 iam
774 3366 1135 3483 (115’ριιῑ)1ἰο«’ὶιιοι”ιιιιι,ΞΙΙΙ
1176 3427 1178 3445 r
