2356 3854
242 157 245 176 ¹
286 144 515 277 canu-310.
535 185 705 248 seo-oa
948 131 1025 255 est

62 344 77 384 r
100 342 140 387 ne
155 325 277 389 clodius
293 327 415 403 quidem
430 331 468 390 de
482 327 601 392 insidiis
617 331 774 407 cogitavit,
796 325 938 411 quoniam
957 340 1011 402 luit
1041 374 1047 381 -

62 411 336 478 ¹banomansurus.
378 411 411 474 si
426 410 548 488 quidem
563 411 699 474 exiturus
715 417 755 476 od
767 420 890 481 caedem
907 437 925 481 e
940 424 1012 484 villa

64 492 186 556 fuisset
230 491 330 555 Video
351 496 432 556 enim
446 495 544 566 illum,
569 494 622 568 qui
641 496 757 558 dicatur
777 500 817 560 de
831 502 900 579 cyri
913 515 1009 566 morto

62 577 165 647 iasse,
188 591 249 635 non
269 575 302 637 id
315 577 494 650 nunciasse,
516 577 573 638 sed
590 576 734 640 Milonem
753 585 1008 662 appropinquans
1035 655 1038 658 ,

76 657 154 733 quid
172 659 212 721 de
232 657 312 737 Cyro
328 660 497 730 nunciaret,
519 676 608 735 quem
627 659 750 742 clodius
772 665 869 726 Roma
888 671 1008 742 prolici-

62 741 249 817 rreliquerat
259 742 531 804 morientethna
543 743 601 817 lui,
619 752 829 807 testamentum
840 748 910 826 Cyri
920 753 1010 814 simul

62 823 145 891 :navi
174 839 241 885 curn
264 823 385 886 Clodio=
416 832 625 888 testamentum
653 824 755 888 autem
774 831 874 903 palam
896 833 1015 898 lecerat

62 924 109 967 rm
125 905 267 966 heredem
285 916 315 967 et
328 923 377 971 me
392 909 564 982 scripserat.
610 910 704 983 Quem
718 909 817 984 pridie
831 911 906 974 bora
923 915 1009 978 tertia

62 1005 112 1049 am
133 988 287 1053 efflantem
301 990 491 1064 reliquisset,
514 1007 582 1052 eum
602 999 753 1055 mortuum
768 994 916 1067 postridie
932 997 1008 1058 bora

62 1088 99 1132 na
115 1070 248 1145 denique
264 1071 294 1132 ei
308 1072 525 1135 nunciabatur?
537 1075 612 1135 xlx.
624 1072 675 1135 ta.
686 1077 763 1150 Age,
772 1076 817 1136 sit
826 1075 867 1137 ita
881 1079 1008 1140 lactumz

73 1169 171 1215 causa
187 1169 242 1214 eur
254 1156 382 1215 Romam
397 1163 595 1231 properaret?
618 1173 673 1218 cur
685 1156 715 1221 iu
731 1166 850 1218 noctem
862 1173 897 1221 s'e
914 1161 1011 1224 conii·'

66 1244 83 1296 t
97 1235 174 1310 Quid
188 1237 345 1297 adferebat
356 1254 478 1313 causam
490 1238 712 1302 festinationis?
722 1241 808 1314 Quod
821 1243 910 1304 heres
924 1253 1008 1307 eratt

62 1335 113 1381 um
126 1327 189 1380 erat
204 1319 276 1378 nihil
291 1335 346 1382 our
361 1329 524 1396 properato
541 1339 620 1397 opus
636 1332 733 1384 esset=
754 1324 864 1385 deinde
884 1327 910 1387 si
932 1327 1007 1402 quid

62 1448 71 1477 ,
88 1401 161 1478 quid
174 1403 294 1463 tandem
306 1412 370 1465 orat
381 1405 464 1480 quod
478 1420 515 1464 ea
531 1415 620 1467 nocte
631 1407 779 1482 consequi
791 1417 906 1482 posset,
922 1410 1015 1473 amit--

72 1493 191 1557 autem,
213 1484 240 1545 si
260 1485 408 1562 postridie
422 1487 549 1548 Romam
570 1504 659 1548 mane
680 1489 836 1550 venisset?
853 1495 955 1567 Atque
974 1501 1007 1555 ut

62 1576 205 1630 retornus
220 1568 259 1628 ad
274 1570 380 1630 urbem
398 1571 549 1632 adventus
569 1571 711 1631 vitandus
726 1572 829 1646 potins
845 1591 1005 1647 quamex-

62 1653 131 1712 rdus
145 1648 214 1723 luit,
236 1650 281 1713 sic
294 1651 416 1727 Miloni,
433 1669 525 1728 quum
540 1652 699 1713 insidiator
712 1661 810 1726 esset,
826 1654 853 1714 sl
869 1655 951 1716 illum
966 1658 1006 1716 ad

62 1753 82 1794 n
96 1742 189 1795 noctu
203 1748 399 1796 accessurum
413 1734 538 1807 solebat,
551 1734 771 1795 subsidendum
788 1744 879 1809 atque
895 1747 1011 1812 exspe·'

62 1822 122 1878 turn
137 1817 201 1878 luit.
231 1815 281 1878 50.
294 1818 402 1899 Noctu,
415 1817 563 1878 insidioso
574 1825 608 1877 et·
618 1817 710 1890 pleno
725 1817 873 1880 latronum
890 1817 920 1877 in
936 1819 1006 1880 loco

62 1901 163 1961 issetr
178 1916 268 1961 nemo
281 1901 309 1961 ei
324 1899 445 1975 neganti
460 1916 520 1959 non
535 1897 732 1970 credidisset,
752 1914 841 1973 quern
857 1916 927 1963 esse
942 1912 1013 1960 om·7

63 1985 169 2045 alvum
183 1982 271 2052 etiarn
290 1982 482 2044 confitentem
502 1982 616 2042 volunt.
659 1979 861 2044 Sustinuisset
875 1983 934 2044 hoc
949 1983 1005 2044 cri·
1038 1990 1043 1997 ‘

63 2067 196 2142 primurn
213 2065 281 2141 ipse
296 2065 346 2129 ille
361 2067 511 2127 latronum
529 2067 695 2128 occultator
705 2073 740 2124 et
753 2075 893 2140 receptor
907 2068 1003 2141 locus,

62 2165 160 2222 neque
173 2157 255 2209 muta
268 2147 400 2209 solitudo
418 2149 585 2209 indicasset
602 2162 703 2225 neque
719 2163 812 2209 caeca
826 2165 888 2211 nox
902 2157 1005 2210 osten·

62 2241 77 2294 t
90 2231 250 2291 Milonem=
272 2231 382 2294 deinde
400 2231 484 2293 multi
504 2230 543 2290 ab
565 2230 616 2291 illo
631 2228 748 2302 violati,
764 2230 901 2304 spoliati,
915 2230 1005 2298 bonie
1114 2290 1116 2298 ,

60 2315 118 2387 lsi,
133 2309 216 2374 multi
231 2314 307 2375 haec
322 2312 411 2377 etiarn
429 2313 569 2375 timentes
582 2312 614 2376 in
630 2312 837 2387 suspicionem
852 2313 1005 2387 caderent,

62 2396 195 2472 denique
214 2413 267 2457 rea
289 2397 429 2459 citaretur
442 2395 571 2460 Etruria.
614 2393 664 2458 51.
677 2398 780 2470 Atque
794 2396 843 2456 illo
859 2395 909 2455 die
923 2404 1006 2458 certe
1100 2422 1103 2425 ·

62 2498 79 2542 a
94 2481 218 2541 rediens
233 2480 361 2542 devertit
375 2480 498 2542 Clodius
520 2481 559 2541 ad
574 2496 608 2540 se
623 2477 654 2540 in
668 2478 827 2551 Albanum.
872 2479 959 2551 Quod
973 2487 1009 2540 ut

62 2562 151 2625 2Milo
165 2563 248 2624 illurn
258 2563 378 2623 Ariciae
393 2563 502 2635 luisse,
527 2559 678 2637 suspicari
691 2569 790 2622 umen
809 2560 912 2623 debuit
926 2576 1005 2635 eum,

62 2669 65 2706 ι
82 2646 112 2706 si
125 2647 252 2707 Romam
264 2646 315 2709 illo
330 2647 380 2707 die
393 2645 503 2708 reverti
518 2647 625 2720 vellet,
645 2645 685 2706 ad
699 2644 799 2704 villam
816 2661 911 2718 suam,
927 2658 1006 2720 quae

67 2738 214 2804 tangeret,
230 2725 437 2790 deversururn.
478 2730 650 2802 Cornaque
666 2735 735 2789 ante
750 2726 889 2799 occurrit,
903 2743 942 2786 ne
955 2726 1006 2786 ille
1064 2770 1073 2785 κ

62 2816 98 2872 ta
112 2811 273 2885 resideret,
289 2826 346 2872 nec
359 2827 398 2873 eo
409 2811 438 2872 in
453 2810 679 2882 looosnbsedit,
696 2826 757 2885 qno
769 2809 819 2869 ille
834 2817 926 2870 noctu
933 2823 1005 2866 ven·

79 2902 185 2956 essett

62 2981 129 3039 ideo
149 2985 294 3040 constare
308 2978 417 3050 adhuc,
437 2974 564 3047 iudices,
582 2975 691 3046 omnia,
707 2971 812 3031 Miloni
825 2970 914 3032 etiam
931 2967 1007 3033 utile

62 3079 74 3122 e
91 3060 226 3122 Clodium
243 3061 354 3134 vivere,
370 3059 413 3120 illi
425 3059 464 3118 ad
476 3073 522 3130 ea,
537 3072 616 3131 quae
629 3053 835 3128 concupierat,
851 3048 1016 3125 optatissi-v

74 3143 227 3205 interitum
240 3143 377 3212 Milonis:
399 3140 502 3202 o‘dium
523 3138 620 3199 luisse
636 3136 716 3196 illius
730 3135 856 3196 inhunc
871 3131 1014 3202 acerbisf

62 3246 105 3299 m,
128 3227 241 3288 nullum
262 3225 353 3286 huius
367 3224 397 3284 in
415 3222 512 3285 illumi
535 3217 786 3281 consuetudinem
801 3217 880 3277 illius
896 3231 1005 3291 perpe

71 3313 103 3370 in
114 3310 143 3368 ri
158 3309 323 3378 inferenda,
338 3307 427 3368 huius
438 3315 552 3368 tantum
565 3304 596 3362 in
610 3300 798 3375 repellanda=
815 3297 865 3360 52.
881 3306 1007 3366 mortem

62 3381 1006 3465 ndenunciatamMilouietpraedicatam-palam,nibilnmquam
