2356 3854
366 205 449 278 carl
470 225 599 282 sa—ot.
623 186 826 285 §.tat—13⁰7.
977 239 978 243 ¹
1050 207 1093 285 ιιι

92 379 215 428 summam
231 383 303 428 esse
318 367 512 440 arbitrantur,
528 368 633 428 referri
647 368 676 428 in
694 370 812 430 tabulas
827 367 975 445 publicas,
989 369 1092 443 precio

91 448 226 510 adductam
245 449 398 511 civitatem
414 460 443 511 et
456 451 561 526 precio
582 467 694 525 parvo,
719 467 771 525 ea,
797 468 876 525 quae
890 453 1061 526 accepisset
1075 470 1094 514 a

88 531 241 605 maioribus,
252 532 739 609 vendidisse'atqueabalienasse.
754 533 871 594 Etenim
882 535 1051 594 mirandum
1062 536 1093 595 in
1162 556 1163 561 ¹

88 616 189 675 nodum
204 615 311 677 Graeci
331 617 424 677 rebus
435 615 526 690 istie,
545 633 622 691 quas
643 617 879 690 contemnimus
899 618 1093 679 delectantur.

87 695 173 772 ltaque
185 698 317 758 maiores
328 699 425 759 nostri
440 699 528 758 facile
539 699 738 773 patiebantur,
753 699 831 769 haec
843 716 913 760 esse
928 701 1009 775 apud
1024 701 1092 762 iilos

88 781 315 856 quamplurima:
338 783 421 857 apud
437 781 555 853 socios,
577 790 609 842 ut
629 781 756 857 imperio
777 789 882 842 nostro
901 799 990 856 quam
1006 800 1093 843 orna-

86 861 175 923 tissimi
188 863 458 940 florentissimique
473 872 590 936 essent,
607 866 689 939 apud
705 881 759 925 eos
774 873 889 946 autem,
908 881 987 938 quos
1001 867 1092 925 vecti-

86 947 151 1018 gales
163 955 214 1007 aut
229 947 444 1021 stipendiarios
459 949 608 1021 fecerant,
623 955 723 1007 tamen
738 948 817 1007 haec
826 946 1046 1021 relinquebant,
1062 957 1094 1008 ut

85 1024 128 1101 itti,
151 1029 260 1104 quibus
283 1029 359 1089 haec
380 1030 512 1090 iucunda
533 1038 617 1104 sunt,
640 1046 718 1104 quae
739 1030 828 1090 nobis
846 1029 926 1090 levia
943 1029 1091 1102 videntur,
1119 1029 1124 1035 ’

85 1107 212 1179 haberent
226 1111 303 1172 haec
321 1113 541 1192 obiectamenta
556 1122 585 1173 et
606 1112 721 1173 solacia
737 1113 900 1173 servitutis.
922 1110 993 1172 135.
1017 1113 1093 1186 Quid

85 1193 249 1255 arbitramini
269 1194 440 1270 Rheginos,
463 1195 515 1270 qui
536 1195 595 1255 iam
617 1195 701 1256 cives
720 1196 850 1257 Romani
872 1205 957 1269 sunt,
977 1212 1093 1256 merere

86 1277 160 1351 veile,
179 1286 213 1338 ut
229 1278 268 1337 ab
282 1277 320 1338 iis
334 1294 502 1338 marmorea
517 1279 621 1340 Venus
635 1280 686 1338 illa
700 1281 873 1340 auferatur?
894 1279 967 1354 quid
984 1280 1092 1340 Taren-

86 1355 159 1433 tinos,
176 1368 210 1421 ut
224 1361 377 1434 Europam
392 1361 422 1420 in
437 1369 523 1421 tauro
538 1361 695 1424 amittantt
715 1371 748 1423 ut
763 1363 918 1438 Satyrum,
943 1363 994 1437 qui
1011 1362 1093 1437 apud

82 1438 136 1514 ilios
154 1442 185 1503 in
207 1445 285 1504 aede
300 1445 413 1504 Vestae
434 1451 502 1504 estt
521 1452 554 1505 ut
574 1452 716 1505 caeteras
732 1445 806 1520 quid
820 1446 1039 1521 Thespienses,
1060 1451 1094 1504 ut

83 1521 221 1599 Cupidinis
243 1526 377 1601 signum,
399 1536 525 1602 propter
546 1529 630 1602 quod
649 1545 742 1587 unum
764 1528 902 1588 visuntur
922 1526 1094 1602 Thespiae?
1141 1529 1144 1553 ¹

82 1607 140 1678 quid
146 1608 278 1681 Cnidios,
289 1610 480 1669 utVenerem
488 1617 707 1670 marmoream?
721 1611 802 1685 quid,
816 1620 849 1670 ut
861 1609 982 1684 pictam,
993 1610 1093 1670 Coos?

82 1689 140 1763 quid
151 1691 320 1766 EphesioS,
331 1700 364 1752 ut
377 1693 608 1752 Alexandrumt
630 1692 703 1767 quid
718 1691 902 1768 Cyzicenos,
922 1700 956 1750 ut
969 1691 1093 1749 Aiacem

80 1781 120 1832 aut
130 1773 292 1833 Medeam?
306 1775 379 1848 quid
392 1774 547 1846 Rhodios,
568 1783 602 1834 ut
615 1775 770 1869 Ialysum?
793 1773 866 1847 quid
880 1773 1093 1846 Athenienses

78 1862 102 1915 ut
115 1873 153 1916 ex
163 1873 313 1917 marmore
324 1857 467 1940 Iacchum
482 1864 534 1916 aut
547 1857 685 1916 Paratum
700 1856 813 1930 pictum
828 1864 880 1914 aut
891 1871 930 1914 ex
944 1870 1014 1914 aere
1026 1854 1092 1931 My-

78 1939 148 1999 ronis
163 1940 326 2000 buculam?
345 1920 483 2013 Longu'm
502 1947 549 1998 est
569 1947 599 1999 et
613 1956 674 1999 non
689 1937 896 1999 necessarium
910 1934 1092 1998 'commemo-

77 2035 146 2096 rare,
164 2037 244 2098 quae
261 2021 344 2097 apud
360 2038 500 2098 quosque
516 2020 642 2083 visenda
659 2030 729 2082 sunt
742 2029 806 2082 tota
816 2023 891 2082 Asia
908 2029 938 2081 et
951 2020 1091 2104 Graecia

77 2119 166 2167 verum
182 2105 258 2164 illud
277 2113 325 2166 est
349 2122 440 2180 quam
455 2105 494 2164 ob
511 2121 575 2164 rem
587 2105 663 2165 haec
678 2104 925 2177 commemorem,
926 2089 1024 2179 qued
1039 2099 1092 2162 eit·

77 2182 197 2248 istimare
216 2187 279 2248 hoc
301 2205 358 2248 vos
380 2190 467 2262 volo,
494 2190 600 2249 mirum
622 2190 783 2264 quemdam
801 2189 937 2248 dolorem
953 2187 1091 2260 accipere

78 2282 135 2345 eos,
158 2287 200 2332 ex
215 2287 347 2346 quorum
362 2272 487 2332 urbibus
504 2271 581 2331 haec
597 2274 780 2333 auferantur.

146 2354 222 2413 th
253 2350 323 2414 136.
351 2355 454 2429 Atque
474 2362 507 2415 ut
527 2362 664 2415 caeteros
681 2353 868 2425 omittamus,
884 2349 950 2410 de
942 2349 1019 2425 ipsis
1034 2349 1090 2426 Sy-

78 2437 222 2505 racusanis
241 2435 433 2523 cognoscite·
454 2438 493 2497 ad
510 2453 589 2511 quos
604 2453 661 2511 ego
678 2453 771 2512 quum
784 2434 954 2508 ιθιιιεειιιιι,
970 2432 1014 2493 sic
1031 2431 1090 2507 pri-

79 2530 146 2578 num
165 2510 393 2593 existimabam,
417 2528 450 2579 ut
469 2521 585 2580 Romae
607 2536 646 2580 ex
666 2520 755 2579 istius
777 2517 882 2577 amicis
904 2531 1089 2611 acceperam,

80 2599 216 2662 civitatem
229 2601 455 2698 Syracusanam
469 2612 595 2677 propter
608 2602 740 2662 Heraclii
754 2602 949 2661 hereditatem
966 2598 1026 2659 non
1037 2599 1091 2661 mi·

79 2694 124 2743 nus
138 2700 210 2745 esse
224 2685 275 2745 isti
283 2686 426 2781 amicam,
442 2702 534 2781 quam
550 2684 757 2746 Mamertinam
772 2693 896 2759 propter
911 2682 1091 2756 praedarum

81 2777 107 2824 ac
120 2767 265 2828 furtorum
281 2768 413 2837 omnium
430 2768 620 2829 societatem·
644 2766 776 2829 simulet
791 2767 920 2826 verebar
936 2781 974 2822 ne
988 2764 1091 2822 mulie·
1119 2810 1123 2818 .

80 2858 132 2908 rum
142 2851 289 2912 nobilium
305 2860 335 2911 et
351 2852 552 2911 formosarum
566 2850 670 2925 gratia,
688 2866 813 2926 quarum
829 2849 887 2908 iste
901 2844 1023 2905 arbitrio
1037 2859 1091 2916 per

80 2929 226 3011 biennium
243 2941 416 3031 praeturam
429 2941 580 3008 gesserat,
598 2935 806 3007 virorumque,
829 2929 1009 3004 quibuscum
1022 2924 1093 2983 itlae

81 3022 178 3089 tuobe
192 3024 286 3089 erant,
304 3016 395 3076 nimia
408 3016 439 3076 in
453 3016 544 3075 istum
558 3033 620 3076 non
634 3017 725 3075 mode
741 3011 914 3082 lenitudine,
931 3008 986 3068 sed
1001 3005 1090 3067 etiam

81 3090 244 3159 liberalitate
266 3115 475 3175 oppugnares,
497 3097 523 3157 si
544 3098 617 3172 quid
638 3114 677 3156 ex
699 3096 804 3157 litteris
827 3095 1089 3168 Syracusanorum

83 3181 288 3256 conquirerem.
319 3178 388 3244 137.
420 3182 525 3254 ltaque
541 3178 704 3256 Syracusis
727 3194 795 3237 cum
815 3175 932 3235 civibus
945 3174 1089 3235 Romanis

84 3270 164 3324 bama
188 3281 295 3325 eorum
320 3266 437 3325 tabulas
465 3261 673 3336 exquirebam,
700 3258 824 3320 iniurias
851 3259 1088 3355 cognoscebam:

86 3353 162 3411 tuum
181 3347 323 3409 diutius
314 3365 347 3406 ιιι
365 3346 493 3421 negocio
515 3360 647 3418 curaque
663 3345 792 3417 sueram,
814 3350 847 3401 ut
865 3342 1089 3416 requiescerem

86 3431 342 3506 tuamqueanimi
361 3428 558 3502 remitterem,
574 3428 614 3487 ad
636 3424 797 3502 Carpinatii
810 3426 982 3500 praeclaras
1003 3422 1085 3484 tabu·
