<?xml version="1.0" encoding="UTF-8"?>
<!DOCTYPE html PUBLIC "-//W3C//DTD XHTML 1.0 Transitional//EN"
    "http://www.w3.org/TR/xhtml1/DTD/xhtml1-transitional.dtd">
<html xmlns="http://www.w3.org/1999/xhtml" xml:lang="en" lang="en">
 <head>
  <title>
</title>
<meta http-equiv="Content-Type" content="text/html;charset=utf-8" />
  <meta name='ocr-system' content='tesseract 3.04.00' />
  <meta name='ocr-capabilities' content='ocr_page ocr_carea ocr_par ocr_line ocrx_word'/>
</head>
<body>
  <div class='ocr_page' id='page_1' title='image "./mtulliiciceroni08cicegoog_0118.png"; bbox 0 0 2356 3854; ppageno 0'>
   <div class='ocr_carea' id='block_1_1' title="bbox 193 139 984 263">
    <p class='ocr_par' dir='ltr' id='par_1_1' title="bbox 193 139 984 263">
     <span class='ocr_line' id='line_1_1' title="bbox 193 139 984 263; baseline 0.015 -27"><span class='ocrx_word' id='word_1_1' title='bbox 193 258 195 263; x_wconf 6' lang='grc' dir='ltr'><em>γ</em></span> <span class='ocrx_word' id='word_1_2' title='bbox 262 178 716 246; x_wconf 76' lang='lat' dir='ltr'>ccP.ar-aa.s.1ra-1rs.</span> <span class='ocrx_word' id='word_1_3' title='bbox 855 139 865 154; x_wconf 48' lang='grc'><strong>”</strong></span> <span class='ocrx_word' id='word_1_4' title='bbox 942 181 984 248; x_wconf 73' lang='grc'><strong>81</strong></span> 
     </span>
    </p>
   </div>
   <div class='ocr_carea' id='block_1_2' title="bbox 60 328 1036 3483">
    <p class='ocr_par' dir='ltr' id='par_1_2' title="bbox 60 328 1036 3483">
     <span class='ocr_line' id='line_1_2' title="bbox 60 328 983 405; baseline 0.003 -18"><span class='ocrx_word' id='word_1_5' title='bbox 60 328 258 389; x_wconf 74' lang='lat' dir='ltr'>continentia:</span> <span class='ocrx_word' id='word_1_6' title='bbox 289 330 327 389; x_wconf 86' lang='lat' dir='ltr'>ab</span> <span class='ocrx_word' id='word_1_7' title='bbox 352 331 418 401; x_wconf 89' lang='lat' dir='ltr'>illo,</span> <span class='ocrx_word' id='word_1_8' title='bbox 454 330 505 405; x_wconf 88' lang='lat' dir='ltr'>qui</span> <span class='ocrx_word' id='word_1_9' title='bbox 532 330 627 404; x_wconf 82' lang='lat' dir='ltr'>cepit,</span> <span class='ocrx_word' id='word_1_10' title='bbox 658 329 811 403; x_wconf 88' lang='lat' dir='ltr'>conditas,</span> <span class='ocrx_word' id='word_1_11' title='bbox 845 330 883 390; x_wconf 86' lang='lat' dir='ltr'>ab</span> <span class='ocrx_word' id='word_1_12' title='bbox 914 330 983 405; x_wconf 91' lang='lat' dir='ltr'>hoc,</span> 
     </span>
     <span class='ocr_line' id='line_1_3' title="bbox 61 409 984 490; baseline 0.004 -20"><span class='ocrx_word' id='word_1_13' title='bbox 61 411 202 472; x_wconf 75' lang='lat' dir='ltr'>nstitutus</span> <span class='ocrx_word' id='word_1_14' title='bbox 222 410 358 486; x_wconf 89' lang='lat' dir='ltr'>accepit,</span> <span class='ocrx_word' id='word_1_15' title='bbox 378 421 483 486; x_wconf 91' lang='lat' dir='ltr'>captas</span> <span class='ocrx_word' id='word_1_16' title='bbox 500 413 606 474; x_wconf 88' lang='lat' dir='ltr'>dicetis</span> <span class='ocrx_word' id='word_1_17' title='bbox 621 412 803 490; x_wconf 79' lang='lat' dir='ltr'><strong>Syracusas.</strong></span> <span class='ocrx_word' id='word_1_18' title='bbox 835 409 906 474; x_wconf 88' lang='grc'><strong>116.</strong></span> <span class='ocrx_word' id='word_1_19' title='bbox 936 414 984 474; x_wconf 85' lang='lat' dir='ltr'>Ac</span> 
     </span>
     <span class='ocr_line' id='line_1_4' title="bbox 60 495 984 570; baseline 0.004 -16"><span class='ocrx_word' id='word_1_20' title='bbox 60 512 77 554; x_wconf 90' lang='lat' dir='ltr'>a</span> <span class='ocrx_word' id='word_1_21' title='bbox 94 495 216 564; x_wconf 92' lang='lat' dir='ltr'>omitto,</span> <span class='ocrx_word' id='word_1_22' title='bbox 238 511 316 569; x_wconf 84' lang='lat' dir='ltr'>quae</span> <span class='ocrx_word' id='word_1_23' title='bbox 333 495 475 570; x_wconf 85' lang='lat' dir='ltr'>disperse</span> <span class='ocrx_word' id='word_1_24' title='bbox 489 512 507 554; x_wconf 90' lang='lat' dir='ltr'>a</span> <span class='ocrx_word' id='word_1_25' title='bbox 522 513 568 554; x_wconf 89' lang='lat' dir='ltr'>me</span> <span class='ocrx_word' id='word_1_26' title='bbox 582 496 682 557; x_wconf 89' lang='lat' dir='ltr'>multis</span> <span class='ocrx_word' id='word_1_27' title='bbox 697 496 727 556; x_wconf 92' lang='lat' dir='ltr'>in</span> <span class='ocrx_word' id='word_1_28' title='bbox 743 495 824 557; x_wconf 85' lang='lat' dir='ltr'>locis</span> <span class='ocrx_word' id='word_1_29' title='bbox 846 495 984 558; x_wconf 88' lang='lat' dir='ltr'>dicentur</span> 
     </span>
     <span class='ocr_line' id='line_1_5' title="bbox 60 576 982 655; baseline 0.003 -18"><span class='ocrx_word' id='word_1_30' title='bbox 60 586 86 637; x_wconf 87' lang='lat' dir='ltr'>ta</span> <span class='ocrx_word' id='word_1_31' title='bbox 101 586 186 638; x_wconf 87' lang='lat' dir='ltr'>sunt:</span> <span class='ocrx_word' id='word_1_32' title='bbox 210 578 307 638; x_wconf 85' lang='lat' dir='ltr'>iocum</span> <span class='ocrx_word' id='word_1_33' title='bbox 323 577 602 655; x_wconf 79' lang='lat' dir='ltr'>Syracusanorum,</span> <span class='ocrx_word' id='word_1_34' title='bbox 617 579 700 653; x_wconf 90' lang='lat' dir='ltr'>quod</span> <span class='ocrx_word' id='word_1_35' title='bbox 715 576 835 639; x_wconf 89' lang='lat' dir='ltr'>introitu</span> <span class='ocrx_word' id='word_1_36' title='bbox 848 577 982 640; x_wconf 78' lang='lat' dir='ltr'>Marcelli</span> 
     </span>
     <span class='ocr_line' id='line_1_6' title="bbox 60 661 981 733; baseline 0.004 -16"><span class='ocrx_word' id='word_1_37' title='bbox 60 712 61 716; x_wconf 74' lang='grc'>,</span> <span class='ocrx_word' id='word_1_38' title='bbox 79 662 176 719; x_wconf 89' lang='lat' dir='ltr'>caede</span> <span class='ocrx_word' id='word_1_39' title='bbox 191 669 344 721; x_wconf 87' lang='lat' dir='ltr'>servatum</span> <span class='ocrx_word' id='word_1_40' title='bbox 360 668 422 733; x_wconf 91' lang='lat' dir='ltr'>est,</span> <span class='ocrx_word' id='word_1_41' title='bbox 444 661 474 721; x_wconf 93' lang='lat' dir='ltr'>id</span> <span class='ocrx_word' id='word_1_42' title='bbox 489 662 624 723; x_wconf 86' lang='lat' dir='ltr'>adventu</span> <span class='ocrx_word' id='word_1_43' title='bbox 636 662 741 722; x_wconf 89' lang='lat' dir='ltr'>Verris</span> <span class='ocrx_word' id='word_1_44' title='bbox 754 661 922 733; x_wconf 87' lang='lat' dir='ltr'>Siculorum</span> <span class='ocrx_word' id='word_1_45' title='bbox 937 662 981 721; x_wconf 90' lang='lat' dir='ltr'>in-</span> 
     </span>
     <span class='ocr_line' id='line_1_7' title="bbox 60 743 1036 820; baseline -0.001 -17"><span class='ocrx_word' id='word_1_46' title='bbox 60 743 126 804; x_wconf 79' lang='lat' dir='ltr'>ium</span> <span class='ocrx_word' id='word_1_47' title='bbox 154 743 302 817; x_wconf 80' lang='lat' dir='ltr'>sanguine</span> <span class='ocrx_word' id='word_1_48' title='bbox 324 745 529 809; x_wconf 81' lang='lat' dir='ltr'>redundasse=</span> <span class='ocrx_word' id='word_1_49' title='bbox 562 752 682 820; x_wconf 87' lang='lat' dir='ltr'>portum</span> <span class='ocrx_word' id='word_1_50' title='bbox 708 743 979 820; x_wconf 80' lang='lat' dir='ltr'>Syracusanorum,</span> <span class='ocrx_word' id='word_1_51' title='bbox 1029 759 1036 764; x_wconf 91' lang='lat'>·</span> 
     </span>
     <span class='ocr_line' id='line_1_8' title="bbox 63 825 980 900; baseline 0.002 -15"><span class='ocrx_word' id='word_1_52' title='bbox 63 844 91 885; x_wconf 92' lang='lat' dir='ltr'>m</span> <span class='ocrx_word' id='word_1_53' title='bbox 116 833 147 885; x_wconf 89' lang='lat' dir='ltr'>et</span> <span class='ocrx_word' id='word_1_54' title='bbox 170 828 282 888; x_wconf 90' lang='lat' dir='ltr'>nostris</span> <span class='ocrx_word' id='word_1_55' title='bbox 307 827 458 888; x_wconf 88' lang='lat' dir='ltr'>classibus</span> <span class='ocrx_word' id='word_1_56' title='bbox 484 836 514 889; x_wconf 91' lang='lat' dir='ltr'>et</span> <span class='ocrx_word' id='word_1_57' title='bbox 533 825 828 900; x_wconf 82' lang='lat' dir='ltr'>Karthaginiensium</span> <span class='ocrx_word' id='word_1_58' title='bbox 857 828 980 887; x_wconf 89' lang='lat' dir='ltr'>clausus</span> 
     </span>
     <span class='ocr_line' id='line_1_9' title="bbox 66 908 979 987; baseline 0.001 -19"><span class='ocrx_word' id='word_1_59' title='bbox 66 955 74 983; x_wconf 96' lang='lat'>,</span> <span class='ocrx_word' id='word_1_60' title='bbox 95 925 164 968; x_wconf 91' lang='lat' dir='ltr'>eum</span> <span class='ocrx_word' id='word_1_61' title='bbox 188 910 246 970; x_wconf 88' lang='lat' dir='ltr'>isto</span> <span class='ocrx_word' id='word_1_62' title='bbox 262 919 403 984; x_wconf 90' lang='lat' dir='ltr'>praetore</span> <span class='ocrx_word' id='word_1_63' title='bbox 418 910 542 970; x_wconf 84' lang='lat' dir='ltr'>Cilicum</span> <span class='ocrx_word' id='word_1_64' title='bbox 562 909 742 987; x_wconf 83' lang='lat' dir='ltr'>myoparoni</span> <span class='ocrx_word' id='word_1_65' title='bbox 760 908 979 982; x_wconf 87' lang='lat' dir='ltr'>praedonibus-</span> 
     </span>
     <span class='ocr_line' id='line_1_10' title="bbox 60 991 979 1068; baseline 0.001 -18"><span class='ocrx_word' id='word_1_66' title='bbox 60 992 179 1052; x_wconf 77' lang='lat' dir='ltr'>ttuisse:</span> <span class='ocrx_word' id='word_1_67' title='bbox 201 992 284 1052; x_wconf 90' lang='lat' dir='ltr'>mitto</span> <span class='ocrx_word' id='word_1_68' title='bbox 303 992 466 1054; x_wconf 87' lang='lat' dir='ltr'>adhibitam</span> <span class='ocrx_word' id='word_1_69' title='bbox 480 993 540 1054; x_wconf 92' lang='lat' dir='ltr'>vim</span> <span class='ocrx_word' id='word_1_70' title='bbox 556 991 711 1068; x_wconf 77' lang='lat' dir='ltr'>ingenuis,</span> <span class='ocrx_word' id='word_1_71' title='bbox 726 999 838 1051; x_wconf 76' lang='lat' dir='ltr'>arches</span> <span class='ocrx_word' id='word_1_72' title='bbox 852 992 979 1053; x_wconf 78' lang='lat' dir='ltr'>familias</span> 
     </span>
     <span class='ocr_line' id='line_1_11' title="bbox 62 1074 979 1150; baseline -0.002 -16"><span class='ocrx_word' id='word_1_73' title='bbox 62 1093 93 1148; x_wconf 87' lang='lat' dir='ltr'>s,</span> <span class='ocrx_word' id='word_1_74' title='bbox 119 1091 199 1149; x_wconf 85' lang='lat' dir='ltr'>quae</span> <span class='ocrx_word' id='word_1_75' title='bbox 213 1082 277 1135; x_wconf 90' lang='lat' dir='ltr'>tum</span> <span class='ocrx_word' id='word_1_76' title='bbox 290 1075 321 1134; x_wconf 90' lang='lat' dir='ltr'>in</span> <span class='ocrx_word' id='word_1_77' title='bbox 337 1077 413 1136; x_wconf 89' lang='lat' dir='ltr'>urbe</span> <span class='ocrx_word' id='word_1_78' title='bbox 428 1085 516 1150; x_wconf 87' lang='lat' dir='ltr'>capta</span> <span class='ocrx_word' id='word_1_79' title='bbox 531 1075 769 1141; x_wconf 77' lang='lat' dir='ltr'>commissario</span> <span class='ocrx_word' id='word_1_80' title='bbox 786 1074 857 1134; x_wconf 88' lang='lat' dir='ltr'>suut</span> <span class='ocrx_word' id='word_1_81' title='bbox 880 1089 979 1147; x_wconf 89' lang='lat' dir='ltr'>neque</span> 
     </span>
     <span class='ocr_line' id='line_1_12' title="bbox 63 1156 979 1238; baseline -0.001 -20"><span class='ocrx_word' id='word_1_82' title='bbox 63 1156 144 1218; x_wconf 85' lang='lat' dir='ltr'>ostili</span> <span class='ocrx_word' id='word_1_83' title='bbox 170 1175 271 1232; x_wconf 89' lang='lat' dir='ltr'>nequo</span> <span class='ocrx_word' id='word_1_84' title='bbox 292 1158 414 1219; x_wconf 88' lang='lat' dir='ltr'>licentia</span> <span class='ocrx_word' id='word_1_85' title='bbox 433 1158 552 1220; x_wconf 91' lang='lat' dir='ltr'>militari</span> <span class='ocrx_word' id='word_1_86' title='bbox 573 1175 673 1234; x_wconf 89' lang='lat' dir='ltr'>neque</span> <span class='ocrx_word' id='word_1_87' title='bbox 691 1173 779 1219; x_wconf 84' lang='lat' dir='ltr'>more</span> <span class='ocrx_word' id='word_1_88' title='bbox 794 1156 866 1217; x_wconf 87' lang='lat' dir='ltr'>belli</span> <span class='ocrx_word' id='word_1_89' title='bbox 878 1171 979 1238; x_wconf 86' lang='lat' dir='ltr'>neque</span> 
     </span>
     <span class='ocr_line' id='line_1_13' title="bbox 60 1239 978 1319; baseline 0 -21"><span class='ocrx_word' id='word_1_90' title='bbox 60 1240 187 1300; x_wconf 87' lang='lat' dir='ltr'>ctoriae=</span> <span class='ocrx_word' id='word_1_91' title='bbox 203 1239 304 1312; x_wconf 87' lang='lat' dir='ltr'>mitto,</span> <span class='ocrx_word' id='word_1_92' title='bbox 319 1241 457 1315; x_wconf 83' lang='lat' dir='ltr'>inquam,</span> <span class='ocrx_word' id='word_1_93' title='bbox 473 1241 549 1303; x_wconf 90' lang='lat' dir='ltr'>haec</span> <span class='ocrx_word' id='word_1_94' title='bbox 565 1241 680 1319; x_wconf 89' lang='lat' dir='ltr'>omnia,</span> <span class='ocrx_word' id='word_1_95' title='bbox 698 1257 776 1316; x_wconf 88' lang='lat' dir='ltr'>quae</span> <span class='ocrx_word' id='word_1_96' title='bbox 791 1241 830 1301; x_wconf 85' lang='lat' dir='ltr'>ab</span> <span class='ocrx_word' id='word_1_97' title='bbox 846 1239 906 1300; x_wconf 87' lang='lat' dir='ltr'>isto</span> <span class='ocrx_word' id='word_1_98' title='bbox 923 1255 978 1314; x_wconf 89' lang='lat' dir='ltr'>per</span> 
     </span>
     <span class='ocr_line' id='line_1_14' title="bbox 60 1322 977 1397; baseline 0.001 -16"><span class='ocrx_word' id='word_1_99' title='bbox 60 1340 109 1381; x_wconf 93' lang='lat' dir='ltr'>um</span> <span class='ocrx_word' id='word_1_100' title='bbox 125 1323 261 1397; x_wconf 84' lang='lat' dir='ltr'>perfecto</span> <span class='ocrx_word' id='word_1_101' title='bbox 276 1332 361 1383; x_wconf 77' lang='lat' dir='ltr'>sunt:</span> <span class='ocrx_word' id='word_1_102' title='bbox 383 1340 435 1396; x_wconf 87' lang='lat' dir='ltr'>ea,</span> <span class='ocrx_word' id='word_1_103' title='bbox 458 1338 537 1397; x_wconf 83' lang='lat' dir='ltr'>quae</span> <span class='ocrx_word' id='word_1_104' title='bbox 553 1325 715 1386; x_wconf 87' lang='lat' dir='ltr'>coniuncta</span> <span class='ocrx_word' id='word_1_105' title='bbox 729 1341 799 1384; x_wconf 90' lang='lat' dir='ltr'>cum</span> <span class='ocrx_word' id='word_1_106' title='bbox 812 1322 871 1384; x_wconf 93' lang='lat' dir='ltr'>illis</span> <span class='ocrx_word' id='word_1_107' title='bbox 885 1322 977 1382; x_wconf 84' lang='lat' dir='ltr'>rebus</span> 
     </span>
     <span class='ocr_line' id='line_1_15' title="bbox 60 1403 977 1482; baseline 0.001 -19"><span class='ocrx_word' id='word_1_108' title='bbox 60 1405 91 1464; x_wconf 87' lang='lat' dir='ltr'>ie</span> <span class='ocrx_word' id='word_1_109' title='bbox 108 1404 219 1480; x_wconf 84' lang='lat' dir='ltr'>quihus</span> <span class='ocrx_word' id='word_1_110' title='bbox 235 1414 323 1465; x_wconf 91' lang='lat' dir='ltr'>antea</span> <span class='ocrx_word' id='word_1_111' title='bbox 338 1405 417 1478; x_wconf 85' lang='lat' dir='ltr'>dixi,</span> <span class='ocrx_word' id='word_1_112' title='bbox 441 1407 627 1481; x_wconf 78' lang='lat' dir='ltr'>cognoscite.</span> <span class='ocrx_word' id='word_1_113' title='bbox 660 1404 729 1469; x_wconf 85' lang='grc'><strong>117.</strong></span> <span class='ocrx_word' id='word_1_114' title='bbox 757 1406 870 1467; x_wconf 79' lang='lat' dir='ltr'>Urbem</span> <span class='ocrx_word' id='word_1_115' title='bbox 884 1403 977 1482; x_wconf 86' lang='lat' dir='ltr'>Syra·</span> 
     </span>
     <span class='ocr_line' id='line_1_16' title="bbox 65 1487 977 1568; baseline 0 -21"><span class='ocrx_word' id='word_1_116' title='bbox 65 1489 226 1547; x_wconf 83' lang='lat' dir='ltr'>maximam</span> <span class='ocrx_word' id='word_1_117' title='bbox 252 1504 324 1548; x_wconf 87' lang='lat' dir='ltr'>esse</span> <span class='ocrx_word' id='word_1_118' title='bbox 350 1489 548 1563; x_wconf 88' lang='lat' dir='ltr'>Graecarum,</span> <span class='ocrx_word' id='word_1_119' title='bbox 573 1489 807 1568; x_wconf 81' lang='lat' dir='ltr'>pulcherrimam</span> <span class='ocrx_word' id='word_1_120' title='bbox 835 1487 977 1563; x_wconf 88' lang='lat' dir='ltr'>omnium,</span> 
     </span>
     <span class='ocr_line' id='line_1_17' title="bbox 60 1570 986 1648; baseline 0.001 -19"><span class='ocrx_word' id='word_1_121' title='bbox 60 1570 196 1631; x_wconf 90' lang='lat' dir='ltr'>audistis.</span> <span class='ocrx_word' id='word_1_122' title='bbox 225 1570 294 1643; x_wconf 84' lang='lat' dir='ltr'>Est,</span> <span class='ocrx_word' id='word_1_123' title='bbox 316 1571 448 1640; x_wconf 86' lang='lat' dir='ltr'>iudices,</span> <span class='ocrx_word' id='word_1_124' title='bbox 464 1570 515 1646; x_wconf 84' lang='lat' dir='ltr'>ita,</span> <span class='ocrx_word' id='word_1_125' title='bbox 528 1581 561 1633; x_wconf 92' lang='lat' dir='ltr'>ut</span> <span class='ocrx_word' id='word_1_126' title='bbox 575 1573 693 1632; x_wconf 89' lang='lat' dir='ltr'>dicitur.</span> <span class='ocrx_word' id='word_1_127' title='bbox 721 1572 797 1631; x_wconf 87' lang='lat' dir='ltr'>Nam</span> <span class='ocrx_word' id='word_1_128' title='bbox 812 1578 842 1632; x_wconf 91' lang='lat' dir='ltr'>et</span> <span class='ocrx_word' id='word_1_129' title='bbox 856 1571 916 1632; x_wconf 84' lang='lat' dir='ltr'>situ</span> <span class='ocrx_word' id='word_1_130' title='bbox 930 1578 986 1648; x_wconf 88' lang='lat' dir='ltr'>est</span> 
     </span>
     <span class='ocr_line' id='line_1_18' title="bbox 60 1652 976 1727; baseline -0.001 -15"><span class='ocrx_word' id='word_1_131' title='bbox 60 1653 169 1713; x_wconf 89' lang='lat' dir='ltr'>munito</span> <span class='ocrx_word' id='word_1_132' title='bbox 194 1663 255 1714; x_wconf 90' lang='lat' dir='ltr'>tum</span> <span class='ocrx_word' id='word_1_133' title='bbox 278 1654 413 1716; x_wconf 89' lang='lat' dir='ltr'>exomni</span> <span class='ocrx_word' id='word_1_134' title='bbox 429 1655 525 1726; x_wconf 86' lang='lat' dir='ltr'>aditu,</span> <span class='ocrx_word' id='word_1_135' title='bbox 553 1656 600 1713; x_wconf 92' lang='lat' dir='ltr'>vel</span> <span class='ocrx_word' id='word_1_136' title='bbox 616 1663 695 1715; x_wconf 86' lang='lat' dir='ltr'>terra</span> <span class='ocrx_word' id='word_1_137' title='bbox 709 1654 759 1712; x_wconf 90' lang='lat' dir='ltr'>vel</span> <span class='ocrx_word' id='word_1_138' title='bbox 774 1652 864 1727; x_wconf 86' lang='lat' dir='ltr'>mari,</span> <span class='ocrx_word' id='word_1_139' title='bbox 887 1667 976 1727; x_wconf 88' lang='lat' dir='ltr'>prac-</span> 
     </span>
     <span class='ocr_line' id='line_1_19' title="bbox 60 1733 976 1811; baseline -0.002 -16"><span class='ocrx_word' id='word_1_140' title='bbox 60 1737 88 1796; x_wconf 88' lang='lat' dir='ltr'>td</span> <span class='ocrx_word' id='word_1_141' title='bbox 104 1744 279 1811; x_wconf 87' lang='lat' dir='ltr'>aspectum,</span> <span class='ocrx_word' id='word_1_142' title='bbox 307 1745 337 1797; x_wconf 89' lang='lat' dir='ltr'>et</span> <span class='ocrx_word' id='word_1_143' title='bbox 362 1744 467 1811; x_wconf 88' lang='lat' dir='ltr'>portus</span> <span class='ocrx_word' id='word_1_144' title='bbox 488 1737 580 1796; x_wconf 91' lang='lat' dir='ltr'>habet</span> <span class='ocrx_word' id='word_1_145' title='bbox 600 1751 699 1811; x_wconf 88' lang='lat' dir='ltr'>propa</span> <span class='ocrx_word' id='word_1_146' title='bbox 719 1734 750 1794; x_wconf 92' lang='lat' dir='ltr'>in</span> <span class='ocrx_word' id='word_1_147' title='bbox 764 1733 976 1795; x_wconf 87' lang='lat' dir='ltr'>aedificatione</span> 
     </span>
     <span class='ocr_line' id='line_1_20' title="bbox 60 1814 978 1894; baseline -0.007 -14"><span class='ocrx_word' id='word_1_148' title='bbox 60 1835 139 1894; x_wconf 88' lang='lat' dir='ltr'>uque</span> <span class='ocrx_word' id='word_1_149' title='bbox 152 1818 236 1879; x_wconf 88' lang='lat' dir='ltr'>urbis</span> <span class='ocrx_word' id='word_1_150' title='bbox 253 1820 405 1880; x_wconf 83' lang='lat' dir='ltr'>inclusos:</span> <span class='ocrx_word' id='word_1_151' title='bbox 427 1817 479 1892; x_wconf 88' lang='lat' dir='ltr'>qui</span> <span class='ocrx_word' id='word_1_152' title='bbox 500 1835 592 1892; x_wconf 87' lang='lat' dir='ltr'>quum</span> <span class='ocrx_word' id='word_1_153' title='bbox 614 1817 755 1877; x_wconf 87' lang='lat' dir='ltr'>diversos</span> <span class='ocrx_word' id='word_1_154' title='bbox 770 1815 847 1877; x_wconf 88' lang='lat' dir='ltr'>iuter</span> <span class='ocrx_word' id='word_1_155' title='bbox 863 1831 897 1875; x_wconf 91' lang='lat' dir='ltr'>se</span> <span class='ocrx_word' id='word_1_156' title='bbox 912 1814 978 1874; x_wconf 89' lang='lat' dir='ltr'>adi-</span> 
     </span>
     <span class='ocr_line' id='line_1_21' title="bbox 60 1899 975 1975; baseline -0.007 -13"><span class='ocrx_word' id='word_1_157' title='bbox 60 1911 149 1975; x_wconf 79' lang='lat' dir='ltr'>reont,</span> <span class='ocrx_word' id='word_1_158' title='bbox 166 1902 196 1962; x_wconf 93' lang='lat' dir='ltr'>in</span> <span class='ocrx_word' id='word_1_159' title='bbox 212 1901 295 1961; x_wconf 89' lang='lat' dir='ltr'>exitu</span> <span class='ocrx_word' id='word_1_160' title='bbox 310 1901 533 1974; x_wconf 73' lang='lat' dir='ltr'>coniunguntur</span> <span class='ocrx_word' id='word_1_161' title='bbox 544 1909 574 1961; x_wconf 92' lang='lat' dir='ltr'>et</span> <span class='ocrx_word' id='word_1_162' title='bbox 588 1899 756 1962; x_wconf 78' lang='lat' dir='ltr'>confluunt.</span> <span class='ocrx_word' id='word_1_163' title='bbox 775 1899 889 1961; x_wconf 83' lang='lat' dir='ltr'>Eorum</span> <span class='ocrx_word' id='word_1_164' title='bbox 904 1914 975 1956; x_wconf 92' lang='lat' dir='ltr'>cou-</span> 
     </span>
     <span class='ocr_line' id='line_1_22' title="bbox 60 1980 981 2059; baseline -0.003 -15"><span class='ocrx_word' id='word_1_165' title='bbox 60 2002 99 2044; x_wconf 91' lang='lat' dir='ltr'>ne</span> <span class='ocrx_word' id='word_1_166' title='bbox 117 2001 189 2059; x_wconf 89' lang='lat' dir='ltr'>pars</span> <span class='ocrx_word' id='word_1_167' title='bbox 205 1983 325 2059; x_wconf 86' lang='lat' dir='ltr'>oppidi,</span> <span class='ocrx_word' id='word_1_168' title='bbox 341 2000 426 2059; x_wconf 43' lang='lat' dir='ltr'>quac,</span> <span class='ocrx_word' id='word_1_169' title='bbox 436 1980 606 2058; x_wconf 80' lang='lat' dir='ltr'>appellatur</span> <span class='ocrx_word' id='word_1_170' title='bbox 621 1983 738 2056; x_wconf 85' lang='lat' dir='ltr'>Insula,</span> <span class='ocrx_word' id='word_1_171' title='bbox 754 1980 828 2043; x_wconf 88' lang='lat' dir='ltr'>mari</span> <span class='ocrx_word' id='word_1_172' title='bbox 842 1980 981 2043; x_wconf 86' lang='lat' dir='ltr'>diiuncta</span> 
     </span>
     <span class='ocr_line' id='line_1_23' title="bbox 60 2063 975 2142; baseline -0.002 -16"><span class='ocrx_word' id='word_1_173' title='bbox 60 2086 91 2141; x_wconf 89' lang='lat' dir='ltr'>n,</span> <span class='ocrx_word' id='word_1_174' title='bbox 117 2076 208 2142; x_wconf 92' lang='lat' dir='ltr'>ponte</span> <span class='ocrx_word' id='word_1_175' title='bbox 221 2084 330 2127; x_wconf 86' lang='lat' dir='ltr'>rursus</span> <span class='ocrx_word' id='word_1_176' title='bbox 346 2066 518 2141; x_wconf 85' lang='lat' dir='ltr'>adiungitur</span> <span class='ocrx_word' id='word_1_177' title='bbox 541 2075 571 2127; x_wconf 88' lang='lat' dir='ltr'>et</span> <span class='ocrx_word' id='word_1_178' title='bbox 592 2065 770 2128; x_wconf 85' lang='lat' dir='ltr'>continetur.</span> <span class='ocrx_word' id='word_1_179' title='bbox 800 2065 874 2127; x_wconf 89' lang='lat' dir='ltr'>Llll.</span> <span class='ocrx_word' id='word_1_180' title='bbox 903 2063 975 2127; x_wconf 77' lang='lat' dir='ltr'>tta.</span> 
     </span>
     <span class='ocr_line' id='line_1_24' title="bbox 60 2147 975 2225; baseline -0.003 -15"><span class='ocrx_word' id='word_1_181' title='bbox 60 2168 84 2211; x_wconf 80' lang='lat' dir='ltr'>a</span> <span class='ocrx_word' id='word_1_182' title='bbox 99 2160 147 2211; x_wconf 87' lang='lat' dir='ltr'>est</span> <span class='ocrx_word' id='word_1_183' title='bbox 164 2151 253 2219; x_wconf 88' lang='lat' dir='ltr'>urbs,</span> <span class='ocrx_word' id='word_1_184' title='bbox 269 2159 300 2211; x_wconf 91' lang='lat' dir='ltr'>ut</span> <span class='ocrx_word' id='word_1_185' title='bbox 314 2166 354 2210; x_wconf 90' lang='lat' dir='ltr'>ex</span> <span class='ocrx_word' id='word_1_186' title='bbox 368 2158 510 2225; x_wconf 87' lang='lat' dir='ltr'>quattuor</span> <span class='ocrx_word' id='word_1_187' title='bbox 522 2150 649 2211; x_wconf 88' lang='lat' dir='ltr'>urbibus</span> <span class='ocrx_word' id='word_1_188' title='bbox 671 2147 810 2210; x_wconf 84' lang='lat' dir='ltr'>maximis</span> <span class='ocrx_word' id='word_1_189' title='bbox 833 2155 975 2208; x_wconf 85' lang='lat' dir='ltr'>constare</span> 
     </span>
     <span class='ocr_line' id='line_1_25' title="bbox 60 2231 974 2307; baseline 0.002 -19"><span class='ocrx_word' id='word_1_190' title='bbox 60 2253 78 2288; x_wconf 65' lang='lat' dir='ltr'>&gt;a</span> <span class='ocrx_word' id='word_1_191' title='bbox 101 2250 228 2307; x_wconf 89' lang='lat' dir='ltr'>quarum</span> <span class='ocrx_word' id='word_1_192' title='bbox 240 2249 301 2292; x_wconf 88' lang='lat' dir='ltr'>una</span> <span class='ocrx_word' id='word_1_193' title='bbox 315 2241 362 2293; x_wconf 92' lang='lat' dir='ltr'>est</span> <span class='ocrx_word' id='word_1_194' title='bbox 380 2250 432 2303; x_wconf 88' lang='lat' dir='ltr'>ea,</span> <span class='ocrx_word' id='word_1_195' title='bbox 448 2249 538 2306; x_wconf 84' lang='lat' dir='ltr'>quam</span> <span class='ocrx_word' id='word_1_196' title='bbox 556 2232 635 2303; x_wconf 87' lang='lat' dir='ltr'>dixi,</span> <span class='ocrx_word' id='word_1_197' title='bbox 653 2233 771 2303; x_wconf 85' lang='lat' dir='ltr'>insula,</span> <span class='ocrx_word' id='word_1_198' title='bbox 797 2247 875 2304; x_wconf 87' lang='lat' dir='ltr'>quae</span> <span class='ocrx_word' id='word_1_199' title='bbox 899 2231 974 2290; x_wconf 88' lang='lat' dir='ltr'>duo·</span> 
     </span>
     <span class='ocr_line' id='line_1_26' title="bbox 62 2313 974 2390; baseline -0.002 -15"><span class='ocrx_word' id='word_1_200' title='bbox 62 2317 169 2376; x_wconf 88' lang='lat' dir='ltr'>rtubus</span> <span class='ocrx_word' id='word_1_201' title='bbox 184 2315 298 2387; x_wconf 91' lang='lat' dir='ltr'>cincta,</span> <span class='ocrx_word' id='word_1_202' title='bbox 315 2314 348 2374; x_wconf 91' lang='lat' dir='ltr'>in</span> <span class='ocrx_word' id='word_1_203' title='bbox 364 2316 523 2390; x_wconf 82' lang='lat' dir='ltr'>utriusque</span> <span class='ocrx_word' id='word_1_204' title='bbox 539 2325 646 2390; x_wconf 88' lang='lat' dir='ltr'>portus</span> <span class='ocrx_word' id='word_1_205' title='bbox 668 2315 779 2375; x_wconf 90' lang='lat' dir='ltr'>ostium</span> <span class='ocrx_word' id='word_1_206' title='bbox 799 2313 974 2388; x_wconf 87' lang='lat' dir='ltr'>aditumque</span> 
     </span>
     <span class='ocr_line' id='line_1_27' title="bbox 60 2393 976 2473; baseline -0.002 -16"><span class='ocrx_word' id='word_1_207' title='bbox 60 2415 82 2457; x_wconf 85' lang='lat' dir='ltr'>a</span> <span class='ocrx_word' id='word_1_208' title='bbox 97 2407 152 2470; x_wconf 84' lang='lat' dir='ltr'>est,</span> <span class='ocrx_word' id='word_1_209' title='bbox 171 2398 200 2457; x_wconf 92' lang='lat' dir='ltr'>in</span> <span class='ocrx_word' id='word_1_210' title='bbox 214 2415 274 2472; x_wconf 84' lang='lat' dir='ltr'>qua</span> <span class='ocrx_word' id='word_1_211' title='bbox 289 2399 397 2461; x_wconf 92' lang='lat' dir='ltr'>domus</span> <span class='ocrx_word' id='word_1_212' title='bbox 414 2406 471 2471; x_wconf 87' lang='lat' dir='ltr'>est,</span> <span class='ocrx_word' id='word_1_213' title='bbox 486 2414 565 2473; x_wconf 81' lang='lat' dir='ltr'>quae</span> <span class='ocrx_word' id='word_1_214' title='bbox 576 2397 719 2459; x_wconf 87' lang='lat' dir='ltr'>Hieronis</span> <span class='ocrx_word' id='word_1_215' title='bbox 733 2397 814 2470; x_wconf 83' lang='lat' dir='ltr'>regis</span> <span class='ocrx_word' id='word_1_216' title='bbox 830 2393 894 2466; x_wconf 84' lang='lat' dir='ltr'>luit,</span> <span class='ocrx_word' id='word_1_217' title='bbox 913 2411 976 2470; x_wconf 88' lang='lat' dir='ltr'>qua</span> 
     </span>
     <span class='ocr_line' id='line_1_28' title="bbox 60 2479 975 2554; baseline -0.001 -15"><span class='ocrx_word' id='word_1_218' title='bbox 60 2497 104 2541; x_wconf 68' lang='lat' dir='ltr'>res</span> <span class='ocrx_word' id='word_1_219' title='bbox 120 2480 163 2540; x_wconf 94' lang='lat' dir='ltr'>uti</span> <span class='ocrx_word' id='word_1_220' title='bbox 175 2482 283 2541; x_wconf 89' lang='lat' dir='ltr'>soient.</span> <span class='ocrx_word' id='word_1_221' title='bbox 305 2482 338 2539; x_wconf 91' lang='lat' dir='ltr'>ln</span> <span class='ocrx_word' id='word_1_222' title='bbox 355 2497 392 2541; x_wconf 89' lang='lat' dir='ltr'>ea</span> <span class='ocrx_word' id='word_1_223' title='bbox 406 2490 477 2541; x_wconf 92' lang='lat' dir='ltr'>sunt</span> <span class='ocrx_word' id='word_1_224' title='bbox 488 2483 582 2541; x_wconf 88' lang='lat' dir='ltr'>aedes</span> <span class='ocrx_word' id='word_1_225' title='bbox 597 2496 703 2542; x_wconf 91' lang='lat' dir='ltr'>sacrae</span> <span class='ocrx_word' id='word_1_226' title='bbox 717 2481 899 2554; x_wconf 90' lang='lat' dir='ltr'>complures,</span> <span class='ocrx_word' id='word_1_227' title='bbox 918 2479 975 2539; x_wconf 88' lang='lat' dir='ltr'>sed</span> 
     </span>
     <span class='ocr_line' id='line_1_29' title="bbox 60 2563 972 2637; baseline -0.002 -15"><span class='ocrx_word' id='word_1_228' title='bbox 60 2577 131 2637; x_wconf 70' lang='lat' dir='ltr'>puae</span> <span class='ocrx_word' id='word_1_229' title='bbox 161 2564 250 2637; x_wconf 76' lang='lat' dir='ltr'>longe</span> <span class='ocrx_word' id='word_1_230' title='bbox 275 2565 410 2637; x_wconf 85' lang='lat' dir='ltr'>caeteris</span> <span class='ocrx_word' id='word_1_231' title='bbox 430 2564 626 2625; x_wconf 83' lang='lat' dir='ltr'>antecellant=</span> <span class='ocrx_word' id='word_1_232' title='bbox 657 2563 787 2635; x_wconf 87' lang='lat' dir='ltr'>Dianae,</span> <span class='ocrx_word' id='word_1_233' title='bbox 815 2563 972 2634; x_wconf 89' lang='lat' dir='ltr'>etaltera,</span> 
     </span>
     <span class='ocr_line' id='line_1_30' title="bbox 62 2645 973 2719; baseline -0.004 -12"><span class='ocrx_word' id='word_1_234' title='bbox 62 2646 105 2707; x_wconf 90' lang='lat' dir='ltr'>uit</span> <span class='ocrx_word' id='word_1_235' title='bbox 125 2655 193 2706; x_wconf 90' lang='lat' dir='ltr'>ante</span> <span class='ocrx_word' id='word_1_236' title='bbox 214 2645 301 2707; x_wconf 89' lang='lat' dir='ltr'>istius</span> <span class='ocrx_word' id='word_1_237' title='bbox 323 2647 485 2707; x_wconf 89' lang='lat' dir='ltr'>adveutum</span> <span class='ocrx_word' id='word_1_238' title='bbox 514 2646 722 2719; x_wconf 88' lang='lat' dir='ltr'>ornatissima,</span> <span class='ocrx_word' id='word_1_239' title='bbox 744 2645 908 2707; x_wconf 82' lang='lat' dir='ltr'>Minervae.</span> <span class='ocrx_word' id='word_1_240' title='bbox 939 2645 973 2703; x_wconf 93' lang='lat' dir='ltr'>ln</span> 
     </span>
     <span class='ocr_line' id='line_1_31' title="bbox 60 2727 973 2805; baseline -0.004 -16"><span class='ocrx_word' id='word_1_241' title='bbox 60 2731 126 2789; x_wconf 91' lang='lat' dir='ltr'>sula</span> <span class='ocrx_word' id='word_1_242' title='bbox 145 2738 279 2789; x_wconf 85' lang='lat' dir='ltr'>extrema</span> <span class='ocrx_word' id='word_1_243' title='bbox 300 2738 348 2790; x_wconf 86' lang='lat' dir='ltr'>est</span> <span class='ocrx_word' id='word_1_244' title='bbox 370 2731 442 2790; x_wconf 84' lang='lat' dir='ltr'>lons</span> <span class='ocrx_word' id='word_1_245' title='bbox 461 2746 560 2805; x_wconf 83' lang='lat' dir='ltr'>aquae</span> <span class='ocrx_word' id='word_1_246' title='bbox 575 2731 687 2803; x_wconf 91' lang='lat' dir='ltr'>dulcis,</span> <span class='ocrx_word' id='word_1_247' title='bbox 709 2727 759 2790; x_wconf 91' lang='lat' dir='ltr'>cui</span> <span class='ocrx_word' id='word_1_248' title='bbox 774 2745 882 2791; x_wconf 91' lang='lat' dir='ltr'>nomen</span> <span class='ocrx_word' id='word_1_249' title='bbox 897 2729 973 2786; x_wconf 76' lang='lat' dir='ltr'>ilre-</span> 
     </span>
     <span class='ocr_line' id='line_1_32' title="bbox 60 2807 974 2888; baseline -0.002 -18"><span class='ocrx_word' id='word_1_250' title='bbox 60 2820 113 2884; x_wconf 76' lang='lat' dir='ltr'>rst‚</span> <span class='ocrx_word' id='word_1_251' title='bbox 128 2811 297 2873; x_wconf 88' lang='lat' dir='ltr'>incredibili</span> <span class='ocrx_word' id='word_1_252' title='bbox 312 2813 534 2888; x_wconf 79' lang='lat' dir='ltr'>magnitudine,</span> <span class='ocrx_word' id='word_1_253' title='bbox 552 2812 746 2888; x_wconf 89' lang='lat' dir='ltr'>plenissimus</span> <span class='ocrx_word' id='word_1_254' title='bbox 761 2811 905 2887; x_wconf 87' lang='lat' dir='ltr'>piscium,</span> <span class='ocrx_word' id='word_1_255' title='bbox 921 2807 974 2883; x_wconf 85' lang='lat' dir='ltr'>qui</span> 
     </span>
     <span class='ocr_line' id='line_1_33' title="bbox 60 2889 973 2975; baseline -0.008 -20"><span class='ocrx_word' id='word_1_256' title='bbox 60 2903 143 2955; x_wconf 91' lang='lat' dir='ltr'>totus</span> <span class='ocrx_word' id='word_1_257' title='bbox 161 2895 344 2970; x_wconf 87' lang='lat' dir='ltr'>operiretur,</span> <span class='ocrx_word' id='word_1_258' title='bbox 368 2896 428 2956; x_wconf 88' lang='lat' dir='ltr'>nisi</span> <span class='ocrx_word' id='word_1_259' title='bbox 439 2896 614 2975; x_wconf 24' lang='lat' dir='ltr'>,munitione</span> <span class='ocrx_word' id='word_1_260' title='bbox 634 2912 671 2957; x_wconf 88' lang='lat' dir='ltr'>ac</span> <span class='ocrx_word' id='word_1_261' title='bbox 685 2895 765 2956; x_wconf 89' lang='lat' dir='ltr'>mole</span> <span class='ocrx_word' id='word_1_262' title='bbox 779 2891 913 2966; x_wconf 89' lang='lat' dir='ltr'>lapidum</span> <span class='ocrx_word' id='word_1_263' title='bbox 927 2889 973 2951; x_wconf 92' lang='lat' dir='ltr'>di-</span> 
     </span>
     <span class='ocr_line' id='line_1_34' title="bbox 60 2971 971 3048; baseline -0.005 -12"><span class='ocrx_word' id='word_1_264' title='bbox 60 2996 65 3036; x_wconf 71' lang='lat' dir='ltr'>r</span> <span class='ocrx_word' id='word_1_265' title='bbox 99 2987 183 3038; x_wconf 87' lang='lat' dir='ltr'>esset</span> <span class='ocrx_word' id='word_1_266' title='bbox 215 2978 343 3038; x_wconf 82' lang='lat' dir='ltr'>ornari.</span> <span class='ocrx_word' id='word_1_267' title='bbox 381 2977 451 3039; x_wconf 88' lang='lat'>119.</span> <span class='ocrx_word' id='word_1_268' title='bbox 490 2980 595 3039; x_wconf 80' lang='lat' dir='ltr'>Altera</span> <span class='ocrx_word' id='word_1_269' title='bbox 620 2987 719 3038; x_wconf 91' lang='lat' dir='ltr'>autem</span> <span class='ocrx_word' id='word_1_270' title='bbox 744 2975 889 3037; x_wconf 76' lang='lat' dir='ltr'>cst-urbs</span> <span class='ocrx_word' id='word_1_271' title='bbox 914 2971 971 3048; x_wconf 91' lang='lat' dir='ltr'>Sy·</span> 
     </span>
     <span class='ocr_line' id='line_1_35' title="bbox 60 3055 1022 3136; baseline -0.006 -16"><span class='ocrx_word' id='word_1_272' title='bbox 60 3082 77 3133; x_wconf 75' lang='grc' dir='ltr'>ι,</span> <span class='ocrx_word' id='word_1_273' title='bbox 93 3060 142 3121; x_wconf 89' lang='lat' dir='ltr'>cui</span> <span class='ocrx_word' id='word_1_274' title='bbox 158 3078 268 3122; x_wconf 90' lang='lat' dir='ltr'>nomen</span> <span class='ocrx_word' id='word_1_275' title='bbox 289 3061 463 3121; x_wconf 86' lang='lat' dir='ltr'>Achradina</span> <span class='ocrx_word' id='word_1_276' title='bbox 480 3070 541 3122; x_wconf 82' lang='lat' dir='ltr'>est=</span> <span class='ocrx_word' id='word_1_277' title='bbox 561 3062 591 3120; x_wconf 94' lang='lat' dir='ltr'>in</span> <span class='ocrx_word' id='word_1_278' title='bbox 609 3061 783 3136; x_wconf 82' lang='lat' dir='ltr'>qualorum</span> <span class='ocrx_word' id='word_1_279' title='bbox 801 3055 971 3129; x_wconf 85' lang='lat' dir='ltr'>maximum,</span> <span class='ocrx_word' id='word_1_280' title='bbox 1009 3117 1022 3135; x_wconf 59' lang='lat'>‚</span> 
     </span>
     <span class='ocr_line' id='line_1_36' title="bbox 60 3138 971 3220; baseline -0.004 -18"><span class='ocrx_word' id='word_1_281' title='bbox 60 3144 167 3203; x_wconf 88' lang='lat' dir='ltr'>rrimae</span> <span class='ocrx_word' id='word_1_282' title='bbox 179 3146 333 3218; x_wconf 91' lang='lat' dir='ltr'>porticus,</span> <span class='ocrx_word' id='word_1_283' title='bbox 349 3141 572 3204; x_wconf 89' lang='lat' dir='ltr'>ornatissimum</span> <span class='ocrx_word' id='word_1_284' title='bbox 587 3141 769 3220; x_wconf 89' lang='lat' dir='ltr'>prytaoium,</span> <span class='ocrx_word' id='word_1_285' title='bbox 786 3138 971 3214; x_wconf 86' lang='lat' dir='ltr'>amplissima</span> 
     </span>
     <span class='ocr_line' id='line_1_37' title="bbox 60 3222 972 3309; baseline -0.007 -23"><span class='ocrx_word' id='word_1_286' title='bbox 60 3227 95 3286; x_wconf 83' lang='lat' dir='ltr'>ia</span> <span class='ocrx_word' id='word_1_287' title='bbox 116 3230 322 3302; x_wconf 83' lang='lat' dir='ltr'>templumque</span> <span class='ocrx_word' id='word_1_288' title='bbox 345 3226 498 3309; x_wconf 76' lang='lat' dir='ltr'>egregium</span> <span class='ocrx_word' id='word_1_289' title='bbox 510 3226 599 3297; x_wconf 42' lang='lat' dir='ltr'>,louis</span> <span class='ocrx_word' id='word_1_290' title='bbox 622 3222 753 3300; x_wconf 89' lang='lat' dir='ltr'>Olympii</span> <span class='ocrx_word' id='word_1_291' title='bbox 772 3231 972 3296; x_wconf 83' lang='lat' dir='ltr'>caeteraeque</span> 
     </span>
     <span class='ocr_line' id='line_1_38' title="bbox 60 3307 971 3391; baseline -0.002 -27"><span class='ocrx_word' id='word_1_292' title='bbox 60 3320 163 3391; x_wconf 72' lang='lat' dir='ltr'>artes,</span> <span class='ocrx_word' id='word_1_293' title='bbox 180 3327 258 3385; x_wconf 88' lang='lat' dir='ltr'>quae</span> <span class='ocrx_word' id='word_1_294' title='bbox 275 3326 335 3369; x_wconf 90' lang='lat' dir='ltr'>una</span> <span class='ocrx_word' id='word_1_295' title='bbox 346 3308 396 3367; x_wconf 90' lang='lat' dir='ltr'>via</span> <span class='ocrx_word' id='word_1_296' title='bbox 410 3309 469 3368; x_wconf 90' lang='lat' dir='ltr'>icto</span> <span class='ocrx_word' id='word_1_297' title='bbox 481 3316 629 3382; x_wconf 88' lang='lat' dir='ltr'>perpetua</span> <span class='ocrx_word' id='word_1_298' title='bbox 643 3307 805 3381; x_wconf 83' lang='lat' dir='ltr'>multisque</span> <span class='ocrx_word' id='word_1_299' title='bbox 821 3315 971 3367; x_wconf 87' lang='lat' dir='ltr'>transver-</span> 
     </span>
     <span class='ocr_line' id='line_1_39' title="bbox 61 3387 973 3483; baseline -0.009 -31"><span class='ocrx_word' id='word_1_300' title='bbox 61 3393 127 3483; x_wconf 81' lang='lat' dir='ltr'>isae</span> <span class='ocrx_word' id='word_1_301' title='bbox 149 3392 275 3468; x_wconf 90' lang='lat' dir='ltr'>privatis</span> <span class='ocrx_word' id='word_1_302' title='bbox 296 3390 444 3453; x_wconf 85' lang='lat' dir='ltr'>aediliciis</span> <span class='ocrx_word' id='word_1_303' title='bbox 461 3390 658 3452; x_wconf 88' lang='lat' dir='ltr'>continentur.</span> <span class='ocrx_word' id='word_1_304' title='bbox 691 3390 789 3452; x_wconf 88' lang='lat' dir='ltr'>Tertia</span> <span class='ocrx_word' id='word_1_305' title='bbox 813 3398 862 3450; x_wconf 86' lang='lat' dir='ltr'>est</span> <span class='ocrx_word' id='word_1_306' title='bbox 886 3387 973 3460; x_wconf 91' lang='lat' dir='ltr'>urbs,</span> 
     </span>
    </p>
   </div>
   <div class='ocr_carea' id='block_1_3' title="bbox 0 0 1182 3854">
    <p class='ocr_par' dir='ltr' id='par_1_3' title="bbox 0 0 1182 3854">
     <span class='ocr_line' id='line_1_40' title="bbox 0 0 1182 3854; baseline 0 0"><span class='ocrx_word' id='word_1_307' title='bbox 0 0 1182 3854; x_wconf 95' lang='lat' dir='ltr'> </span> 
     </span>
    </p>
   </div>
  </div>
 </body>
</html>
