2356 3854
126 196 186 263 102
316 188 366 250 DE
380 182 535 267 IMPERIO
553 183 608 242 CN.
625 182 778 242 ΡΟΜΡΕΗ
794 182 946 245 ORATIO.

123 362 213 414 unum
235 342 274 401 ab
297 326 436 398 omnibus
460 331 553 393 sociis
573 342 607 411 ¹et
623 332 741 393 civibus
759 333 798 393 ad
812 332 843 392 id
858 334 971 394 bellum
986 331 1132 410 imperata·

121 444 184 494 rern
203 420 328 498 deposci
348 425 438 491 atque
461 417 576 490 expeti,
599 417 738 476 eumdem
752 417 832 476 huno
846 433 938 477 unum
953 417 993 477 ab
1008 417 1133 480 hostibus

122 507 226 576 metui,
245 509 402 579 praeterea
420 499 589 559 neminem:

84 582 87 589 '
201 588 232 649 d.
264 585 361 643 Causa
376 598 455 655 quae
472 582 510 642 sit
523 581 650 641 videtis:
671 598 751 642 nune
767 581 840 657 qnid
854 583 1008 656 agendum
1022 581 1062 643 sit
1075 598 1134 643 eon·

120 672 259 737 siderate.
290 665 419 725 Primum
439 666 511 725 mihi
534 666 653 725 videtur
672 665 711 724 de
734 682 845 744 genere
866 665 953 738 bern,
975 665 1087 725 deinde
1104 665 1133 725 de

119 749 337 828 magnitudine,
358 758 420 808 turn
441 749 480 808 de
499 748 680 824 imperatore
702 749 863 822 deligendo
878 758 957 812 ,esse
973 747 1134 808 dicendum

119 837 220 899 Genus
235 840 282 892 est
296 830 367 890 belli
382 831 447 891 eius
466 831 563 904 modi,
581 831 664 905 quod
680 831 809 890 maxime
824 839 951 891 vestros
961 830 1080 891 animos
1092 847 1134 891 er·

118 917 210 981 nitate
231 923 323 988 atque
342 913 529 973 inflammare
544 915 583 973 ad
598 913 807 988 persequendi
821 913 953 990 studium
969 914 1091 976 debean
1101 914 1134 973 'in

119 1016 179 1079 qna
200 997 297 1072 agitur
317 997 423 1070 popuii
443 996 570 1057 Romani
592 996 704 1071 gloria,
728 1013 807 1071 quae
831 995 919 1057 vobis
941 1012 959 1055 a
978 996 1133 1057 maioribus

120 1097 211 1160 (paam
232 1095 341 1152 magna
361 1078 391 1136 in
416 1081 554 1139 omnibus
577 1081 670 1140 rebus
690 1086 754 1149 tum
778 1096 895 1139 summa
914 1079 945 1137 in
966 1096 1000 1139 re
1025 1079 1145 1139 militari:

119 1163 225 1229 tradita
239 1170 300 1221 est=
319 1160 416 1235 agitur
431 1163 514 1222 salus
534 1162 686 1222 sociorum
701 1170 794 1237 atque
811 1163 992 1233 amicorum,
1013 1179 1070 1237 pro
1085 1178 1134 1238 qua

118 1248 208 1309 nrulta
222 1245 352 1304 maiores
368 1244 461 1304 vestri
477 1260 585 1318 magna
602 1254 632 1305 et
645 1243 750 1319 gravia
763 1246 844 1304 betia
858 1252 1039 1320 gesseruntz
1054 1261 1133 1320 agun-

116 1337 165 1392 tur
184 1327 353 1386 certissima
375 1327 481 1401 popuii
494 1327 623 1388 Romani
645 1328 802 1401 vectigalia
819 1336 850 1387 et
864 1327 1012 1401 maxima,
1037 1328 1134 1404 quibus

117 1409 239 1474 arnissis
254 1418 284 1469 et
298 1409 384 1482 paois
400 1419 575 1471 ornamenta
589 1419 619 1469 et
630 1410 766 1469 subsidia
777 1409 848 1471 belli
859 1410 1038 1484 requiretis=
1053 1427 1133 1486 agan-

117 1503 165 1557 tur
179 1494 258 1552 bona
271 1493 431 1552 multorum
450 1492 574 1564 civium,
593 1493 703 1566 quibus
721 1503 769 1552 est
782 1510 801 1553 a
815 1493 905 1553 vobis
919 1501 950 1552 et
963 1492 1100 1568 ipsorum
1110 1500 1137 1553 et·

116 1577 160 1637 rei
175 1574 315 1650 publicae
331 1591 425 1636 eausa
439 1575 670 1636 consulendum.
692 1576 742 1634 ΙΙΙ.
765 1572 794 1637 7.
812 1577 849 1635 Ει
864 1575 1011 1650 quoniam
1026 1592 1134 1653 semper

115 1667 293 1735 appetentes
317 1659 432 1733 gloriae
454 1669 574 1734 praeter
593 1668 731 1719 caeteras
752 1667 857 1733 gentes
873 1667 966 1733 atque
983 1659 1068 1720 avidi
1083 1661 1134 1720 iau·
1161 1636 1172 1733 j

116 1741 164 1803 dis
189 1741 302 1815 fuistis,
327 1744 456 1804 delenda
477 1752 524 1804 est
546 1743 635 1805 vobis
650 1742 700 1802 ilia
714 1742 833 1802 macula
846 1741 1051 1804 Mithridatico
1064 1743 1133 1802 betia
1162 1736 1172 1903 ἱ

116 1824 276 1899 superiore
294 1837 452 1901 concepta,
469 1843 548 1901 quae
563 1825 684 1902 penitus
701 1825 761 1884 iam
775 1823 888 1885 insedit
902 1841 939 1885 ao
956 1825 1049 1887 'nimis
1062 1825 1134 1886 inve
1163 1837 1166 1858 ²

114 1908 222 1968 teravit
235 1908 266 1967 in
281 1909 386 1983 populi
400 1911 528 1969 Romani
543 1909 680 1983 nomine,
697 1906 836 1982 quadis,
853 1907 906 1983 qui
923 1925 985 1969 uno
1004 1909 1069 1983 die,
1082 1916 1133 1969 ton

114 1990 146 2050 in
160 1991 250 2060 Asia,
272 1999 316 2050 tot
335 1991 365 2049 in
387 1993 573 2064 civitatibus,
594 2006 656 2052 uno
679 1990 788 2052 nunoio
809 1999 900 2064 atque
914 2008 977 2050 una
993 1991 1133 2067 signifiea-
1158 1993 1161 2000 '

114 2071 197 2133 tione
211 2073 374 2133 litterarum
387 2077 470 2134 oives
482 2077 637 2136 Romanos
649 2076 806 2134 necandos
817 2075 1080 2150 trucidandosque
1090 2075 1133 2133 de·

116 2155 244 2228 notavit,
267 2173 327 2215 non
349 2159 439 2217 modo
461 2158 561 2218 adhue
586 2174 716 2232 poenam
735 2158 846 2217 nattam
865 2173 922 2217 suo
938 2159 1063 2232 dignam
1079 2170 1133 2218 soe

114 2239 177 2298 iere
192 2239 343 2314 suscepit,
365 2241 420 2300 sed
442 2242 480 2300 ab
496 2241 548 2302 iilo
566 2250 701 2314 ternpore
716 2257 828 2301 annum
846 2239 905 2300 ianr
919 2240 1043 2317 tertium
1058 2249 1087 2311 et
1098 2236 1131 2297 vi·

115 2321 261 2380 cesimum
275 2331 382 2397 regnat
398 2332 427 2384 et
441 2323 482 2384 ita
496 2332 618 2398 regnat,
635 2332 668 2383 ut
682 2339 717 2383 se
731 2340 791 2384 non
807 2323 892 2383 Ponti
908 2340 1012 2398 neque
1027 2325 1132 2398 Cappa·

114 2404 222 2463 dociae
238 2406 360 2466 latebris
374 2409 526 2468 occultare
540 2406 621 2479 velit
638 2407 694 2466 sed
709 2422 864 2480 emergere
880 2423 918 2465 ex
934 2407 1034 2480 patrio
1049 2418 1146 2481 regno·

113 2494 205 2560 atque
221 2486 250 2544 in
267 2490 375 2548 vestris
394 2489 608 2565 uectigalibus,
621 2490 681 2550 hoo
696 2498 758 2562 est,
776 2490 805 2547 in
823 2488 916 2547 Asiae
932 2490 1003 2549 iuee
1018 2484 1130 2550 versari·
1166 2517 1172 2523 ·

113 2567 143 2630 8.
165 2569 282 2628 Etenim
302 2572 401 2632 adhuc
422 2574 463 2632 ita
484 2575 580 2634 nostri
600 2589 668 2632 earn
688 2572 741 2633 iilo
761 2587 833 2644 rege
851 2573 1073 2634 contenderunt
1087 2570 1129 2630 im·

113 2658 288 2726 penatores,
307 2662 337 2712 ut
352 2655 389 2713 ab
404 2654 455 2715 illo
473 2655 604 2730 insignia
619 2654 773 2728 victoriae,
789 2671 849 2714 non
864 2654 1024 2715 victoriam
1038 2667 1128 2730 repor-

114 2742 220 2795 tarent.
236 2735 455 2810 -Triurnphavit
470 2739 503 2800 L.
522 2737 620 2812 Sulla,
636 2737 833 2811 triumphavit
844 2737 877 2796 L.
892 2737 1022 2797 Murena
1037 2740 1074 2798 de
1085 2732 1127 2794 asu

113 2817 257 2891 thridate‚
279 2818 339 2878 duo
362 2820 517 2881 fortissimi
535 2821 592 2880 viri
614 2829 643 2881 et
664 2821 772 2881 sunnni
792 2819 1009 2896 imperatores,
1031 2818 1126 2881 sedus
1168 2837 1172 2852 ·

112 2901 346 2977 triumpharant,
368 2911 401 2962 ut
419 2903 469 2963 ille
485 2906 592 2980 pulsus
608 2912 833 2978 superatusque
846 2912 998 2978 regnaret.
1028 2906 1125 2963 Verum
1169 2928 1172 2939 =

112 2982 212 3044 tamen
232 2986 290 3046 iilis
310 2985 544 3060 imperatoribus
564 2989 630 3047 laus
652 2995 699 3047 est
718 2987 878 3047 tribuenda
899 2987 984 3060 quod
1006 2988 1123 3062 egerunt

112 3067 202 3127 venia
222 3069 324 3131 danda
345 3071 428 3143 quod
448 3071 649 3146 reliquerunt,
671 3077 835 3145 propterea
852 3069 936 3144 quod
951 3070 990 3130 ab
1009 3087 1046 3130 eo
1060 3066 1123 3129 betto

112 3145 226 3208 Sullam
244 3152 274 3211 in
289 3151 403 3212 Italiam
418 3170 468 3214 res
483 3153 621 3228 publiea,
634 3153 789 3213 Murenam
805 3153 889 3213 Sutia
905 3154 1070 3232 revocavit.
1161 3160 1168 3167 '

194 3233 245 3290 lV.
267 3235 296 3294 9.
328 3235 516 3297 Mithridates
540 3247 640 3297 autem
660 3253 749 3296 omne
771 3236 921 3310 reliquum
939 3245 1061 3312 tempus
1076 3245 1122 3294 non

111 3311 151 3372 ad
167 3313 350 3376 obtivionem
364 3319 476 3380 veteris
491 3319 573 3393 belli,
588 3320 644 3379 sed
658 3321 698 3378 ad
712 3318 971 3393 comparationem
984 3319 1057 3381 novi
1067 3330 1123 3377 aaa·

110 3395 191 3458 turtio
204 3396 254 3471 qui
268 3407 375 3472 postea
386 3419 476 3476 qnam
486 3403 634 3461 maximas
644 3400 840 3462 aedificasset
849 3410 1052 3478 ornassetque
1060 3399 1125 3460 aas
1167 3418 1172 3456 r
