2356 3854
91 191 135 280 o'l
223 194 227 198 ’
312 215 350 272 nl
372 189 402 274 o.
419 215 581 273 vanarn
602 213 684 275 nor.
706 214 742 272 11.
763 213 834 273 rna
852 212 904 271 tv.

94 369 140 426 las
155 364 343 425 revertebar:
369 363 420 422 ubi
441 379 510 422 cum
528 363 680 437 equitibus
700 361 859 435 Romanis,
885 359 1023 421 hominib}

93 447 145 508 illo
160 454 311 507 conventu
327 444 565 518 honestissimis,
587 444 666 504 illius
682 443 853 517 Verrucios,
869 445 908 504 de
924 443 1023 518 quibu

94 528 168 602 dixi,
183 527 388 602 explicabam=
409 544 427 586 a
442 527 644 604 Syracusanis
656 544 784 601 prorsus
800 526 873 585 nihil
887 526 1023 586 adiumen

97 627 156 687 que
178 610 298 686 publice
318 622 418 686 neque
445 610 584 684 privatim
611 611 842 684 exspectabamz
872 624 973 684 neque
1000 624 1023 667 er

94 693 194 754 animo
208 695 373 768 postulare.
406 692 501 766 Quum
522 692 598 753 haec
612 708 748 767 agerem,
761 701 887 766 repente
907 693 948 750 ad
968 707 1015 749 me

94 776 267 849 HeraclIus,
283 776 310 836 is
326 775 454 851 quitum
469 774 674 850 magistratum
690 774 852 851 Syracusis
865 775 1004 846 habebat,

95 857 221 931 nobilis,
242 859 294 935 qui
308 860 453 919 sacerdos
470 858 552 919 lovis
568 857 689 930 luisset,
706 857 758 930 qui
774 858 873 917 honos
893 863 941 916 est
961 874 1020 932 apu

91 957 260 1003 racusanos
272 941 487 1015 amplissimus.
503 940 695 1014 Agitnrecum
711 948 741 1000 et
755 956 823 1000 curn
829 940 862 999 L.
877 942 969 1000 tratre
983 955 1023 998 mc

94 1024 121 1085 si
136 1023 225 1086 nobis
241 1023 410 1096 videretur,
432 1022 583 1085 adiremus
598 1024 637 1082 ad
654 1039 758 1083 eorum
774 1032 926 1084 senatum:
943 1024 1023 1097 lreqt

87 1123 165 1169 ,esse
179 1107 210 1166 in
225 1105 326 1166 curia:
343 1122 378 1166 se
391 1105 480 1165 iussu
493 1114 617 1165 senatus
631 1122 652 1165 a
663 1105 752 1165 nobis
763 1114 876 1180 petere,
890 1114 922 1167 ut
933 1106 1023 1165 venin

58 1189 165 1261 ¹113&
196 1188 295 1248 Primo
317 1187 406 1248 nobie
428 1187 483 1248 luit
496 1188 619 1248 dubium
633 1188 706 1263 quid
726 1205 903 1263 ageremus:
926 1188 1023 1248 deind

57 1273 59 1277 ’
96 1269 223 1331 venitin
240 1279 369 1330 mentem
384 1286 445 1330 non
459 1286 531 1330 esse
547 1271 700 1331 vitandum
721 1271 804 1331 illum
824 1271 914 1333 nobis
934 1287 1023 1331 contu

5 1410 6 1416 ,
94 1349 247 1415 et'locum.
269 1353 354 1412 LXIl.
381 1353 487 1426 ltaque
501 1352 531 1411 in
549 1353 661 1414 curiam
677 1354 823 1414 venimus.
852 1354 1023 1414 Honoriliee

95 1437 301 1510 consurgitum
327 1452 384 1494 nos
405 1435 723 1510 rogatumagistratus
746 1437 931 1497 adsedimus.
964 1437 1024 1496 lnci

94 1517 193 1593 loqui,
208 1517 261 1592 qui
276 1526 305 1579 et
318 1517 495 1578 auctoritate
510 1527 539 1579 et
552 1526 649 1579 aetate
664 1527 708 1591 et,
726 1527 758 1579 ut
777 1520 849 1581 milri
867 1520 966 1580 visum
981 1528 1023 1579 est

93 1617 194 1661 rerum
204 1601 416 1673 antecedebat,
430 1599 582 1662 liiodorus
596 1601 790 1661 Timarchidi=
805 1602 1007 1663 cuiusomnis

92 1683 171 1745 hanc
186 1683 289 1744 habuit
304 1683 401 1759 primo
420 1684 613 1749 sententiamz
633 1693 770 1745 senatum
786 1694 816 1746 et
828 1687 975 1760 populum
987 1684 1023 1762 Sg

95 1783 203 1829 sanum
217 1768 345 1828 moleste
360 1767 552 1842 graviterque
569 1770 664 1841 ferre,
681 1769 764 1843 quod
777 1783 960 1844 ege,.quum
976 1767 1007 1826 in
1020 1792 1023 1821 t

93 1849 136 1911 ris
151 1848 272 1910 Siciliae
286 1848 457 1910 civitatibus
472 1859 609 1912 senatum
627 1853 835 1926 populumque
855 1851 1023 1912 docuissem

94 1933 135 2005 iis
157 1931 309 2002 utilitatis,
336 1931 410 2006 quid
437 1933 543 1993 salutis
567 1934 732 2006 adferrem,
759 1941 789 1994 et
809 1951 901 2009 quum
922 1935 960 1993 ab
978 1951 1023 1993 om

94 2015 250 2086 mandata,
266 2015 398 2086 legatas,
413 2013 527 2083 litteras
543 2015 775 2092 testimoniaque
790 2019 1007 2092 sumpsissem,

95 2095 217 2156 civitate
230 2094 303 2154 nihil
317 2095 385 2156 eius
399 2096 482 2156 modi
497 2099 637 2158 iacerem.
664 2100 824 2174 Respondi
841 2115 940 2175 neque
954 2102 1023 2160 Ron

94 2185 245 2238 conventu
256 2176 439 2252 Siculorum,
455 2197 550 2254 quum
565 2198 583 2240 a
597 2198 644 2242 me
659 2182 803 2245 auxilium
820 2185 970 2243 communi
986 2201 1023 2243 on

93 2260 276 2336 legationum
292 2259 420 2321 consilio
437 2263 596 2336 petebatur
610 2281 764 2340 causaque
778 2266 870 2327 totius
887 2265 1023 2341 proviuci

93 2359 141 2403 me
157 2344 357 2416 deferebatur,
372 2346 489 2417 legatos
504 2345 764 2421 Syracusanorum
779 2349 930 2420 adfuisse,
953 2365 1023 2423 neqt

93 2428 257 2500 postulare,
270 2435 301 2488 ut
316 2425 480 2501 quidquam
500 2438 604 2490 contra
618 2430 649 2495 G.
666 2434 792 2492 Verrem
807 2433 1022 2506 decerneretur

94 2507 193 2581 curia,
218 2507 249 2567 in
275 2526 335 2584 qua
357 2510 521 2571 inauratam
544 2512 574 2572 C.
593 2513 699 2574 Verris
722 2523 850 2576 statuum
872 2514 1019 2575 viderem.

95 2590 182 2665 Quod
204 2599 313 2666 postea
327 2609 418 2667 quam
434 2593 513 2668 dixi,
535 2604 634 2657 tantus
656 2606 703 2656 est
722 2598 851 2673 gemitus
871 2600 967 2674 lactus
991 2615 1023 2658 as

94 2682 211 2736 statuae
225 2682 255 2734 et
267 2677 566 2752 commemoratione,
580 2680 699 2740 utillud
716 2681 746 2752 in
762 2680 846 2740 curia
865 2681 999 2754 positum
1013 2699 1023 2739 r

94 2764 226 2818 mentum
241 2759 405 2837 scelerum,
423 2777 484 2820 non
499 2761 716 2822 beneficiorum
731 2763 891 2824 videretur.
924 2764 998 2824 Tum
1015 2781 1023 2839 p

95 2839 240 2916 quisque,
258 2849 402 2916 quantum
413 2842 544 2904 dicendo
561 2846 690 2920 adsequi
706 2855 838 2921 poterat,
855 2847 966 2906 docere
981 2863 1023 2906 nne

92 2923 137 2998 pit
158 2940 210 2998 ea,
239 2941 317 2999 quae
340 2926 440 3000 paullo
461 2935 531 2986 ante
551 2929 798 2991 commemoravi:
823 2928 981 3004 spoliatam
1004 2948 1023 2989 u

94 3007 164 3067 lana
181 3006 313 3084 direpta:
337 3009 376 3068 de
391 3008 523 3069 Heraclii
540 3009 718 3084 hereditate,
741 3029 830 3086 quam
845 3011 1023 3087 palaestritis

95 3088 363 3164 cessissetmulu
381 3091 542 3151 maximam
559 3102 675 3166 partem
696 3092 795 3169 ipsum
817 3094 994 3156 abstulisse:
1018 3113 1023 3153 l

94 3173 309 3244 postulandum
328 3173 437 3246 luisse,
458 3183 491 3234 ut
504 3173 555 3234 ille
572 3177 762 3250 palaestritas
783 3177 933 3252 diligeret,
957 3179 1009 3251 qui

9 3335 13 3342 ¹
93 3250 282 3315 inventorem
301 3256 361 3315 olei
375 3258 465 3321 deum
483 3258 671 3331 sustulisset:
689 3276 789 3334 neque
809 3261 889 3320 illam
904 3269 1023 3320 statuan

94 3351 133 3394 ex
150 3337 279 3409 pecunia
295 3340 417 3412 publiea
432 3357 532 3415 neque
549 3342 669 3416 publice
685 3343 794 3414 datam,
811 3344 867 3402 sed
883 3359 947 3413 eos,
964 3343 1016 3418 qui

93 3417 193 3478 ditatis
206 3418 394 3491 diripiendae
406 3422 570 3498 participes
581 3423 720 3497 luissent,
732 3425 901 3488 faciendam
914 3435 1023 3490 statuet
