2356 3854
372 138 830 269 enumquam-roas
1045 175 1108 241 ιιι

79 323 263 398 timidiores,
286 323 410 384 desunt:
436 333 613 399 permanent
631 323 674 383 illi
693 324 752 387 soll
772 333 864 401 atque
879 325 980 387 omnia
993 325 1038 386 rei
1055 344 1112 402 pu-

78 407 180 468 blicae
196 422 290 467 causa
305 408 476 482 perierunt,
492 407 544 483 qui
559 416 630 468 sunt
644 409 737 483 tales,
751 408 851 483 qualis
868 417 954 485 pater
967 417 1054 484 tuus,
1068 410 1109 474 M.

81 490 213 565 Scauro,
228 491 296 562 luit,
315 489 366 563 qui
384 490 444 552 ac.
457 490 595 551 Graccho
606 506 707 566 usquc
720 493 760 551 ad
772 492 805 566 Q.
816 492 942 552 Varium
954 492 1111 555 seditiosis

80 574 222 635 omnibus
237 575 359 646 restitit,
379 590 470 649 quem
484 590 650 649 numquam
664 575 730 635 ulla‘
743 574 804 646 vis,
825 576 905 635 ullae
919 578 1033 649 minae,
1049 579 1112 638 ulla

79 656 196 717 invidia
207 657 364 730 labefecit,
380 665 432 718 aut
445 657 544 733 qualis
556 657 589 731 Q.
600 658 757 729 Metellus,
768 665 895 732 patruus
907 661 1011 720 matris
1023 669 1111 721 tuaea

81 743 129 817 qui
149 757 245 816 quum
260 739 418 802 florentem
433 740 585 801 homiuem
599 741 628 801 in
645 739 788 816 populari
803 742 935 816 ratione,
955 743 989 801 L.
1008 741 1109 804 Satur-

78 824 199 895 ninum,
222 839 333 884 censor
346 834 485 886 notasset
502 841 657 899 quumque
678 823 833 885 insitivum
854 824 1024 884 Gracchum
1038 841 1110 886 con·

78 917 122 968 tra
139 907 203 967 vim
217 906 417 968 multitudinis
438 907 580 969 incitatae
602 924 699 975 censu
719 906 929 983 prohibuisset
954 924 1110 983 quumque

76 990 107 1051 ιιι
121 1007 194 1051 eam
207 992 314 1066 legem,
328 1006 420 1087 quam
432 1007 493 1051 non
504 993 569 1052 iure
582 1000 720 1067 rogatam
736 990 899 1063 iudicarat,
914 989 1016 1051 iurare
1030 1008 1110 1051 unus

75 1072 245 1147 uoluisset,
271 1073 450 1136 decivitate
473 1075 576 1135 maluit
598 1091 689 1151 quam
709 1075 748 1136 de
768 1073 918 1136 sententia
942 1073 1109 1148 demoveri,

75 1166 146 1230 aut,
165 1165 200 1218 ut
213 1165 317 1217 velera
339 1160 494 1233 exempla,
518 1174 647 1232 quorum
669 1166 716 1219 est
735 1158 825 1233 copia
843 1158 935 1255 digna
949 1157 1062 1218 huius
1054 1173 1110 1217 rm-

73 1241 156 1316 perii
172 1239 285 1316 gloria,
298 1239 469 1315 relinquam
485 1258 563 1301 neve
577 1258 682 1302 eorum
698 1241 839 1317 aliquem,
859 1230 912 1317 qui
925 1243 1039 1314 vivunt,
1054 1257 1111 1302 no·

74 1323 206 1396 minam,
230 1323 329 1398 qualis
348 1324 494 1399 nuperQ.
511 1325 633 1386 Catulus
649 1327 719 1399 luit,
744 1335 833 1402 quem
854 1343 957 1402 neque
979 1322 1109 1400 periculi

73 1415 246 1482 tempestas
264 1424 365 1482 neque
379 1407 504 1468 honoris
522 1424 597 1469 aura
610 1411 708 1486 potuit
721 1426 865 1486 umquam
882 1411 921 1509 dc
942 1425 999 1470 suo
1014 1425 1108 1471 cursu

74 1498 131 1551 aut
145 1506 202 1565 spe
219 1500 272 1551 aut
285 1498 366 1550 metu
380 1491 579 1552 demovere
868 1526 871 1531 ·

160 1574 292 1636 XLVIII
311 1572 381 1635 102
396 1575 503 1634 Haec
495 1574 661 1650 imitamini,
676 1592 732 1651 per
746 1576 824 1637 deos
836 1575 1038 1637 immortales!
1054 1575 1108 1650 qui

75 1655 271 1732 dignitatem,
295 1656 346 1731 qui
363 1658 500 1731 laudem,
523 1657 576 1732 qui
591 1622 717 1732 gloriam
735 1659 890 1734 quaeritis.
934 1661 1018 1719 Haec
1045 1675 1108 1717 am-

72 1742 128 1816 pla
142 1748 228 1811 sunt,
244 1739 321 1800 haec
336 1739 453 1812 divina,
466 1741 542 1800 haec
555 1741 749 1801 immortalia:
765 1742 841 1801 haec
856 1744 936 1801 tama
949 1742 1107 1800 celebran-

73 1832 139 1897 tur,
154 1823 359 1903 monumentis
374 1823 525 1900 annalium
542 1825 731 1896 mandantur,
748 1823 925 1898 posteritati
934 1838 1107 1899 propagan-

74 1915 134 1967 tur.
177 1906 233 1967 Est
246 1907 347 1980 tabor,
363 1922 425 1965 non
441 1922 536 1980 nego:
552 1905 689 1981 pericula
704 1923 829 1981 magna,
852 1908 959 1967 iateor.
992 1906 1109 1967 Multae

72 1992 205 2052 insidiae
217 1997 286 2050 sunt
298 1992 395 2051 bonis:
411 1987 571 2050 verissime
586 1991 698 2049 dictum
713 1999 769 2050 est.
796 1989 858 2050 Sed
872 2000 902 2052 te

115 2075 171 2146 Id,
186 2075 267 2148 qaod
279 2077 364 2134 molti
375 2075 539 2147 invideant,
558 2076 698 2148 mollique
710 2072 865 2150 expecto,
877 2077 993 2136 metio
1007 2080 1064 2148 est,

72 2157 190 2237 inquit,

117 2241 290 2314 Ροειιιιανε,
304 2244 365 2302 oiri
377 2242 507 2302 laborem
520 2257 715 2302 summorum
728 2258 804 2303 curo
819 2240 946 2315 ecferas.

71 2324 191 2385 Nollem
225 2324 306 2382 idem
337 2326 396 2384 alio
428 2327 498 2385 loco
532 2323 678 2397 dlxisset,
725 2325 809 2400 quod
842 2323 1022 2399 exciperent
1050 2321 1105 2382 im·

71 2405 165 2483 probi
181 2404 281 2466 cives:
305 2407 434 2480 Oderint,
449 2410 520 2469 dom
533 2415 671 2469 metuont
691 2407 850 2467 Praeclara
864 2405 1006 2466 enimilla
1017 2423 1106 2482 prac-

73 2500 165 2566 cepta
179 2490 330 2551 dederat
321 2489 478 2551 iuventuti.
502 2490 572 2553 loa.
595 2492 658 2551 Sed
672 2499 772 2551 tamen
788 2491 865 2550 haee
880 2490 947 2564 via,
965 2490 1043 2551 haec
1057 2507 1106 2549 ra·

72 2574 116 2635 tio
130 2573 176 2633 rei
191 2573 333 2649 publicae
348 2574 562 2647 capessendae
574 2574 645 2634 olim
661 2583 726 2635 erat
737 2573 835 2648 magis
850 2572 1107 2648 pertimescenda,

73 2672 170 2733 quum
185 2656 315 2717 multis
307 2674 337 2716 m
359 2658 453 2717 rebus
468 2657 668 2718 multitudinis
680 2658 814 2719 studium
832 2666 884 2718 aut
900 2657 1008 2733 populi
1022 2673 1106 2718 com-

72 2741 200 2801 modum
215 2741 254 2800 ab
269 2740 398 2801 utrlrtate
406 2756 453 2800 rer
467 2739 610 2814 publicae
631 2740 836 2816 discrepabat.
870 2740 1040 2801 Tabellaria
1054 2741 1106 2799 lex

73 2824 115 2884 ab
130 2824 168 2883 L.
187 2823 294 2883 Cassio
313 2823 475 2885 terebatur.
509 2823 648 2898 Populus
660 2825 829 2885 libertatem
844 2822 894 2898 agi
916 2823 1041 2898 putabat
1055 2822 1106 2881 ιιι·

71 2916 133 2972 ιιιιζ
162 2906 390 2967 DIssentIebant
402 2905 561 2982 principes
574 2915 605 2967 et
621 2905 652 2965 in
668 2908 766 2968 salute
782 2905 973 2983 optimatium
986 2903 1107 2965 temeri-

71 2998 167 3053 tatem
174 2988 374 3051 multitudinis
381 2988 546 3050 eltahellae
557 2988 709 3049 licentiam
722 2989 987 3067 pertimescebant.
1009 2989 1107 3060 Agra-

70 3073 150 3135 riam
166 3073 210 3134 Ti.
226 3074 381 3135 Gracchus
400 3074 500 3149 legem
514 3071 641 3133 terebat
676 3073 767 3133 Grata
784 3080 849 3132 erat
863 3071 994 3145 populo:
1013 3070 1108 3129 tortu·

70 3174 132 3219 nae
148 3155 293 3219 constitui
306 3156 479 3217 tenuiorum
493 3155 684 3215 videbantur
717 3155 894 3216 Nitebamur
908 3161 1014 3234 cqntra
1029 3152 1107 3230 opti-

70 3250 188 3315 mates,
220 3241 305 3318 quod
333 3249 364 3301 et
396 3238 582 3300 discordiam
609 3237 735 3298 excitari
763 3238 909 3297 videbant
939 3245 983 3310 et,
1012 3253 1106 3311 quum

70 3326 246 3400 locupletes
270 3321 524 3400 possessionibus
557 3319 708 3382 diuturnis
735 3328 947 3393 moverentur,
979 3317 1106 3396 spoliari
