2356 3854
84 196 127 262 ut
243 171 424 261 'uuo-surr.
437 182 574 258 nascio
592 195 765 257 suenum
781 174 933 256 cunno.

86 352 124 412 ab
139 349 312 411 innocentia
332 347 601 415 dementissimus,
618 354 717 407 tamen
738 345 826 406 tacite
847 360 894 405 me
916 353 1035 420 paterer
1052 362 1079 405 ve

85 434 137 493 itio
152 432 220 507 ipso
235 432 382 492 acerrimo
397 430 498 491 iudice
512 439 675 504 quaerente
691 424 745 489 vei
753 430 835 502 apud
849 426 1015 488 Cassianos
1029 427 1079 488 iudi

86 531 154 586 ces,
171 532 298 589 quorum
313 512 402 574 etiam
418 510 539 586 nuncii,
554 513 664 587 quibus
676 528 769 572 ceusu
781 511 910 570 dicenda
925 519 981 583 est,
997 526 1079 570 nomer

87 599 185 672 ipsum
196 597 407 668 reformidant,
431 612 484 671 pro
503 595 575 663 Sex.
589 595 701 655 Roscio
718 594 830 654 dicere.
861 592 966 652 XXXI.
990 591 1039 653 86.
1066 593 1079 650 n

87 679 145 739 hac
156 680 235 739 enim
253 696 346 739 causa
363 680 454 754 quun
471 676 608 738 viderent
628 678 697 738 ilios
712 676 930 753 ampiissimam
946 676 1079 750 pecunian

87 764 261 836 possidere,
285 763 368 822 hunc·
385 761 416 822 in
437 778 554 822 summa
574 761 764 820 mendicitate
783 760 871 831 esse,
889 759 963 817 iilud
985 759 1079 832 quiden

87 860 148 904 nou
164 854 355 919 quaererent,
372 845 420 905 cui
434 847 517 905 bon'o
530 843 653 915 fuisset,
669 845 733 915 scd,
751 858 788 901 eo
805 841 978 916 perspicuo,
995 841 1079 900 crimet

87 935 117 988 et
141 928 348 1003 suspicionem
370 928 473 1003 potius
494 927 533 985 ad
558 927 701 1001 praedam
726 925 927 998 adiungerent
952 940 1040 998 quam
1060 939 1079 980 a

85 1019 260 1085 egestatem.
291 1010 382 1084 Quid,
407 1009 433 1069 si
447 1009 565 1069 accedit
580 1008 688 1069 eodem
708 1014 741 1067 ut
759 1007 859 1068 tenuis
882 1014 971 1066 antea
993 1004 1073 1065 rueris

87 1093 176 1168 quid,
203 1093 229 1152 si
247 1101 278 1152 ut
295 1099 428 1152 avarus?
452 1092 540 1165 quid,
558 1091 594 1150 ·si
612 1099 644 1150 ut
657 1092 780 1149 audax?
801 1090 890 1163 quid,
911 1090 938 1148 si
959 1097 992 1148 ut
1010 1088 1077 1147 itlius

87 1175 139 1249 qui
154 1175 275 1235 occisus
290 1182 351 1246 est,
372 1173 619 1234 inimicissimus?
634 1189 705 1232 num
722 1173 912 1247 quaerenda,
928 1188 1008 1245 quae
1023 1180 1079 1230 teat

85 1259 226 1316 tantumi
224 1256 331 1316 acinus
346 1256 547 1316 adduxerint?
569 1256 646 1329 Quid
662 1270 734 1330 ergo
747 1257 853 1315 horum
868 1255 972 1328 negari
985 1261 1079 1330 potest

86 1338 227 1398 Tenuitas
245 1338 376 1398 hominis
400 1339 466 1399 eius
487 1338 568 1398 ιιιοιιί
586 1349 648 1408 est,
673 1347 707 1398 ut
728 1338 911 1398 dissimulari
933 1353 993 1396 non
1016 1350 1079 1410 quea

81 1427 178 1494 atque
194 1436 231 1480 eo
248 1420 343 1494 magis
358 1422 491 1493 eluceat,
516 1438 577 1495 quo
596 1423 692 1517 magis
712 1423 887 1481 occultatur.
917 1418 968 1481 87
998 1415 1078 1477 Avari

85 1501 156 1562 tiam
172 1504 324 1576 praefers,
339 1507 391 1578 qui
409 1503 584 1563 societatem
601 1503 711 1563 coieris
726 1504 764 1562 de
786 1502 948 1577 municipis
970 1496 1078 1576 cognati

87 1601 147 1660 que
160 1585 286 1645 fortunis
299 1602 366 1646 cum
381 1584 577 1646 alienissimo.
611 1586 704 1659 Quam
721 1587 764 1646 sis
779 1587 880 1644 audax
889 1624 903 1656 ,-
912 1594 944 1645 ut
958 1586 1016 1644 alia
1030 1581 1078 1643 obii

85 1667 199 1739 viscar,
216 1669 285 1728 hinc
300 1684 405 1729 omues
420 1669 585 1743 intelligere
608 1677 783 1744 potuerunt,
809 1669 891 1742 quod
914 1683 955 1726 ex
978 1675 1038 1728 tota
1050 1680 1077 1723 so

86 1749 208 1823 cictate,
229 1752 288 1812 hoc
311 1759 371 1823 est,
395 1767 434 1812 ex
455 1760 499 1812 tot
513 1752 644 1821 sicariis,
667 1753 752 1813 sotus
773 1760 805 1811 tu
825 1752 966 1809 inventus
982 1767 1031 1821 es,
1048 1764 1079 1820 qu

84 1849 154 1893 cum
168 1836 396 1895 accusatoribus
412 1837 536 1895 sederes
550 1843 642 1909 atque
662 1851 697 1895 os
714 1843 798 1897 tuum
813 1849 873 1899 non
889 1834 981 1892 modo
1004 1838 1077 1892 osten

67 1914 190 1986 decos,
210 1917 266 1975 sed
283 1917 372 1977 etiam
387 1918 523 1978 offerres.
566 1917 739 1977 Inimicitias
760 1917 813 1976 tibi
834 1916 930 1976 tuisse
950 1932 1018 1976 cum
1032 1913 1079 1972 Sex

82 1996 196 2057 Roscio
211 2005 241 2057 et
260 2014 385 2072 magnas
402 2001 446 2059 rei
462 1999 614 2058 familiaris
637 2000 862 2059 controversias
877 2000 1030 2058 concedas
1048 2009 1078 2052 ne

85 2094 175 2139 cesse
190 2087 245 2138 est.
280 2079 331 2141 88.
364 2082 483 2152 Restat,
498 2082 631 2155 iudices,
647 2091 678 2140 ut
692 2082 750 2141 hoc
765 2081 951 2154 dubitemus,
967 2091 1033 2140 uter
1047 2092 1077 2151 po

84 2159 144 2222 tius
158 2159 229 2220 Sex.
243 2161 388 2221 Roscium
406 2163 564 2235 occiderit,
585 2163 626 2233 is,
652 2165 690 2222 ad
712 2180 802 2238 quem
824 2173 920 2223 morte
942 2164 1010 2223 eius
1028 2159 1078 2221 divi

83 2243 143 2304 tiae
156 2243 303 2318 venerint,
317 2261 356 2304 an
370 2243 407 2314 is,
422 2246 462 2304 ad
478 2262 568 2320 quem
582 2245 768 2316 mendicitas,
785 2246 821 2317 is,
837 2247 889 2320 qui
904 2255 994 2307 antea
1005 2241 1079 2305 tenui

84 2326 187 2399 tuerit,
203 2344 242 2386 an
259 2325 302 2399 is,
320 2326 372 2403 qui
388 2335 495 2401 postea
510 2330 607 2388 iactus
622 2329 661 2388 sit
675 2329 904 2404 egentissimus,
926 2328 968 2401 is,
991 2326 1042 2403 qui
1053 2340 1079 2383 ar

84 2409 161 2468 dens
173 2409 299 2469 avaritia
312 2412 425 2470 feratur
436 2409 565 2470 infestus
582 2412 611 2470 in
628 2429 718 2485 suos,
740 2429 778 2471 an
794 2414 835 2484 is,
860 2410 912 2486 qui
927 2422 1046 2485 semper
1057 2408 1079 2466 ic

83 2489 207 2563 vixerit,
222 2500 255 2551 ut
270 2501 429 2565 quaestum
444 2501 549 2553 nosset
564 2496 691 2567 nullum,
708 2458 902 2556 iunctumt
850 2502 902 2554 aut
902 2510 951 2553 em
968 2511 1036 2554 eurn
1050 2505 1079 2551 so

82 2573 144 2631 ium
151 2590 265 2648 ,quem
280 2576 384 2635 labore
396 2575 580 2650 peperisset,
597 2575 639 2650 is,
660 2577 712 2653 qui
733 2579 865 2638 omnium
880 2585 1034 2638 sectorum
1048 2589 1079 2633 au

84 2650 267 2716 dacissimus
284 2657 337 2729 sit,
353 2675 391 2717 an
409 2657 452 2730 is,
468 2658 520 2733 qui
535 2669 659 2733 propter
680 2661 736 2720 tori
758 2660 1000 2735 iudiciorumque
1021 2660 1079 2719 iaso

81 2736 204 2796 lentiam
218 2755 278 2798 non
294 2741 385 2800 modo
402 2741 560 2812 subsellia,
577 2743 785 2802 verumetiam
808 2743 941 2802 urbem
933 2758 1034 2818 ipsam
1054 2754 1079 2798 re

82 2818 237 2893 formidet,
252 2829 423 2896 postremo,
441 2823 573 2896 iudices,
594 2825 623 2884 id
637 2827 719 2901 quod
735 2828 854 2886 adrem
869 2842 937 2886 mea
953 2821 1077 2886 scatenti

82 2904 212 2964 maxime
234 2904 378 2979 pertinet,
401 2913 500 2966 utrum
523 2906 662 2969 inimicus
681 2909 782 2983 potius
800 2926 838 2969 an
863 2909 953 2968 iilius
968 2906 1079 2967 'XXXli

81 2985 132 3046 89.
150 2987 233 3047 Haec
245 2996 285 3060 tu,
297 2984 398 3061 Eruci,
414 2997 458 3050 tot
471 2999 502 3049 et
516 2999 597 3052 tanta
608 2991 635 3050 si
649 3001 756 3052 nactus
771 3008 860 3052 esses
874 2990 904 3050 in
920 3008 991 3061 reo,
1012 3005 1079 3065 quar

82 3067 134 3127 diu
155 3069 289 3131 dicerest
318 3087 379 3168 quo
402 3079 431 3132 te
454 3074 544 3133 modo
563 3075 709 3134 iactares!
737 3077 884 3149 Tempus,
912 3074 1050 3155 hercule,
1071 3079 1079 3130 t

82 3148 171 3209 citius
187 3170 276 3226 quam
292 3154 388 3215 oratio
406 3156 559 3217 deiiceret
594 3157 733 3218 Etenim
725 3176 754 3217 rn
772 3159 900 3232 singulis
920 3159 1013 3217 rebus
1035 3157 1079 3214 eiu

9 3245 12 3249 ’
81 3233 162 3291 modi
174 3235 313 3298 materies
327 3246 381 3310 est,
396 3246 429 3299 ut
440 3239 507 3300 dies
520 3239 656 3313 singutas
669 3240 771 3315 possis
783 3256 973 3300 consumere.
996 3240 1079 3313 Nequ

81 3326 138 3387 ego
160 3330 220 3375 non
248 3334 387 3392 possum;
415 3338 475 3383 non
499 3323 578 3382 enim
596 3323 668 3383 mihi
689 3333 801 3384 tautum
823 3324 953 3397 derogo,
982 3329 1079 3383 tamea

80 3396 154 3457 nihii
170 3399 303 3475 adrogo,
321 3411 354 3463 ut
366 3411 396 3464 te
412 3405 570 3479 copiosius
585 3422 676 3480 quam
697 3422 744 3465 me
759 3412 862 3480 putem
876 3422 971 3480 posse
987 3406 1079 3465 dicen
