2356 3854
120 146 223 222 aaa¹
336 143 410 205 nno
425 145 457 204 r.
474 139 592 202 armo
607 98 752 204 uinoru
768 135 921 198 oaluo.

120 300 202 376 apud
225 313 261 357 se
280 295 383 356 ebrios
407 295 505 354 iactos
528 290 770 353 sibiconlessos
790 303 863 346 essa
883 286 924 344 de
940 282 1153 348 interficiendo

119 381 264 454 Pompeio
279 378 473 449 coniurasse,
494 374 565 434 dein
587 381 695 448 postea
712 388 746 431 se
760 369 862 445 gladio
881 385 1069 442 percussum
1081 385 1142 430 essa

119 466 158 526 ab
174 479 235 523 uno
258 462 296 520 de
311 460 386 531 illis,
401 476 440 519 ne
456 458 612 518 indicaret.
632 453 776 529 Pompeio
797 451 828 511 in
851 452 962 513 hortos
983 451 1141 523 nunciavit,

121 561 262 607 arcessor
282 545 312 605 in
335 542 455 618 primis:
482 542 521 600 de
547 539 712 600 amicorum
733 533 885 596 sententia
903 551 970 595 rem
996 535 1094 594 deiart
1112 535 1142 593 ad

119 638 267 690 senatum.
315 628 381 687 Non
408 633 546 701 poteram
574 625 603 681 in
632 622 712 681 illius
733 619 791 679 mei
814 618 999 693 patriaeque
1018 617 1141 678 custodis

27 772 31 776 .
119 720 201 773 tanta
222 708 397 784 suspicione
419 726 478 768 non
500 716 581 766 metu
604 702 784 774 exanimari,
811 703 868 762 sed
896 699 1034 761 mirabar
1056 710 1140 761 umen

27 854 34 866 ,
121 794 204 854 credi
218 810 330 868 popae,
346 790 571 852 contessionem
583 803 740 871 servorum
756 785 862 856 audiri,
879 785 995 852 vulnus
1007 784 1037 842 in
1053 784 1139 852 latere,
1173 857 1175 865 J

121 878 205 951 quod
226 892 284 936 acu
303 882 447 950 punctum
470 871 636 942 videretur,
661 887 717 944 pro
738 868 800 928 ictu
819 867 1004 948 gladiatoris
1024 867 1138 945 probari
1170 868 1175 927 Ϊ

1170 322 1174 373 ι

120 961 172 1021 66.
185 961 309 1029 Verum,
327 967 359 1018 ut
372 955 517 1029 intelligo,
532 954 660 1015 cavebat
674 952 771 1026 magis
785 949 952 1024 Pompeius
966 967 1059 1026 quam
1072 951 1137 1012 tima
1170 1008 1173 1016 ,

120 1044 188 1115 bat,
209 1058 270 1101 non
288 1054 324 1100 ea
340 1041 453 1112 solum,
477 1054 555 1113 quae
569 1036 701 1097 timenda
716 1041 816 1107 erant,
834 1034 892 1093 sed
908 1034 1031 1106 omnia,
1047 1051 1084 1094 ne
1094 1050 1136 1095 vos

60 1132 63 1139 ’
120 1124 236 1199 aliquid
250 1122 403 1184 timeretis.
447 1121 629 1196 Oppugnata
644 1119 752 1178 domus
768 1118 799 1177 C.
816 1116 980 1192 Caesaris,
998 1115 1135 1178 clarissini
1167 1167 1172 1193 ,

121 1217 152 1268 et
166 1205 322 1267 tortissimi
337 1204 401 1275 viri,
418 1221 472 1278 per
486 1206 595 1264 multas
609 1201 706 1262 noctis
720 1201 811 1261 horas
827 1199 1042 1262 nunciabatur.
1062 1201 1133 1261 Nemo
1167 1252 1170 1257 ⁴

121 1289 259 1348 audierat
274 1296 335 1346 tam
350 1286 463 1346 celebri
479 1287 558 1360 loco,
573 1299 662 1345 nemo
677 1292 829 1344 senseram
845 1291 949 1344 tamen
965 1284 1132 1345 audiebatu.
1166 1277 1176 1373 J

121 1372 187 1430 Non
204 1378 340 1444 poteram
358 1369 409 1428 Cn.
423 1369 615 1443 Pompeium,
637 1366 900 1442 praestantissima
922 1366 1036 1428 virtuto
1052 1366 1132 1437 viruu,
1166 1407 1169 1423 .

121 2363 245 2435 quando
262 2363 376 2438 aliquid
389 2372 486 2437 putas,
505 2362 532 2423 si
542 2363 646 2422 ltaliae
661 2363 798 2434 dilectus
812 2370 921 2422 utnon
937 2363 1015 2423 nulli
1030 2360 1130 2437 conqu-

121 2443 231 2504 sitorcs
243 2446 286 2504 tui
298 2446 484 2519 dimicarunt,
502 2445 730 2518 sincerrima,
753 2445 779 2506 si
795 2444 987 2529 Capitolinae
1003 2447 1132 2511 colono

121 2525 148 2585 si
160 2528 317 2602 excubiae,
334 2528 361 2588 si
374 2529 501 2604 vigiliae,
519 2529 545 2588 si
557 2529 674 2589 delecta
685 2529 833 2600 iuventus,
850 2544 931 2602 quae
944 2538 1032 2590 tuum
1045 2541 1132 2603 corpus

119 2608 305 2684 domumque
322 2605 469 2683 custodit,
487 2619 591 2672 contra
605 2612 726 2671 Milonis
743 2611 885 2687 impetum
901 2622 1023 2674 armata
1037 2622 1095 2685 est,
1105 2619 1133 2670 at·

120 2708 181 2766 quc
196 2691 248 2751 illa
264 2693 365 2752 omnia
379 2691 409 2751 in
427 2693 507 2753 hunc
524 2711 617 2754 unum
638 2694 786 2768 instituta,
807 2704 927 2770 parata,
943 2696 1064 2761 intenta
1076 2701 1132 2759 snt

119 2783 322 2850 magnacerte
336 2774 365 2834 in
383 2775 442 2836 hoc
460 2775 508 2835 vis
530 2787 561 2836 6ι
583 2775 768 2838 incredibilis
792 2778 910 2838 animus
933 2788 966 2839 et
986 2797 1051 2841 non
1066 2777 1134 2841 unius

119 2858 176 2918 viri
194 2857 275 2919 vires
291 2867 382 2933 atque
397 2876 474 2934 opes
489 2859 675 2933 iudicantur,
691 2860 718 2920 si
734 2861 856 2936 quidem
870 2861 900 2921 in
915 2861 1002 2924 hunc
1017 2880 1106 2925 unum
1117 2865 1136 2918 et

117 2941 399 3014 praestantissimus
422 2944 486 3004 dux
500 2944 615 3004 electus
640 2953 670 3005 et
685 2953 747 3006 tota
761 2962 811 3005 res
827 2944 952 3019 publica
968 2956 1085 3008 armata
1097 2949 1135 3006 est

117 3024 170 3086 68.
187 3027 249 3087 Sed
264 3028 332 3100 quis
349 3042 410 3085 non
425 3026 563 3101 intelligit
577 3043 683 3088 omnes
695 3026 747 3087 tibi
767 3027 970 3103 reipublicae
984 3040 1134 3106 partesue
1171 3098 1174 3107 J

118 3120 189 3178 gras
201 3119 231 3170 et
242 3111 387 3181 labantes,
403 3119 436 3170 ut
447 3126 500 3170 eas
511 3109 559 3168 bis
572 3110 662 3187 armis
676 3126 803 3171 sanares
813 3118 843 3169 et
858 3114 1063 3174 confirmares
1085 3121 1135 3172 erte

118 3191 320 3252 commissas?
333 3192 421 3265 Quod
435 3192 461 3252 si
476 3195 562 3254 locus
573 3192 678 3252 Miloni
685 3194 779 3252 ‘datus
794 3201 886 3266 esset,
901 3196 1071 3267 probasset
1084 3206 1135 3270 pro

119 3266 197 3361 lecto
212 3273 266 3332 tibi
284 3274 359 3349 ipsi,
380 3275 529 3335 neminem
544 3292 689 3349 umquam
706 3274 858 3335 hominem
874 3275 993 3338 homini
1007 3277 1135 3339 cariorem

119 3348 215 3412 llusse
234 3372 325 3429 quam
339 3365 368 3419 te
385 3357 458 3417 sibi=
480 3354 596 3418 nullum
612 3375 653 3443 ¹se
673 3375 816 3433 umquam
837 3357 1010 3432 periculum
1029 3378 1083 3437 pro
1099 3367 1136 3418 tua

21 1480 24 1486 ·
122 1452 260 1513 timidum
273 1452 438 1526 suspicari:
462 1449 646 1525 diligentiam
672 1459 734 1511 tota
749 1467 783 1510 re
802 1449 926 1524 publica
949 1459 1094 1527 suscepta
1103 1448 1131 1508 ni·

86 1599 90 1605 ,
121 1535 211 1594 miam
229 1535 339 1592 nullam
354 1533 508 1607 putabam.
543 1533 801 1609 Frequentissimo
818 1540 928 1593 senatu
945 1531 1131 1608 nuperinCa·
1167 1524 1176 1597 ἶ

121 1617 226 1692 pitolio
242 1626 365 1677 senator
378 1617 519 1678 inventus
535 1626 582 1677 est
597 1617 649 1691 qui
662 1615 806 1675 Milonem
822 1632 890 1674 cum
905 1617 969 1676 telo
989 1631 1060 1677 esse
1073 1614 1131 1675 dice·
1168 1603 1176 1703 J

24 1749 32 1766 .
120 1708 176 1761 ret.
218 1698 349 1760 Nudavit
366 1715 401 1760 se
415 1699 446 1759 in
465 1699 656 1760 sanctissimo
669 1700 791 1773 templo,
808 1696 955 1773 quoniam
968 1700 1031 1760 vita
1044 1698 1131 1760 taisel
1168 1713 1176 1785 ζ’,

121 1784 198 1844 civis
213 1792 243 1844 et
261 1783 317 1850 viri
332 1784 422 1843 fidem
437 1800 497 1843 non
515 1782 651 1854 iaciebat,
667 1789 699 1841 ιιι
713 1797 750 1842 66
766 1789 885 1842 taccme
896 1797 949 1842 res
965 1781 1036 1858 ipsa
1050 1784 1130 1858 loque
1167 1783 1177 1855 ζ.

42 1866 45 1873 ’
120 1875 226 1926 return
249 1866 348 1926 XXV.x
356 1863 406 1928 67.
423 1864 529 1926 Omnia
544 1867 621 1925 lalsa
637 1872 728 1939 atque
745 1862 895 1925 insidiose
910 1864 986 1926 ficta
1001 1871 1130 1940 comperit
1168 1859 1177 1933 J

83 1986 86 1990 -
121 1958 201 2009 sunt.
246 1949 344 2020 Quum
360 1958 475 2022 tamen,
499 1949 525 2008 si
551 1947 690 2008 metuitur
710 1948 799 2008 eliam
815 1963 895 2006 nunc
909 1947 1004 2022 Milo,
1022 1946 1131 2010 nonian
1168 1942 1177 2020 ιζ

11 2085 15 2090 ,
120 2031 179 2090 hoc
195 2030 370 2091 Clodianum
384 2031 497 2091 crimen
514 2031 667 2101 timemuS‚
690 2031 746 2090 sed
761 2039 844 2098 tuas,
863 2030 916 2089 Cn.
929 2031 1059 2106 Pompei
1070 2039 1131 2087 —lt
1169 2024 1177 2087 ἶ.

12 2122 16 2127 ’
122 2113 201 2173 enim
218 2111 277 2171 iam
300 2115 423 2187 appello
445 2123 474 2173 et
488 2130 525 2174 ea
537 2130 623 2187 voce,
637 2122 671 2173 ut
684 2129 731 2172 me
742 2112 888 2173 exaudire
905 2117 1130 2189 possis-tna
1169 2110 1174 2171 ἶ

119 2204 199 2268 tuas,
215 2195 349 2271 inquam,
363 2197 558 2270 suspiciones
570 2195 844 2271 perhorrescimus:
856 2195 883 2255 si
893 2196 1044 2258 Milonem
1056 2197 1131 2264 ιίιιιιι,
1170 2194 1177 2252 Ῑ·

121 2281 147 2338 si
161 2280 241 2339 bunc
259 2280 297 2338 de
315 2288 365 2340 tua
379 2280 439 2340 vita
450 2279 563 2340 nelarie
580 2288 632 2340 aut
645 2295 726 2340 nunc
740 2280 872 2354 cogitare
888 2288 942 2339 aut
953 2280 1087 2342 molitum
1096 2277 1130 2338 ali·
