2356 3854
112 155 178 221 464
245 157 284 218 IN
297 158 337 216 Μ.
351 155 552 216 surculum
567 156 708 217 ORATIO
718 158 944 219 PHILIPPICA
956 161 1034 220 xlv.

112 310 233 380 videre,
248 305 504 380 animadvertere,
521 306 657 367 iudicare
673 307 796 381 quidam
811 310 944 369 moleste
958 311 1066 371 lerunt.
1091 311 1140 370 Po·

113 400 229 454 terame
247 388 312 448 lieri
327 396 432 448 utnon
450 391 576 464 perinde
592 389 731 451 homines
748 392 787 451 de
802 408 948 467 quoque,
974 395 1141 469 utquisque

114 481 292 544 mereretur,
309 471 499 533 iudicarent?
518 473 558 533 Ut
572 472 652 533 enim
670 475 709 533 de
726 473 873 534 universo
892 483 1004 536 senatu
1020 478 1143 552 populus

114 561 269 618 Romanus
293 553 454 614 verissime
479 554 592 615 iudicat
612 556 703 617 nullis
730 556 787 618 rei·
798 558 945 631 publicae
966 560 1143 634 temporibus

113 641 194 699 hunc
213 637 348 698 ordinem
365 639 527 698 firmiorem
548 646 641 713 atque
661 638 816 700 fortiorem
832 640 950 712 luisse,
970 642 1016 702 sic
1037 643 1074 702 de
1090 658 1143 704 uno

114 738 238 798 quoque
254 730 390 781 nostrum
405 729 435 782 et
448 721 587 793 maxima,
604 721 656 796 qui
671 721 730 782 hoc
745 725 812 784 loco
828 725 1004 785 sententias
1017 724 1160 797 dirimunt

115 804 310 865 sciscitantur
325 820 447 877 omnes,
465 811 557 863 avent
570 806 675 864 audire
693 806 767 880 quid
790 807 927 880 quisque
944 807 1090 869 senserim
1110 808 1142 868 its

115 891 154 948 de
168 904 229 947 uno
246 902 378 962 quoque,
392 894 426 946 ut
441 903 591 962 quemque
606 887 743 948 meritum
758 889 956 961 arbitrantur,
973 891 1141 951 existimant

113 970 261 1031 Memoria
276 978 382 1030 tenent
397 986 444 1029 me
459 970 622 1030 antediem
638 986 705 1029 xm.
720 971 876 1032 Kalendas
892 974 1059 1034 lanuarias
1073 976 1140 1049 priu-

114 1055 212 1128 cipem
227 1053 420 1113 revocandae
435 1053 579 1113 libertatis
592 1053 703 1113 luisses
728 1070 775 1133 me
790 1071 829 1114 ex
840 1054 996 1118 Kalendis
1011 1056 1138 1117 Ianuariis

112 1139 154 1197 ad
170 1138 246 1196 hanc
270 1137 374 1195 horam
396 1136 573 1210 invigilasse
593 1136 637 1195 rei
660 1138 814 1210 publicam
843 1136 895 1198 ⁴20.
914 1154 1020 1199 meam
1036 1141 1135 1200 domum

113 1236 260 1293 measque
275 1236 365 1278 aures
381 1221 447 1279 dies
462 1224 492 1280 et
506 1228 613 1280 noctes
629 1222 760 1281 omnium
778 1224 957 1296 praeceptis
970 1220 1137 1296 monitisque

114 1305 266 1378 patuisse:
290 1303 364 1363 meis
386 1303 508 1371 litteris,
530 1303 606 1363 meis
629 1303 764 1376 nunciis,
790 1303 867 1364 meis
886 1306 1137 1366 cohortationibus

114 1402 235 1456 omnes,
260 1385 311 1457 qui
326 1385 439 1458 ubique
454 1395 573 1458 essent,
594 1387 633 1445 ad
649 1385 763 1460 patriae
779 1385 972 1461 praesidium
989 1391 1135 1450 excitatos

113 1467 190 1526 meis
217 1465 374 1526 sententiis
400 1484 417 1525 a
437 1467 583 1528 Kalendis
610 1468 756 1529 Ianuariis
780 1486 950 1553 numquam
971 1472 1088 1547 lagatos
1105 1469 1136 1528 ad

113 1550 294 1611 Antonium:
313 1566 433 1624 semper
448 1550 530 1611 illurn
545 1551 673 1625 hostem,
689 1568 810 1626 semper
825 1553 884 1613 hoc
900 1552 1028 1626 bellum,
1045 1564 1076 1616 ut
1083 1566 1134 1628 ego,

114 1633 166 1708 qui
187 1632 424 1708 omnitempore
445 1650 536 1694 verae
557 1636 643 1709 pacis
664 1644 769 1696 auctor
790 1635 937 1708 luissem,
962 1636 1037 1699 truie
1054 1650 1136 1698 essen

113 1717 228 1777 nomini
239 1716 404 1792 pestilerae
420 1717 505 1791 pacis
521 1718 676 1779 inimicust
696 1718 746 1780 21.
760 1719 839 1779 ldern
851 1721 1043 1794 Ventidium,
1061 1734 1136 1796 quum

114 1801 164 1860 alii
182 1809 367 1875 praetorem,
392 1799 542 1861 tribunum
557 1801 770 1874 Volusienum,
795 1818 853 1878 ego
875 1819 1005 1878 semper
1024 1806 1137 1863 bostem.

113 1884 177 1943 llas
207 1885 235 1942 in
264 1885 429 1944 sententias
456 1901 540 1944 meas
567 1884 594 1945 si
621 1887 764 1946 consules
794 1885 1026 1947 discessionem
1051 1889 1137 1946 lacero

45 1990 48 1997 r
114 1967 298 2040 voluissent,
331 1966 471 2028 omnibus
487 1967 565 2028 'istis
595 1969 773 2029 latronibus.
791 1969 975 2030 auctoritate
1007 1971 1073 2045 ipsa
1098 1982 1135 2026 se·

114 2058 204 2110 natus
224 2049 413 2125 iampridem
431 2052 470 2110 de
487 2051 626 2111 manibus
645 2069 728 2111 arma
746 2052 941 2114 cecidissent
988 2054 1066 2113 Vlll.
1086 2048 1136 2110 Sed

116 2133 200 2207 quod
216 2141 278 2192 turn
294 2151 354 2193 non
370 2133 467 2205 licuit,
486 2143 589 2208 patres
605 2135 784 2211 conscripti,
808 2136 839 2194 id
855 2133 917 2196 hoe
931 2145 1073 2212 tempore
1086 2145 1133 2192 rou

114 2218 213 2277 solum
225 2215 303 2288 lieet,
321 2216 527 2277 verumetiam
541 2234 668 2279 neeesse
683 2228 737 2290 est,
753 2236 818 2290 eos,
831 2215 884 2293 qui
898 2235 933 2280 re
948 2230 1025 2281 sunt
1037 2220 1132 2283 hostes

114 2300 217 2360 verbis
232 2298 343 2371 notari,
364 2300 522 2361 sententiis
540 2301 652 2362 nostris
670 2303 774 2362 hostes
789 2301 928 2361 iudicari.
977 2304 1037 2364 aa·
1052 2306 1136 2361 Antea

115 2401 210 2457 quum
225 2383 343 2442 hostem
357 2392 409 2444 aut
422 2385 533 2444 bellum
550 2384 764 2458 nominassem,
780 2385 875 2444 semel
890 2392 922 2444 et
936 2386 1065 2463 saepius
1080 2398 1137 2445 sea·

114 2465 237 2525 tentiam
251 2482 348 2526 meam
363 2468 400 2527 de
417 2484 542 2528 numero
560 2470 775 2529 sententiarum
790 2469 1000 2531 sustulerunt=
1024 2464 1140 2544 quadiu

114 2547 172 2607 hac
196 2563 289 2609 causa
304 2551 363 2608 iarn
381 2550 446 2609 lleri
468 2568 529 2610 non
544 2558 654 2626 potest.
694 2550 744 2610 'Ex
760 2550 865 2612 litteris
881 2551 965 2612 enirn
988 2553 1020 2613 c.
1035 2553 1140 2611 Pansae

114 2635 152 2690 A.
167 2630 253 2690 Hirtii
268 2632 440 2703 consulum,
465 2635 495 2693 C.
513 2634 651 2694 Caesaris
665 2650 721 2709 pro
737 2643 893 2709 praetore,
913 2635 955 2695 de
972 2637 1087 2699 honore
1099 2629 1140 2691 dis

116 2715 335 2776 immortalibus
351 2714 493 2777 habendo
517 2717 682 2777 sententias
704 2717 841 2777 dicimus.
886 2717 1140 2794 Supplicationeru

115 2801 206 2860 modo
225 2797 278 2875 qui
292 2797 443 2873 decrevit,
461 2800 541 2858 idem
557 2801 733 2874 imprudens
749 2800 852 2861 hostes
867 2798 1028 2865 iudicavit
1061 2802 1140 2861 Num-

117 2899 208 2956 quam
231 2881 312 2942 enim
335 2881 465 2942 incivili
486 2884 565 2943 bello
587 2883 768 2958 supplicatio
791 2884 915 2957 decreta
938 2895 1005 2947 est:
1031 2888 1142 2945 decreta

112 2964 208 3025 dicor
230 2983 268 3026 ne
285 2965 410 3026 victoris
435 2966 559 3041 quidem
578 2966 683 3028 litteris
704 2970 856 3043 postulata
877 2978 934 3028 est.
984 2968 1035 3030 23.
1055 2965 1141 3027 Civile

115 3048 228 3109 bellum
246 3051 354 3109 consul
378 3049 463 3109 Sulla
485 3049 596 3124 gessitt
626 3052 795 3126 legionibus
817 3051 847 3109 in
873 3051 986 3112 urbem
1013 3045 1139 3112 adductis

117 3149 197 3204 quos
212 3133 308 3192 voluit
321 3132 451 3208 expulit:
469 3150 547 3208 quos
563 3134 659 3207 potuit
674 3134 799 3194 oceidit:
816 3134 1058 3207 supplicationis
1066 3144 1138 3191 men·

114 3213 156 3270 tio
172 3216 262 3274 nulla.
308 3217 406 3276 Grave
421 3217 532 3277 bellurn
549 3215 744 3277 Octavianum
760 3215 932 3277 insecutum
948 3228 1015 3280 ests
1037 3208 1138 3289 suppli·
1175 3278 1178 3305 Ι

116 3294 195 3354 catio
205 3298 317 3360 Cinnae
332 3302 413 3360 nulla
428 3299 562 3360 victoris.
586 3298 699 3359 Cinnae
717 3298 873 3360 victoriam
887 3297 1057 3375 imperator
1068 3297 1137 3357 ultus

114 3383 164 3434 est
179 3376 277 3439 Sullae
298 3385 379 3441 nulla
395 3384 577 3457 supplicatio
592 3384 714 3443 decreta
729 3399 748 3442 a
763 3390 881 3445 senatu.
917 3385 971 3445 ad
992 3393 1023 3445 te
1040 3384 1136 3458 ipsum
1172 3444 1178 3471 ,
