2356 3854
236 492 292 542 lial.
315 492 384 543 Sext.
420 496 457 545 Ibi
480 503 587 558 quatuor
610 497 742 562 triumphis
764 500 826 548 actis
850 515 902 548 rem
925 500 1003 563 publ,

237 575 361 610 summam
379 571 526 627 potestatem
537 573 644 625 nactus·
654 568 789 621 constituit.
812 567 927 616 Extremo
941 582 1004 615 anuo

238 630 271 679 ad
288 630 381 680 bellum
398 631 562 696 Hispaniense
578 634 698 682 adversus
709 634 821 698 Pompeii
838 635 929 684 liberos
947 649 1005 698 pro·

239 697 319 746 fectus
343 709 381 748 est
406 708 430 749 et
452 708 510 764 post
527 700 621 750 XXVII
644 703 698 750 dies
722 702 748 749 in
768 703 912 766 Hispaniam
928 703 1022 755 venit..

238 766 333 818 Eodem
351 782 415 816 anno
428 767 520 818 Cacsar
536 769 615 818 tastos
630 770 737 818 correxit
755 777 779 818 et
796 777 823 817 nt
840 772 1005 834 inposterum

238 849 271 884 ex
287 833 343 884 Kal.
361 836 414 886 lan.
431 844 571 900 temporum
588 839 651 886 intio
668 837 749 900 magis
768 845 923 901 congrueret,
942 840 1006 886 iuter

237 901 370 954 Novembr.
389 913 413 951 et
430 903 561 954 Decembr.
578 920 677 954 menses
700 905 763 953 duos
787 904 849 954 alios
873 905 1004 963 interiecit,

239 971 274 1019 ita
296 977 324 1019 ut
343 970 384 1020 hic
406 986 487 1020 annus
508 981 608 1022 servato
630 981 712 1022 vetere
732 987 818 1022 mense
840 973 1004 1031 intercalario,

238 1037 293 1089 XV.
311 1041 434 1088 mensium
453 1048 528 1091 esset.
956 1070 962 1079 „

274 1105 359 1156 Cicero
378 1107 404 1157 lt.
422 1123 445 1159 a.
466 1110 614 1170 partitiones
631 1111 774 1168 oratorias,
798 1108 888 1158 deinde
911 1109 1006 1157 taudem

240 1175 339 1224 Catonis
368 1175 482 1239 scripsit,
511 1179 551 1225 cui
576 1176 668 1226 Caesar
687 1177 856 1228 Anticatonem
881 1178 1004 1241 opposuit.

143 1282 148 1289 .
239 1243 336 1292 Deinde
358 1245 459 1306 scripsit
478 1242 608 1294 Oratorem
632 1247 665 1295 ad
685 1246 719 1294 M.
743 1245 860 1304 Brutum,
885 1246 1006 1308 quitum

240 1310 335 1361 Galbae
363 1309 504 1375 Cisalpinae
529 1323 650 1376 praeerat.
696 1313 762 1364 Prid.
788 1312 841 1363 Kal.
866 1313 1004 1362 intercalar.

238 1380 334 1444 priores
356 1380 425 1443 apud
441 1379 570 1430 Gaesarem
588 1380 676 1430 habuit
693 1383 830 1430 orationem
850 1396 895 1445 pro
914 1380 943 1440 Q.
962 1381 1007 1428 Li·

237 1449 320 1512 paris,
337 1462 411 1510 quam
430 1446 458 1506 Q.
475 1450 563 1498 Aelius
578 1449 675 1498 Tubero
691 1458 861 1499 accusaverat.
889 1449 1006 1496 Extremo

240 1530 304 1566 anno
323 1530 380 1566 cum
397 1517 515 1566 Terentia
532 1532 611 1566 uxore
630 1518 764 1567 divortium
782 1518 849 1567 iecit.

240 1584 310 1636 coss.
346 1585 374 1634 0.
392 1584 473 1635 Iulius
496 1585 593 1637 Caesar
609 1584 661 1636 IV.
683 1585 806 1649 Dictator,
830 1584 871 1635 M.
886 1585 1006 1635 Aemilios
1043 1573 1077 1628 62

342 1652 455 1721 Lepidm
471 1654 538 1720 Mag.
555 1656 684 1718 Equitum.
952 1660 961 1675 '⁴

274 1721 370 1771 Cacsar
384 1723 455 1771 amal
471 1723 515 1774 IV.
536 1722 622 1772 consul
639 1726 693 1773 cine
710 1725 805 1788 collega
821 1724 879 1784 fait.

276 1786 378 1847 Caesar,
397 1791 468 1839 victis
486 1791 512 1839 in
530 1791 651 1855 Hispania
668 1791 781 1854 Pompeii
798 1790 868 1849 tiliis,
892 1788 967 1838 Sexto
985 1796 1008 1836 et

151 1874 159 1889 1
242 1854 338 1917 Gnaeo,
357 1871 444 1906 mense
462 1855 561 1906 Octobri
579 1858 685 1906 Romam
700 1871 815 1907 reversus
833 1855 963 1906 consulatu
981 1871 1008 1905 se

167 1925 170 1929 ’
242 1924 340 1987 abdicat
356 1925 421 1984 etQ.
436 1923 540 1974 Fabium
558 1925 697 1975 Maximum
714 1934 738 1974 et
753 1924 780 1974 (l.
794 1926 944 1976 Trebonium
961 1925 1008 1973 sibi

241 1992 344 2042 sufficit.
384 1992 476 2043 Ultimo
499 2000 583 2042 nutem
605 1982 749 2043 Delembris
772 1994 812 2042 die
835 2008 892 2043 curn
916 1994 1008 2042 Fabius

241 2062 399 2120 decessisset,
418 2061 557 2111 Trebonius
575 2076 634 2111 varo
652 2063 760 2121 abesset,
780 2061 807 2111 C.
824 2061 941 2111 Caninius
959 2062 1008 2110 Re·

242 2128 306 2180 bllus
325 2129 413 2179 consul
435 2131 608 2189 renunciatur,
634 2132 690 2192 qni,
714 2139 741 2179 ut
762 2129 847 2180 (licere
872 2131 1007 2189 iocabatur,

241 2198 304 2256 adeo
320 2196 431 2262 vigilans
449 2197 537 2248 consul
554 2197 617 2258 init,
635 2203 662 2246 ut
677 2207 731 2253 toto
747 2198 876 2248 consulatu
894 2213 1008 2247 somnum

241 2281 291 2315 non
307 2266 408 2317 viderit.

276 2331 361 2384 Gioero
379 2334 449 2383 initio
466 2333 493 2384 lr.
505 2349 529 2384 a.
549 2334 588 2386 vel
607 2337 735 2399 superiora
753 2342 859 2384 excunte
874 2335 953 2382 missa
963 2333 1009 2381 Te·

242 2402 322 2451 rentla
343 2401 478 2452 Publiliam
500 2418 604 2453 uxorem
623 2404 709 2464 (luxit,
733 2404 804 2453 cuius
820 2403 887 2451 bona
903 2401 1009 2450 heresa

242 2477 312 2533 patre
332 2469 579 2520 fideicommissarins
603 2471 703 2520 relictus
726 2470 888 2520 custodiebat.
927 2469 1009 2519 Tullia

243 2537 298 2587 eius
315 2535 377 2597 fllia,
394 2546 452 2602 post
469 2538 604 2588 divortium
622 2555 678 2588 cum
694 2537 823 2588 Dolabella
839 2538 941 2597 iactum,
959 2539 1009 2587 Ro·

243 2619 299 2658 maa
315 2605 421 2656 filiolum
437 2608 534 2670 peperit
552 2615 576 2656 et
592 2607 676 2671 paullo
694 2614 753 2671 post
769 2607 835 2656 diem
849 2608 909 2656 obiit
920 2621 1008 2671 supre-

244 2688 320 2723 mum.
349 2673 433 2741 Cicero
449 2674 608 2724 vehementer
625 2676 680 2724 eius
696 2682 775 2724 morte
792 2675 910 2734 sillictus,
926 2674 1010 2724 Publi-

244 2741 279 2790 lia
294 2741 412 2801 dimissa,
429 2741 536 2791 Asturae
554 2758 582 2792 se
599 2744 668 2793 abdit
686 2742 847 2805 doloremque
863 2758 935 2792 suum
953 2757 1010 2806 par-

243 2810 290 2858 tim
307 2809 360 2859 iani
377 2808 472 2858 'l'ulliac
490 2812 603 2876 erigendi
621 2811 734 2875 consilio,
754 2813 843 2876 partim
861 2811 931 2860 libris
950 2811 1010 2859 scri-

243 2877 333 2927 bendis
350 2876 428 2926 lenire
443 2879 571 2932 studet.¹'
589 2878 695 2944 Scripsit
713 2881 790 2944 igitur
805 2880 832 2929 h.
851 2895 874 2928 a.
894 2879 1010 2930 &neoto-

243 2945 329 2994 tt‘onem
345 2959 365 2994 a.
384 2945 473 2995 librum
491 2947 522 2996 da
540 2947 608 2996 luctu
625 2949 767 3008 minuentis,
786 2948 862 2998 libros
879 2949 910 2996 de
921 2946 1011 3008 fhribas

243 3011 358 3064 bonoram
374 3020 400 3063 et
413 3015 542 3073 maternos,
561 3015 727 3066 Academicos
751 3018 914 3083 quaestiones.
949 3013 1011 3060 Ani·

243 3095 311 3131 mum
335 3082 411 3132 etiam
433 3083 524 3132 adiecit
546 3081 609 3132 libro
633 3085 665 3133 ad
687 3084 821 3133 Caesarem
839 3082 870 3130 de
894 3095 921 3129 rc
938 3079 1007 3144 publ.

243 3148 382 3200 ordinanda
398 3150 538 3199 scribendo.
573 3151 659 3200 Mense
674 3152 755 3214 Aprili
772 3149 851 3198 titium
868 3163 942 3196 suum
958 3157 1010 3198 stu·

243 3217 342 3267 diorum
359 3231 435 3267 causa
453 3216 563 3266 Athenas
586 3219 675 3275 mittit;
701 3226 725 3266 et
742 3217 825 3281 paullo
844 3225 902 3282 post
919 3217 1011 3267 Astura

243 3284 351 3335 incedit
376 3284 544 3348 reliquosque
569 3299 668 3333 menses
694 3287 785 3348 partim
810 3287 835 3334 in
859 3285 1010 3346 Tusculano,

271 3430 292 3483 1)
306 3431 372 3476 Taso.
388 3431 425 3477 iv.
440 3429 475 3475 29.
493 3429 522 3471 ad
535 3432 583 3474 att.
597 3429 647 3475 Xll.
664 3431 696 3474 15.
710 3434 732 3471 et
746 3430 780 3471 36.
836 3392 847 3407 r
876 3482 912 3534 b*
