<?xml version="1.0" encoding="UTF-8"?>
<!DOCTYPE html PUBLIC "-//W3C//DTD XHTML 1.0 Transitional//EN"
    "http://www.w3.org/TR/xhtml1/DTD/xhtml1-transitional.dtd">
<html xmlns="http://www.w3.org/1999/xhtml" xml:lang="en" lang="en">
 <head>
  <title>
</title>
<meta http-equiv="Content-Type" content="text/html;charset=utf-8" />
  <meta name='ocr-system' content='tesseract 3.04.00' />
  <meta name='ocr-capabilities' content='ocr_page ocr_carea ocr_par ocr_line ocrx_word'/>
</head>
<body>
  <div class='ocr_page' id='page_1' title='image "./mtulliiciceroni08cicegoog_0177.png"; bbox 0 0 2356 3854; ppageno 0'>
   <div class='ocr_carea' id='block_1_1' title="bbox 11 178 1034 249">
    <p class='ocr_par' dir='ltr' id='par_1_1' title="bbox 11 178 1034 249">
     <span class='ocr_line' id='line_1_1' title="bbox 11 178 1034 249; baseline -0.023 4"><span class='ocrx_word' id='word_1_1' title='bbox 11 183 12 189; x_wconf 70' lang='lat'>‘</span> <span class='ocrx_word' id='word_1_2' title='bbox 81 184 143 249; x_wconf 79' lang='grc'>146</span> <span class='ocrx_word' id='word_1_3' title='bbox 177 183 258 242; x_wconf 83' lang='grc'>1111.</span> <span class='ocrx_word' id='word_1_4' title='bbox 273 178 664 240; x_wconf 75' lang='grc'>111111111101111111.</span> <span class='ocrx_word' id='word_1_5' title='bbox 687 180 768 239; x_wconf 76' lang='lat' dir='ltr'>cap.</span> <span class='ocrx_word' id='word_1_6' title='bbox 789 189 887 240; x_wconf 73' lang='lat'><strong>1-2.</strong></span> <span class='ocrx_word' id='word_1_7' title='bbox 901 185 1034 247; x_wconf 69' lang='lat' dir='ltr'>§.r-5,</span> 
     </span>
    </p>
   </div>
   <div class='ocr_carea' id='block_1_2' title="bbox 1 318 1084 2478">
    <p class='ocr_par' dir='ltr' id='par_1_2' title="bbox 82 318 1084 405">
     <span class='ocr_line' id='line_1_2' title="bbox 82 318 1084 405; baseline -0.005 -11"><span class='ocrx_word' id='word_1_8' title='bbox 82 335 222 405; x_wconf 91' lang='lat' dir='ltr'>breviter,</span> <span class='ocrx_word' id='word_1_9' title='bbox 241 332 385 405; x_wconf 79' lang='lat' dir='ltr'>QuiriteS,</span> <span class='ocrx_word' id='word_1_10' title='bbox 402 339 480 391; x_wconf 89' lang='lat' dir='ltr'>utet</span> <span class='ocrx_word' id='word_1_11' title='bbox 503 339 614 404; x_wconf 90' lang='lat' dir='ltr'>quanta</span> <span class='ocrx_word' id='word_1_12' title='bbox 629 339 658 389; x_wconf 91' lang='lat' dir='ltr'>et</span> <span class='ocrx_word' id='word_1_13' title='bbox 676 348 736 404; x_wconf 90' lang='lat' dir='ltr'>qua</span> <span class='ocrx_word' id='word_1_14' title='bbox 752 330 871 390; x_wconf 90' lang='lat' dir='ltr'>ratione</span> <span class='ocrx_word' id='word_1_15' title='bbox 887 318 1084 405; x_wconf 62' lang='lat' dir='ltr'>investigatae</span> 
     </span>
    </p>

    <p class='ocr_par' dir='ltr' id='par_1_3' title="bbox 1 413 1084 2478">
     <span class='ocr_line' id='line_1_3' title="bbox 84 413 1084 490; baseline -0.007 -13"><span class='ocrx_word' id='word_1_16' title='bbox 84 415 306 490; x_wconf 89' lang='lat' dir='ltr'>comprehensa</span> <span class='ocrx_word' id='word_1_17' title='bbox 324 415 383 474; x_wconf 94' lang='lat' dir='ltr'>sint</span> <span class='ocrx_word' id='word_1_18' title='bbox 398 429 469 485; x_wconf 92' lang='lat' dir='ltr'>vos,</span> <span class='ocrx_word' id='word_1_19' title='bbox 492 413 544 488; x_wconf 92' lang='lat' dir='ltr'>qui</span> <span class='ocrx_word' id='word_1_20' title='bbox 557 413 712 487; x_wconf 88' lang='lat' dir='ltr'>ignoratis,</span> <span class='ocrx_word' id='word_1_21' title='bbox 727 430 766 472; x_wconf 89' lang='lat' dir='ltr'>ex</span> <span class='ocrx_word' id='word_1_22' title='bbox 783 413 860 473; x_wconf 90' lang='lat' dir='ltr'>actis</span> <span class='ocrx_word' id='word_1_23' title='bbox 880 413 963 473; x_wconf 89' lang='lat' dir='ltr'>scire</span> <span class='ocrx_word' id='word_1_24' title='bbox 977 413 1084 487; x_wconf 79' lang='lat' dir='ltr'>possitis</span> 
     </span>
     <span class='ocr_line' id='line_1_4' title="bbox 1 493 1084 572; baseline -0.002 -16"><span class='ocrx_word' id='word_1_25' title='bbox 1 495 3 501; x_wconf 76' lang='grc'>’</span> <span class='ocrx_word' id='word_1_26' title='bbox 165 498 326 572; x_wconf 88' lang='lat' dir='ltr'>Principio,</span> <span class='ocrx_word' id='word_1_27' title='bbox 343 493 515 567; x_wconf 81' lang='grc'>111-0111111111</span> <span class='ocrx_word' id='word_1_28' title='bbox 530 495 637 571; x_wconf 81' lang='lat' dir='ltr'><strong>paucis</strong></span> <span class='ocrx_word' id='word_1_29' title='bbox 651 503 720 555; x_wconf 90' lang='lat' dir='ltr'>ante</span> <span class='ocrx_word' id='word_1_30' title='bbox 732 495 844 556; x_wconf 90' lang='lat' dir='ltr'>diebus</span> <span class='ocrx_word' id='word_1_31' title='bbox 858 496 962 571; x_wconf 83' lang='lat' dir='ltr'><strong>erupit</strong></span> <span class='ocrx_word' id='word_1_32' title='bbox 976 513 1015 556; x_wconf 87' lang='lat' dir='ltr'>ex</span> <span class='ocrx_word' id='word_1_33' title='bbox 1027 497 1084 556; x_wconf 81' lang='lat' dir='ltr'>urbe</span> 
     </span>
     <span class='ocr_line' id='line_1_5' title="bbox 84 574 1084 658; baseline -0.003 -17"><span class='ocrx_word' id='word_1_34' title='bbox 84 599 175 658; x_wconf 92' lang='lat' dir='ltr'>quum</span> <span class='ocrx_word' id='word_1_35' title='bbox 188 582 313 641; x_wconf 88' lang='lat' dir='ltr'>sceleris</span> <span class='ocrx_word' id='word_1_36' title='bbox 327 580 374 640; x_wconf 88' lang='lat' dir='ltr'>sui</span> <span class='ocrx_word' id='word_1_37' title='bbox 390 574 509 652; x_wconf 83' lang='lat' dir='ltr'>socios,</span> <span class='ocrx_word' id='word_1_38' title='bbox 531 579 659 639; x_wconf 88' lang='lat' dir='ltr'>huiusce</span> <span class='ocrx_word' id='word_1_39' title='bbox 673 578 781 639; x_wconf 80' lang='lat' dir='ltr'>nefarii</span> <span class='ocrx_word' id='word_1_40' title='bbox 796 579 868 639; x_wconf 92' lang='lat' dir='ltr'>belli</span> <span class='ocrx_word' id='word_1_41' title='bbox 880 578 1045 640; x_wconf 90' lang='lat' dir='ltr'>acerrimos</span> <span class='ocrx_word' id='word_1_42' title='bbox 1055 580 1084 638; x_wconf 90' lang='lat' dir='ltr'>du</span> 
     </span>
     <span class='ocr_line' id='line_1_6' title="bbox 84 660 1084 739; baseline -0.004 -14"><span class='ocrx_word' id='word_1_43' title='bbox 84 682 146 739; x_wconf 90' lang='lat' dir='ltr'>ces,</span> <span class='ocrx_word' id='word_1_44' title='bbox 161 666 276 724; x_wconf 90' lang='lat' dir='ltr'>Romae</span> <span class='ocrx_word' id='word_1_45' title='bbox 292 662 481 739; x_wconf 73' lang='lat' dir='ltr'>reliquisset,</span> <span class='ocrx_word' id='word_1_46' title='bbox 498 679 620 736; x_wconf 87' lang='lat' dir='ltr'>semper</span> <span class='ocrx_word' id='word_1_47' title='bbox 636 660 760 736; x_wconf 78' lang='lat' dir='ltr'>vigilavi</span> <span class='ocrx_word' id='word_1_48' title='bbox 773 670 803 722; x_wconf 93' lang='lat' dir='ltr'>et</span> <span class='ocrx_word' id='word_1_49' title='bbox 819 662 959 737; x_wconf 82' lang='lat' dir='ltr'>providi,</span> <span class='ocrx_word' id='word_1_50' title='bbox 976 662 1084 735; x_wconf 76' lang='lat' dir='ltr'>Quirites</span> 
     </span>
     <span class='ocr_line' id='line_1_7' title="bbox 84 744 1084 824; baseline -0.007 -16"><span class='ocrx_word' id='word_1_51' title='bbox 84 749 228 824; x_wconf 88' lang='lat' dir='ltr'>quemad</span> <span class='ocrx_word' id='word_1_52' title='bbox 249 746 371 807; x_wconf 91' lang='lat' dir='ltr'>modum</span> <span class='ocrx_word' id='word_1_53' title='bbox 391 745 421 804; x_wconf 94' lang='lat' dir='ltr'>in</span> <span class='ocrx_word' id='word_1_54' title='bbox 436 744 527 805; x_wconf 91' lang='lat' dir='ltr'>tantis</span> <span class='ocrx_word' id='word_1_55' title='bbox 548 753 578 805; x_wconf 92' lang='lat' dir='ltr'>et</span> <span class='ocrx_word' id='word_1_56' title='bbox 599 753 659 804; x_wconf 91' lang='lat' dir='ltr'>tam</span> <span class='ocrx_word' id='word_1_57' title='bbox 680 745 869 805; x_wconf 73' lang='lat' dir='ltr'>absconditis</span> <span class='ocrx_word' id='word_1_58' title='bbox 890 745 1013 805; x_wconf 91' lang='lat' dir='ltr'>insidiis</span> <span class='ocrx_word' id='word_1_59' title='bbox 1035 747 1084 804; x_wconf 87' lang='lat' dir='ltr'>salv</span> 
     </span>
     <span class='ocr_line' id='line_1_8' title="bbox 83 827 1084 905; baseline -0.006 -14"><span class='ocrx_word' id='word_1_60' title='bbox 83 847 153 892; x_wconf 91' lang='lat' dir='ltr'>esse</span> <span class='ocrx_word' id='word_1_61' title='bbox 169 846 341 905; x_wconf 89' lang='lat' dir='ltr'>possemus.</span> <span class='ocrx_word' id='word_1_62' title='bbox 379 830 415 886; x_wconf 91' lang='grc'>11.</span> <span class='ocrx_word' id='word_1_63' title='bbox 444 829 518 886; x_wconf 92' lang='lat' dir='ltr'>Nam</span> <span class='ocrx_word' id='word_1_64' title='bbox 534 836 604 899; x_wconf 91' lang='lat' dir='ltr'>tum,</span> <span class='ocrx_word' id='word_1_65' title='bbox 622 844 715 902; x_wconf 89' lang='lat' dir='ltr'>quum</span> <span class='ocrx_word' id='word_1_66' title='bbox 733 843 771 886; x_wconf 86' lang='lat' dir='ltr'>ex</span> <span class='ocrx_word' id='word_1_67' title='bbox 789 828 866 887; x_wconf 91' lang='lat' dir='ltr'>urbe</span> <span class='ocrx_word' id='word_1_68' title='bbox 884 828 1041 888; x_wconf 80' lang='lat' dir='ltr'>Catilinam</span> <span class='ocrx_word' id='word_1_69' title='bbox 1055 827 1084 886; x_wconf 89' lang='lat' dir='ltr'>ei</span> 
     </span>
     <span class='ocr_line' id='line_1_9' title="bbox 82 909 1084 988; baseline -0.004 -14"><span class='ocrx_word' id='word_1_70' title='bbox 82 914 199 975; x_wconf 89' lang='lat' dir='ltr'>ciebam</span> <span class='ocrx_word' id='word_1_71' title='bbox 215 948 258 958; x_wconf 92' lang='lat'>-</span> <span class='ocrx_word' id='word_1_72' title='bbox 273 928 333 972; x_wconf 92' lang='lat' dir='ltr'>non</span> <span class='ocrx_word' id='word_1_73' title='bbox 348 911 428 971; x_wconf 93' lang='lat' dir='ltr'>enim</span> <span class='ocrx_word' id='word_1_74' title='bbox 443 911 502 969; x_wconf 89' lang='lat' dir='ltr'>iam</span> <span class='ocrx_word' id='word_1_75' title='bbox 516 927 627 988; x_wconf 84' lang='lat' dir='ltr'>vereor</span> <span class='ocrx_word' id='word_1_76' title='bbox 640 910 730 970; x_wconf 91' lang='lat' dir='ltr'>huius</span> <span class='ocrx_word' id='word_1_77' title='bbox 746 909 832 969; x_wconf 89' lang='lat' dir='ltr'>verbi</span> <span class='ocrx_word' id='word_1_78' title='bbox 847 910 1005 983; x_wconf 89' lang='lat' dir='ltr'>invidiam,</span> <span class='ocrx_word' id='word_1_79' title='bbox 1023 926 1084 985; x_wconf 87' lang='lat' dir='ltr'>quur</span> 
     </span>
     <span class='ocr_line' id='line_1_10' title="bbox 82 989 1084 1070; baseline -0.005 -13"><span class='ocrx_word' id='word_1_80' title='bbox 82 997 134 1059; x_wconf 90' lang='lat' dir='ltr'>illa</span> <span class='ocrx_word' id='word_1_81' title='bbox 145 996 243 1070; x_wconf 87' lang='lat' dir='ltr'>magis</span> <span class='ocrx_word' id='word_1_82' title='bbox 259 995 298 1056; x_wconf 91' lang='lat' dir='ltr'>sit</span> <span class='ocrx_word' id='word_1_83' title='bbox 312 989 453 1064; x_wconf 82' lang='lat' dir='ltr'>timenda,</span> <span class='ocrx_word' id='word_1_84' title='bbox 470 994 554 1068; x_wconf 91' lang='lat' dir='ltr'>quod</span> <span class='ocrx_word' id='word_1_85' title='bbox 569 992 657 1054; x_wconf 91' lang='lat' dir='ltr'>vivus</span> <span class='ocrx_word' id='word_1_86' title='bbox 670 992 778 1052; x_wconf 87' lang='lat' dir='ltr'>exierit</span> <span class='ocrx_word' id='word_1_87' title='bbox 791 1026 843 1066; x_wconf 60' lang='grc'>-,,</span> <span class='ocrx_word' id='word_1_88' title='bbox 858 996 1003 1067; x_wconf 85' lang='lat' dir='ltr'>sedtum,</span> <span class='ocrx_word' id='word_1_89' title='bbox 1022 1009 1084 1068; x_wconf 89' lang='lat' dir='ltr'>quun</span> 
     </span>
     <span class='ocr_line' id='line_1_11' title="bbox 82 1075 1084 1152; baseline -0.006 -12"><span class='ocrx_word' id='word_1_90' title='bbox 82 1082 167 1141; x_wconf 92' lang='lat' dir='ltr'>illum</span> <span class='ocrx_word' id='word_1_91' title='bbox 176 1077 369 1141; x_wconf 88' lang='lat' dir='ltr'>exterminari</span> <span class='ocrx_word' id='word_1_92' title='bbox 380 1078 530 1150; x_wconf 86' lang='lat' dir='ltr'>volebam,</span> <span class='ocrx_word' id='word_1_93' title='bbox 543 1082 595 1136; x_wconf 84' lang='lat' dir='ltr'>aut</span> <span class='ocrx_word' id='word_1_94' title='bbox 601 1076 749 1152; x_wconf 87' lang='lat' dir='ltr'>reliquam</span> <span class='ocrx_word' id='word_1_95' title='bbox 757 1075 986 1136; x_wconf 89' lang='lat' dir='ltr'>coniuratorum</span> <span class='ocrx_word' id='word_1_96' title='bbox 994 1091 1084 1137; x_wconf 85' lang='lat' dir='ltr'>manni</span> 
     </span>
     <span class='ocr_line' id='line_1_12' title="bbox 83 1158 1084 1234; baseline -0.006 -11"><span class='ocrx_word' id='word_1_97' title='bbox 83 1158 324 1223; x_wconf 72' lang='lat' dir='ltr'>simuleirituram</span> <span class='ocrx_word' id='word_1_98' title='bbox 335 1169 458 1229; x_wconf 90' lang='lat' dir='ltr'>auteos,</span> <span class='ocrx_word' id='word_1_99' title='bbox 473 1159 720 1234; x_wconf 87' lang='lat' dir='ltr'>quirestitissent,</span> <span class='ocrx_word' id='word_1_100' title='bbox 733 1159 948 1221; x_wconf 87' lang='lat' dir='ltr'>infirmossine</span> <span class='ocrx_word' id='word_1_101' title='bbox 959 1159 1084 1220; x_wconf 87' lang='lat' dir='ltr'>illoacde</span> 
     </span>
     <span class='ocr_line' id='line_1_13' title="bbox 81 1240 1084 1321; baseline -0.007 -16"><span class='ocrx_word' id='word_1_102' title='bbox 81 1245 159 1305; x_wconf 86' lang='lat' dir='ltr'>biles</span> <span class='ocrx_word' id='word_1_103' title='bbox 171 1246 236 1321; x_wconf 86' lang='lat' dir='ltr'>lore</span> <span class='ocrx_word' id='word_1_104' title='bbox 248 1244 400 1318; x_wconf 88' lang='lat' dir='ltr'>putabam.</span> <span class='ocrx_word' id='word_1_105' title='bbox 415 1240 445 1302; x_wconf 82' lang='lat'>4.</span> <span class='ocrx_word' id='word_1_106' title='bbox 453 1245 555 1316; x_wconf 89' lang='lat' dir='ltr'>Atque</span> <span class='ocrx_word' id='word_1_107' title='bbox 565 1258 633 1316; x_wconf 89' lang='lat' dir='ltr'>ego,</span> <span class='ocrx_word' id='word_1_108' title='bbox 645 1251 678 1303; x_wconf 95' lang='lat' dir='ltr'>ut</span> <span class='ocrx_word' id='word_1_109' title='bbox 690 1241 761 1313; x_wconf 91' lang='lat' dir='ltr'>vidi,</span> <span class='ocrx_word' id='word_1_110' title='bbox 774 1259 853 1316; x_wconf 93' lang='lat' dir='ltr'>quos</span> <span class='ocrx_word' id='word_1_111' title='bbox 866 1243 1001 1303; x_wconf 89' lang='lat' dir='ltr'>maximo</span> <span class='ocrx_word' id='word_1_112' title='bbox 1013 1243 1084 1302; x_wconf 82' lang='lat' dir='ltr'>lurort</span> 
     </span>
     <span class='ocr_line' id='line_1_14' title="bbox 42 1317 1082 1400; baseline -0.004 -14"><span class='ocrx_word' id='word_1_113' title='bbox 42 1317 44 1329; x_wconf 85' lang='lat'>&#39;</span> <span class='ocrx_word' id='word_1_114' title='bbox 82 1335 112 1386; x_wconf 91' lang='lat' dir='ltr'>et</span> <span class='ocrx_word' id='word_1_115' title='bbox 123 1328 238 1386; x_wconf 90' lang='lat' dir='ltr'>scelere</span> <span class='ocrx_word' id='word_1_116' title='bbox 245 1342 316 1385; x_wconf 92' lang='lat' dir='ltr'>esse</span> <span class='ocrx_word' id='word_1_117' title='bbox 324 1324 525 1384; x_wconf 85' lang='lat' dir='ltr'>inflammatos</span> <span class='ocrx_word' id='word_1_118' title='bbox 538 1324 681 1399; x_wconf 80' lang='lat' dir='ltr'>sciebam,</span> <span class='ocrx_word' id='word_1_119' title='bbox 695 1341 749 1385; x_wconf 93' lang='lat' dir='ltr'>eos</span> <span class='ocrx_word' id='word_1_120' title='bbox 757 1325 918 1400; x_wconf 85' lang='lat' dir='ltr'>nobiscum</span> <span class='ocrx_word' id='word_1_121' title='bbox 934 1342 1007 1386; x_wconf 89' lang='lat' dir='ltr'>esse</span> <span class='ocrx_word' id='word_1_122' title='bbox 1018 1325 1082 1385; x_wconf 84' lang='lat' dir='ltr'>etilo</span> 
     </span>
     <span class='ocr_line' id='line_1_15' title="bbox 82 1407 1084 1483; baseline 0.004 -15"><span class='ocrx_word' id='word_1_123' title='bbox 82 1425 150 1468; x_wconf 91' lang='lat' dir='ltr'>mae</span> <span class='ocrx_word' id='word_1_124' title='bbox 165 1409 364 1479; x_wconf 87' lang='lat' dir='ltr'>remansisse,</span> <span class='ocrx_word' id='word_1_125' title='bbox 380 1407 411 1482; x_wconf 82' lang='lat' dir='ltr'>in</span> <span class='ocrx_word' id='word_1_126' title='bbox 428 1424 465 1466; x_wconf 94' lang='lat' dir='ltr'>eo</span> <span class='ocrx_word' id='word_1_127' title='bbox 482 1422 588 1466; x_wconf 91' lang='lat' dir='ltr'>omnes</span> <span class='ocrx_word' id='word_1_128' title='bbox 604 1408 669 1467; x_wconf 91' lang='lat' dir='ltr'>dies</span> <span class='ocrx_word' id='word_1_129' title='bbox 684 1416 855 1483; x_wconf 90' lang='lat' dir='ltr'>noctesque</span> <span class='ocrx_word' id='word_1_130' title='bbox 872 1407 1084 1483; x_wconf 65' lang='lat' dir='ltr'>consumpsti</span> 
     </span>
     <span class='ocr_line' id='line_1_16' title="bbox 84 1488 1084 1567; baseline -0.003 -15"><span class='ocrx_word' id='word_1_131' title='bbox 84 1491 158 1567; x_wconf 94' lang='lat' dir='ltr'>quid</span> <span class='ocrx_word' id='word_1_132' title='bbox 170 1497 303 1566; x_wconf 82' lang='lat' dir='ltr'>agerent,</span> <span class='ocrx_word' id='word_1_133' title='bbox 317 1489 391 1565; x_wconf 82' lang='lat' dir='ltr'>q&#39;uid</span> <span class='ocrx_word' id='word_1_134' title='bbox 403 1488 586 1561; x_wconf 88' lang='lat' dir='ltr'>molirentur,</span> <span class='ocrx_word' id='word_1_135' title='bbox 603 1491 795 1552; x_wconf 90' lang='lat' dir='ltr'>sentiremac</span> <span class='ocrx_word' id='word_1_136' title='bbox 808 1490 961 1565; x_wconf 90' lang='lat' dir='ltr'>viderem,</span> <span class='ocrx_word' id='word_1_137' title='bbox 976 1501 1023 1565; x_wconf 90' lang='lat' dir='ltr'>ut,</span> <span class='ocrx_word' id='word_1_138' title='bbox 1036 1505 1084 1567; x_wconf 87' lang='lat' dir='ltr'>quo</span> 
     </span>
     <span class='ocr_line' id='line_1_17' title="bbox 82 1572 1084 1648; baseline -0.003 -13"><span class='ocrx_word' id='word_1_139' title='bbox 82 1575 162 1635; x_wconf 88' lang='lat' dir='ltr'>niam</span> <span class='ocrx_word' id='word_1_140' title='bbox 178 1573 302 1634; x_wconf 91' lang='lat' dir='ltr'>auribus</span> <span class='ocrx_word' id='word_1_141' title='bbox 314 1573 425 1647; x_wconf 86' lang='lat' dir='ltr'>vestris</span> <span class='ocrx_word' id='word_1_142' title='bbox 440 1581 564 1647; x_wconf 90' lang='lat' dir='ltr'>propter</span> <span class='ocrx_word' id='word_1_143' title='bbox 576 1572 783 1635; x_wconf 80' lang='lat' dir='ltr'>incredibilem</span> <span class='ocrx_word' id='word_1_144' title='bbox 797 1574 1084 1648; x_wconf 80' lang='lat' dir='ltr'>magnitudinemsce</span> 
     </span>
     <span class='ocr_line' id='line_1_18' title="bbox 83 1655 1084 1733; baseline -0.004 -17"><span class='ocrx_word' id='word_1_145' title='bbox 83 1658 154 1719; x_wconf 91' lang='lat' dir='ltr'>ieris</span> <span class='ocrx_word' id='word_1_146' title='bbox 166 1657 313 1717; x_wconf 83' lang='lat' dir='ltr'>minorem</span> <span class='ocrx_word' id='word_1_147' title='bbox 323 1656 415 1716; x_wconf 85' lang='lat' dir='ltr'>fidem</span> <span class='ocrx_word' id='word_1_148' title='bbox 427 1656 727 1726; x_wconf 86' lang='lat' dir='ltr'>taceretoratiomea‚</span> <span class='ocrx_word' id='word_1_149' title='bbox 740 1673 805 1716; x_wconf 94' lang='lat' dir='ltr'>rem</span> <span class='ocrx_word' id='word_1_150' title='bbox 820 1656 861 1717; x_wconf 91' lang='lat' dir='ltr'>ita</span> <span class='ocrx_word' id='word_1_151' title='bbox 873 1655 1084 1733; x_wconf 84' lang='lat' dir='ltr'>comprehende</span> 
     </span>
     <span class='ocr_line' id='line_1_19' title="bbox 54 1737 1084 1817; baseline -0.003 -17"><span class='ocrx_word' id='word_1_152' title='bbox 54 1804 60 1817; x_wconf 33' lang='lat'><strong>⁴</strong></span> <span class='ocrx_word' id='word_1_153' title='bbox 82 1758 155 1813; x_wconf 88' lang='lat' dir='ltr'>rem,</span> <span class='ocrx_word' id='word_1_154' title='bbox 172 1748 204 1801; x_wconf 90' lang='lat' dir='ltr'>ut</span> <span class='ocrx_word' id='word_1_155' title='bbox 215 1749 283 1801; x_wconf 63' lang='lat' dir='ltr'>tum*</span> <span class='ocrx_word' id='word_1_156' title='bbox 293 1737 536 1799; x_wconf 82' lang='lat' dir='ltr'>demum&#39;animis</span> <span class='ocrx_word' id='word_1_157' title='bbox 554 1739 644 1799; x_wconf 90' lang='lat' dir='ltr'>saluti</span> <span class='ocrx_word' id='word_1_158' title='bbox 658 1748 778 1800; x_wconf 90' lang='lat' dir='ltr'>vestrae</span> <span class='ocrx_word' id='word_1_159' title='bbox 790 1740 1006 1815; x_wconf 88' lang='lat' dir='ltr'>provideretis,</span> <span class='ocrx_word' id='word_1_160' title='bbox 1020 1752 1084 1814; x_wconf 88' lang='lat' dir='ltr'>quun</span> 
     </span>
     <span class='ocr_line' id='line_1_20' title="bbox 84 1821 1084 1899; baseline -0.004 -15"><span class='ocrx_word' id='word_1_161' title='bbox 84 1824 181 1885; x_wconf 90' lang='lat' dir='ltr'>oculis</span> <span class='ocrx_word' id='word_1_162' title='bbox 199 1823 379 1883; x_wconf 83' lang='lat' dir='ltr'>maleficium</span> <span class='ocrx_word' id='word_1_163' title='bbox 395 1821 495 1898; x_wconf 90' lang='lat' dir='ltr'>ipsum</span> <span class='ocrx_word' id='word_1_164' title='bbox 510 1821 663 1883; x_wconf 90' lang='lat' dir='ltr'>videretis.</span> <span class='ocrx_word' id='word_1_165' title='bbox 681 1824 787 1896; x_wconf 87' lang='lat' dir='ltr'>ltaque</span> <span class='ocrx_word' id='word_1_166' title='bbox 798 1832 831 1882; x_wconf 92' lang='lat' dir='ltr'>ut</span> <span class='ocrx_word' id='word_1_167' title='bbox 843 1824 981 1899; x_wconf 90' lang='lat' dir='ltr'>comperi</span> <span class='ocrx_word' id='word_1_168' title='bbox 996 1826 1084 1896; x_wconf 80' lang='lat' dir='ltr'>legata</span> 
     </span>
     <span class='ocr_line' id='line_1_21' title="bbox 82 1905 1084 1980; baseline -0.006 -13"><span class='ocrx_word' id='word_1_169' title='bbox 82 1908 281 1980; x_wconf 88' lang='lat' dir='ltr'>Allobrogum</span> <span class='ocrx_word' id='word_1_170' title='bbox 294 1907 364 1966; x_wconf 92' lang='lat' dir='ltr'>belli</span> <span class='ocrx_word' id='word_1_171' title='bbox 370 1905 561 1980; x_wconf 88' lang='lat' dir='ltr'>Transalpini</span> <span class='ocrx_word' id='word_1_172' title='bbox 570 1914 601 1965; x_wconf 91' lang='lat' dir='ltr'>et</span> <span class='ocrx_word' id='word_1_173' title='bbox 610 1908 754 1966; x_wconf 90' lang='lat' dir='ltr'>tumultus</span> <span class='ocrx_word' id='word_1_174' title='bbox 763 1905 869 1966; x_wconf 83' lang='lat' dir='ltr'>Gallici</span> <span class='ocrx_word' id='word_1_175' title='bbox 877 1906 1029 1967; x_wconf 86' lang='lat' dir='ltr'>excitandi</span> <span class='ocrx_word' id='word_1_176' title='bbox 1038 1919 1084 1964; x_wconf 85' lang='lat' dir='ltr'>cau</span> 
     </span>
     <span class='ocr_line' id='line_1_22' title="bbox 84 1983 1084 2063; baseline -0.007 -14"><span class='ocrx_word' id='word_1_177' title='bbox 84 2005 145 2049; x_wconf 90' lang='lat' dir='ltr'>saa</span> <span class='ocrx_word' id='word_1_178' title='bbox 155 1984 187 2047; x_wconf 84' lang='grc' dir='ltr'>Ρ.</span> <span class='ocrx_word' id='word_1_179' title='bbox 198 1989 324 2048; x_wconf 90' lang='lat' dir='ltr'>Lentulo</span> <span class='ocrx_word' id='word_1_180' title='bbox 341 2005 412 2049; x_wconf 89' lang='lat' dir='ltr'>esse</span> <span class='ocrx_word' id='word_1_181' title='bbox 420 1987 607 2061; x_wconf 88' lang='lat' dir='ltr'>sollicitatos,</span> <span class='ocrx_word' id='word_1_182' title='bbox 620 2004 737 2063; x_wconf 90' lang='lat' dir='ltr'>eosque</span> <span class='ocrx_word' id='word_1_183' title='bbox 749 1988 780 2047; x_wconf 94' lang='lat' dir='ltr'>in</span> <span class='ocrx_word' id='word_1_184' title='bbox 792 1988 921 2048; x_wconf 87' lang='lat' dir='ltr'>Galliam</span> <span class='ocrx_word' id='word_1_185' title='bbox 934 1991 973 2050; x_wconf 88' lang='lat' dir='ltr'>ad</span> <span class='ocrx_word' id='word_1_186' title='bbox 985 1983 1084 2050; x_wconf 84' lang='lat' dir='ltr'>suosci</span> 
     </span>
     <span class='ocr_line' id='line_1_23' title="bbox 83 2069 1084 2146; baseline -0.004 -17"><span class='ocrx_word' id='word_1_187' title='bbox 83 2087 139 2130; x_wconf 89' lang='lat' dir='ltr'>ves</span> <span class='ocrx_word' id='word_1_188' title='bbox 154 2069 324 2146; x_wconf 91' lang='lat' dir='ltr'>eodemque</span> <span class='ocrx_word' id='word_1_189' title='bbox 347 2069 453 2131; x_wconf 90' lang='lat' dir='ltr'>itinere</span> <span class='ocrx_word' id='word_1_190' title='bbox 474 2087 542 2130; x_wconf 91' lang='lat' dir='ltr'>cum</span> <span class='ocrx_word' id='word_1_191' title='bbox 555 2070 660 2131; x_wconf 87' lang='lat' dir='ltr'>litteris</span> <span class='ocrx_word' id='word_1_192' title='bbox 677 2071 894 2146; x_wconf 89' lang='lat' dir='ltr'>mandatisque</span> <span class='ocrx_word' id='word_1_193' title='bbox 905 2073 945 2132; x_wconf 92' lang='lat' dir='ltr'>ad</span> <span class='ocrx_word' id='word_1_194' title='bbox 957 2071 1084 2133; x_wconf 85' lang='lat' dir='ltr'>Catilium</span> 
     </span>
     <span class='ocr_line' id='line_1_24' title="bbox 84 2153 1084 2228; baseline 0 -15"><span class='ocrx_word' id='word_1_195' title='bbox 84 2169 155 2213; x_wconf 86' lang='lat' dir='ltr'>esse</span> <span class='ocrx_word' id='word_1_196' title='bbox 171 2153 297 2226; x_wconf 90' lang='lat' dir='ltr'>missos,</span> <span class='ocrx_word' id='word_1_197' title='bbox 316 2155 518 2228; x_wconf 88' lang='lat' dir='ltr'>comitemque</span> <span class='ocrx_word' id='word_1_198' title='bbox 533 2153 571 2214; x_wconf 90' lang='lat' dir='ltr'>iis</span> <span class='ocrx_word' id='word_1_199' title='bbox 586 2154 761 2214; x_wconf 91' lang='lat' dir='ltr'>adiunctum</span> <span class='ocrx_word' id='word_1_200' title='bbox 777 2170 848 2214; x_wconf 93' lang='lat' dir='ltr'>esse</span> <span class='ocrx_word' id='word_1_201' title='bbox 862 2154 895 2212; x_wconf 84' lang='lat' dir='ltr'>T</span> <span class='ocrx_word' id='word_1_202' title='bbox 913 2154 1084 2216; x_wconf 85' lang='lat' dir='ltr'>Vulturciunt</span> 
     </span>
     <span class='ocr_line' id='line_1_25' title="bbox 83 2228 1084 2310; baseline -0.005 -13"><span class='ocrx_word' id='word_1_203' title='bbox 83 2243 175 2310; x_wconf 90' lang='lat' dir='ltr'>atque</span> <span class='ocrx_word' id='word_1_204' title='bbox 196 2235 266 2297; x_wconf 89' lang='lat' dir='ltr'>huic</span> <span class='ocrx_word' id='word_1_205' title='bbox 281 2252 352 2296; x_wconf 89' lang='lat' dir='ltr'>esse</span> <span class='ocrx_word' id='word_1_206' title='bbox 368 2237 409 2295; x_wconf 90' lang='lat' dir='ltr'>ad</span> <span class='ocrx_word' id='word_1_207' title='bbox 422 2236 577 2296; x_wconf 87' lang='lat' dir='ltr'>Catilinam</span> <span class='ocrx_word' id='word_1_208' title='bbox 592 2238 679 2297; x_wconf 89' lang='lat' dir='ltr'>datas</span> <span class='ocrx_word' id='word_1_209' title='bbox 702 2236 832 2309; x_wconf 88' lang='lat' dir='ltr'>litteras,</span> <span class='ocrx_word' id='word_1_210' title='bbox 851 2239 1022 2299; x_wconf 78' lang='lat' dir='ltr'>facultatem</span> <span class='ocrx_word' id='word_1_211' title='bbox 1036 2228 1084 2294; x_wconf 84' lang='lat' dir='ltr'>mill</span> 
     </span>
     <span class='ocr_line' id='line_1_26' title="bbox 84 2316 1084 2397; baseline -0.003 -16"><span class='ocrx_word' id='word_1_212' title='bbox 84 2320 165 2383; x_wconf 90' lang='lat' dir='ltr'>oblat</span> <span class='ocrx_word' id='word_1_213' title='bbox 153 2328 214 2383; x_wconf 90' lang='lat' dir='ltr'>tam</span> <span class='ocrx_word' id='word_1_214' title='bbox 228 2319 397 2394; x_wconf 75' lang='lat' dir='ltr'>putarint,</span> <span class='ocrx_word' id='word_1_215' title='bbox 415 2321 498 2394; x_wconf 92' lang='lat' dir='ltr'>quod</span> <span class='ocrx_word' id='word_1_216' title='bbox 509 2328 573 2383; x_wconf 92' lang='lat' dir='ltr'>erat</span> <span class='ocrx_word' id='word_1_217' title='bbox 561 2316 790 2383; x_wconf 89' lang='lat' dir='ltr'>tdilficillimum</span> <span class='ocrx_word' id='word_1_218' title='bbox 803 2322 951 2396; x_wconf 90' lang='lat' dir='ltr'>quodque</span> <span class='ocrx_word' id='word_1_219' title='bbox 964 2338 1019 2397; x_wconf 89' lang='lat' dir='ltr'>ego</span> <span class='ocrx_word' id='word_1_220' title='bbox 1029 2331 1084 2379; x_wconf 82' lang='lat' dir='ltr'>serr</span> 
     </span>
     <span class='ocr_line' id='line_1_27' title="bbox 82 2394 1084 2478; baseline -0.003 -18"><span class='ocrx_word' id='word_1_221' title='bbox 82 2404 288 2478; x_wconf 89' lang='lat' dir='ltr'>peroptabam</span> <span class='ocrx_word' id='word_1_222' title='bbox 298 2403 337 2463; x_wconf 87' lang='lat' dir='ltr'>ab</span> <span class='ocrx_word' id='word_1_223' title='bbox 345 2402 393 2463; x_wconf 84' lang='lat' dir='ltr'>dis</span> <span class='ocrx_word' id='word_1_224' title='bbox 401 2402 629 2472; x_wconf 83' lang='lat' dir='ltr'>immortalibus</span> <span class='ocrx_word' id='word_1_225' title='bbox 642 2411 759 2463; x_wconf 90' lang='lat' dir='ltr'>totares</span> <span class='ocrx_word' id='word_1_226' title='bbox 771 2419 832 2462; x_wconf 93' lang='lat' dir='ltr'>non</span> <span class='ocrx_word' id='word_1_227' title='bbox 846 2405 947 2464; x_wconf 92' lang='lat' dir='ltr'>solnm</span> <span class='ocrx_word' id='word_1_228' title='bbox 958 2420 1038 2475; x_wconf 90' lang='lat' dir='ltr'>ame,</span> <span class='ocrx_word' id='word_1_229' title='bbox 1047 2394 1084 2459; x_wconf 85' lang='lat' dir='ltr'>sel</span> 
     </span>
    </p>
   </div>
   <div class='ocr_carea' id='block_1_3' title="bbox 2 2483 1083 2559">
    <p class='ocr_par' dir='ltr' id='par_1_4' title="bbox 2 2483 1083 2559">
     <span class='ocr_line' id='line_1_28' title="bbox 2 2483 1083 2559; baseline -0.003 -15"><span class='ocrx_word' id='word_1_230' title='bbox 2 2496 4 2501; x_wconf 73' lang='grc'>’</span> <span class='ocrx_word' id='word_1_231' title='bbox 85 2484 174 2545; x_wconf 91' lang='lat' dir='ltr'>etiam</span> <span class='ocrx_word' id='word_1_232' title='bbox 188 2503 207 2544; x_wconf 97' lang='lat' dir='ltr'>a</span> <span class='ocrx_word' id='word_1_233' title='bbox 222 2494 330 2547; x_wconf 91' lang='lat' dir='ltr'>senatu</span> <span class='ocrx_word' id='word_1_234' title='bbox 344 2494 374 2546; x_wconf 91' lang='lat' dir='ltr'>et</span> <span class='ocrx_word' id='word_1_235' title='bbox 389 2503 408 2544; x_wconf 83' lang='lat' dir='ltr'>a</span> <span class='ocrx_word' id='word_1_236' title='bbox 422 2486 510 2546; x_wconf 88' lang='lat' dir='ltr'>vobis</span> <span class='ocrx_word' id='word_1_237' title='bbox 522 2485 683 2546; x_wconf 81' lang='lat' dir='ltr'>manifesto</span> <span class='ocrx_word' id='word_1_238' title='bbox 698 2485 989 2559; x_wconf 87' lang='lat' dir='ltr'>deprehenderetur</span> <span class='ocrx_word' id='word_1_239' title='bbox 1009 2485 1034 2546; x_wconf 85' lang='lat'>5.</span> <span class='ocrx_word' id='word_1_240' title='bbox 1046 2483 1083 2543; x_wconf 80' lang='lat' dir='ltr'>lte</span> 
     </span>
    </p>
   </div>
   <div class='ocr_carea' id='block_1_4' title="bbox 25 2568 1081 3472">
    <p class='ocr_par' dir='ltr' id='par_1_5' title="bbox 25 2568 1081 3472">
     <span class='ocr_line' id='line_1_29' title="bbox 84 2568 1081 2665; baseline 0.004 -38"><span class='ocrx_word' id='word_1_241' title='bbox 84 2584 143 2640; x_wconf 90' lang='lat' dir='ltr'>que</span> <span class='ocrx_word' id='word_1_242' title='bbox 167 2568 310 2630; x_wconf 92' lang='lat' dir='ltr'>hesterno</span> <span class='ocrx_word' id='word_1_243' title='bbox 335 2568 384 2629; x_wconf 83' lang='lat' dir='ltr'>dre</span> <span class='ocrx_word' id='word_1_244' title='bbox 404 2568 438 2626; x_wconf 89' lang='lat' dir='ltr'>L</span> <span class='ocrx_word' id='word_1_245' title='bbox 458 2568 600 2628; x_wconf 85' lang='lat' dir='ltr'>Flaccum</span> <span class='ocrx_word' id='word_1_246' title='bbox 627 2577 657 2629; x_wconf 90' lang='lat' dir='ltr'>ct</span> <span class='ocrx_word' id='word_1_247' title='bbox 682 2568 712 2627; x_wconf 85' lang='lat' dir='ltr'>C.</span> <span class='ocrx_word' id='word_1_248' title='bbox 733 2569 927 2665; x_wconf 83' lang='lat' dir='ltr'>Pomptinum</span> <span class='ocrx_word' id='word_1_249' title='bbox 944 2578 1081 2645; x_wconf 69' lang='lat' dir='ltr'>praetonat</span> 
     </span>
     <span class='ocr_line' id='line_1_30' title="bbox 83 2649 1080 2726; baseline 0.001 -17"><span class='ocrx_word' id='word_1_250' title='bbox 83 2650 265 2712; x_wconf 76' lang='lat' dir='ltr'>fortissimos</span> <span class='ocrx_word' id='word_1_251' title='bbox 281 2660 373 2726; x_wconf 89' lang='lat' dir='ltr'>atque</span> <span class='ocrx_word' id='word_1_252' title='bbox 383 2651 609 2711; x_wconf 91' lang='lat' dir='ltr'>amantissimos</span> <span class='ocrx_word' id='word_1_253' title='bbox 625 2668 668 2711; x_wconf 87' lang='grc'>111</span> <span class='ocrx_word' id='word_1_254' title='bbox 661 2649 863 2726; x_wconf 86' lang='lat' dir='ltr'>&#39;&#39;publicae</span> <span class='ocrx_word' id='word_1_255' title='bbox 834 2670 930 2722; x_wconf 83' lang='lat' dir='ltr'>viros,</span> <span class='ocrx_word' id='word_1_256' title='bbox 946 2654 986 2714; x_wconf 90' lang='lat' dir='ltr'>ad</span> <span class='ocrx_word' id='word_1_257' title='bbox 997 2667 1038 2712; x_wconf 92' lang='lat' dir='ltr'>me</span> <span class='ocrx_word' id='word_1_258' title='bbox 1047 2661 1080 2704; x_wconf 82' lang='lat' dir='ltr'>vt</span> 
     </span>
     <span class='ocr_line' id='line_1_31' title="bbox 83 2723 1080 2813; baseline 0.002 -21"><span class='ocrx_word' id='word_1_259' title='bbox 83 2733 160 2806; x_wconf 90' lang='lat' dir='ltr'>cavi,</span> <span class='ocrx_word' id='word_1_260' title='bbox 175 2750 238 2793; x_wconf 91' lang='lat' dir='ltr'>rem</span> <span class='ocrx_word' id='word_1_261' title='bbox 253 2733 394 2809; x_wconf 83' lang='lat' dir='ltr'>exposui,</span> <span class='ocrx_word' id='word_1_262' title='bbox 409 2733 484 2808; x_wconf 90' lang='lat' dir='ltr'>quid</span> <span class='ocrx_word' id='word_1_263' title='bbox 497 2733 563 2793; x_wconf 87' lang='lat' dir='ltr'>fieri</span> <span class='ocrx_word' id='word_1_264' title='bbox 578 2735 715 2813; x_wconf 88' lang='lat' dir='ltr'>placeret</span> <span class='ocrx_word' id='word_1_265' title='bbox 724 2735 854 2794; x_wconf 81' lang='lat' dir='ltr'>ostendi</span> <span class='ocrx_word' id='word_1_266' title='bbox 877 2737 923 2796; x_wconf 93' lang='lat' dir='ltr'>llli</span> <span class='ocrx_word' id='word_1_267' title='bbox 935 2746 1035 2804; x_wconf 89' lang='lat' dir='ltr'>antem,</span> <span class='ocrx_word' id='word_1_268' title='bbox 1047 2723 1080 2802; x_wconf 73' lang='lat' dir='ltr'>nti</span> 
     </span>
     <span class='ocr_line' id='line_1_32' title="bbox 84 2811 1080 2912; baseline -0.005 -35"><span class='ocrx_word' id='word_1_269' title='bbox 84 2817 185 2877; x_wconf 90' lang='lat' dir='ltr'>omnia</span> <span class='ocrx_word' id='word_1_270' title='bbox 202 2817 288 2877; x_wconf 90' lang='lat' dir='ltr'>dere</span> <span class='ocrx_word' id='word_1_271' title='bbox 303 2818 426 2912; x_wconf 82' lang='lat' dir='ltr'>publica</span> <span class='ocrx_word' id='word_1_272' title='bbox 441 2818 598 2890; x_wconf 84' lang='lat' dir='ltr'>praeclara</span> <span class='ocrx_word' id='word_1_273' title='bbox 613 2825 706 2891; x_wconf 90' lang='lat' dir='ltr'>atque</span> <span class='ocrx_word' id='word_1_274' title='bbox 723 2816 846 2891; x_wconf 90' lang='lat' dir='ltr'>egregia</span> <span class='ocrx_word' id='word_1_275' title='bbox 861 2821 1019 2890; x_wconf 86' lang='lat' dir='ltr'>sentirent,</span> <span class='ocrx_word' id='word_1_276' title='bbox 1036 2811 1080 2874; x_wconf 83' lang='lat' dir='ltr'>stu</span> 
     </span>
     <span class='ocr_line' id='line_1_33' title="bbox 82 2899 1079 2976; baseline 0 -19"><span class='ocrx_word' id='word_1_277' title='bbox 82 2900 274 2961; x_wconf 80' lang='lat' dir='ltr'>recusatione</span> <span class='ocrx_word' id='word_1_278' title='bbox 284 2916 320 2960; x_wconf 90' lang='lat' dir='ltr'>ac</span> <span class='ocrx_word' id='word_1_279' title='bbox 333 2899 399 2959; x_wconf 88' lang='lat' dir='ltr'>sine</span> <span class='ocrx_word' id='word_1_280' title='bbox 411 2900 471 2959; x_wconf 89' lang='lat' dir='ltr'>ulla</span> <span class='ocrx_word' id='word_1_281' title='bbox 482 2916 567 2960; x_wconf 91' lang='lat' dir='ltr'>mora</span> <span class='ocrx_word' id='word_1_282' title='bbox 578 2915 739 2974; x_wconf 80' lang='lat' dir='ltr'>negocium</span> <span class='ocrx_word' id='word_1_283' title='bbox 747 2912 952 2976; x_wconf 90' lang='lat' dir='ltr'>susceperunt</span> <span class='ocrx_word' id='word_1_284' title='bbox 963 2912 1000 2973; x_wconf 90' lang='lat' dir='ltr'>et,</span> <span class='ocrx_word' id='word_1_285' title='bbox 1017 2906 1079 2974; x_wconf 81' lang='lat' dir='ltr'>quutl</span> 
     </span>
     <span class='ocr_line' id='line_1_34' title="bbox 82 2973 1079 3080; baseline -0.002 -39"><span class='ocrx_word' id='word_1_286' title='bbox 82 2983 370 3080; x_wconf 84' lang='lat' dir='ltr'>advesperasceret,</span> <span class='ocrx_word' id='word_1_287' title='bbox 399 2984 517 3042; x_wconf 88' lang='lat' dir='ltr'>occulte</span> <span class='ocrx_word' id='word_1_288' title='bbox 539 2973 579 3041; x_wconf 89' lang='lat' dir='ltr'>ad</span> <span class='ocrx_word' id='word_1_289' title='bbox 596 2991 720 3057; x_wconf 90' lang='lat' dir='ltr'>pontem</span> <span class='ocrx_word' id='word_1_290' title='bbox 738 2983 885 3043; x_wconf 88' lang='lat' dir='ltr'>Mulvium</span> <span class='ocrx_word' id='word_1_291' title='bbox 909 2980 1079 3069; x_wconf 78' lang='lat' dir='ltr'>pervenerunt</span> 
     </span>
     <span class='ocr_line' id='line_1_35' title="bbox 81 3063 1078 3159; baseline -0.001 -35"><span class='ocrx_word' id='word_1_292' title='bbox 81 3073 172 3158; x_wconf 80' lang='lat' dir='ltr'>atque</span> <span class='ocrx_word' id='word_1_293' title='bbox 189 3066 275 3126; x_wconf 89' lang='lat' dir='ltr'>ibim</span> <span class='ocrx_word' id='word_1_294' title='bbox 289 3063 438 3159; x_wconf 87' lang='lat' dir='ltr'>proximis</span> <span class='ocrx_word' id='word_1_295' title='bbox 452 3064 532 3124; x_wconf 92' lang='lat' dir='ltr'>villis</span> <span class='ocrx_word' id='word_1_296' title='bbox 555 3064 597 3125; x_wconf 91' lang='lat' dir='ltr'>ita</span> <span class='ocrx_word' id='word_1_297' title='bbox 616 3064 757 3139; x_wconf 87' lang='lat' dir='ltr'>bipertito</span> <span class='ocrx_word' id='word_1_298' title='bbox 780 3067 918 3135; x_wconf 84' lang='lat' dir='ltr'>luerunt,</span> <span class='ocrx_word' id='word_1_299' title='bbox 950 3077 984 3128; x_wconf 88' lang='lat' dir='ltr'>ut</span> <span class='ocrx_word' id='word_1_300' title='bbox 994 3065 1078 3125; x_wconf 70' lang='lat' dir='ltr'>Tibulli</span> 
     </span>
     <span class='ocr_line' id='line_1_36' title="bbox 82 3145 1077 3224; baseline 0.003 -21"><span class='ocrx_word' id='word_1_301' title='bbox 82 3146 226 3208; x_wconf 89' lang='lat' dir='ltr'>intereos</span> <span class='ocrx_word' id='word_1_302' title='bbox 242 3159 271 3209; x_wconf 94' lang='lat' dir='ltr'>et</span> <span class='ocrx_word' id='word_1_303' title='bbox 286 3165 366 3224; x_wconf 89' lang='lat' dir='ltr'>pons</span> <span class='ocrx_word' id='word_1_304' title='bbox 381 3146 550 3208; x_wconf 88' lang='lat' dir='ltr'>interesset</span> <span class='ocrx_word' id='word_1_305' title='bbox 571 3148 688 3208; x_wconf 84' lang='lat' dir='ltr'>Eodem</span> <span class='ocrx_word' id='word_1_306' title='bbox 700 3157 799 3207; x_wconf 87' lang='lat' dir='ltr'>autem</span> <span class='ocrx_word' id='word_1_307' title='bbox 811 3158 839 3208; x_wconf 90' lang='lat' dir='ltr'>et</span> <span class='ocrx_word' id='word_1_308' title='bbox 855 3149 916 3223; x_wconf 93' lang='lat' dir='ltr'>ipsi</span> <span class='ocrx_word' id='word_1_309' title='bbox 932 3151 997 3211; x_wconf 90' lang='lat' dir='ltr'>sine</span> <span class='ocrx_word' id='word_1_310' title='bbox 1008 3145 1077 3208; x_wconf 64' lang='grc'>111111</span> 
     </span>
     <span class='ocr_line' id='line_1_37' title="bbox 84 3230 1078 3305; baseline 0.002 -20"><span class='ocrx_word' id='word_1_311' title='bbox 84 3243 173 3300; x_wconf 89' lang='lat' dir='ltr'>qnam</span> <span class='ocrx_word' id='word_1_312' title='bbox 193 3231 376 3305; x_wconf 91' lang='lat' dir='ltr'>suspicione</span> <span class='ocrx_word' id='word_1_313' title='bbox 390 3233 500 3292; x_wconf 91' lang='lat' dir='ltr'>multos</span> <span class='ocrx_word' id='word_1_314' title='bbox 524 3230 1078 3304; x_wconf 65' lang='grc'>111111111111111111111111,1111111</span> 
     </span>
     <span class='ocr_line' id='line_1_38' title="bbox 25 3310 1077 3409; baseline 0 -41"><span class='ocrx_word' id='word_1_315' title='bbox 25 3356 29 3368; x_wconf 85' lang='grc'>,</span> <span class='ocrx_word' id='word_1_316' title='bbox 83 3310 272 3384; x_wconf 81' lang='lat' dir='ltr'>praefectura</span> <span class='ocrx_word' id='word_1_317' title='bbox 287 3313 415 3374; x_wconf 88' lang='lat' dir='ltr'>Reatina</span> <span class='ocrx_word' id='word_1_318' title='bbox 432 3315 604 3409; x_wconf 88' lang='lat' dir='ltr'>complures</span> <span class='ocrx_word' id='word_1_319' title='bbox 628 3314 763 3374; x_wconf 91' lang='lat' dir='ltr'>delectos</span> <span class='ocrx_word' id='word_1_320' title='bbox 786 3315 1012 3387; x_wconf 87' lang='lat' dir='ltr'>adolescentes,</span> <span class='ocrx_word' id='word_1_321' title='bbox 1027 3321 1077 3400; x_wconf 70' lang='lat' dir='ltr'>quo·</span> 
     </span>
     <span class='ocr_line' id='line_1_39' title="bbox 82 3360 1080 3472; baseline 0 -22"><span class='ocrx_word' id='word_1_322' title='bbox 82 3407 148 3450; x_wconf 91' lang='lat' dir='ltr'>rum</span> <span class='ocrx_word' id='word_1_323' title='bbox 166 3406 260 3464; x_wconf 89' lang='lat' dir='ltr'>opera</span> <span class='ocrx_word' id='word_1_324' title='bbox 269 3405 337 3456; x_wconf 89' lang='lat' dir='ltr'>utor</span> <span class='ocrx_word' id='word_1_325' title='bbox 348 3396 499 3456; x_wconf 91' lang='lat' dir='ltr'>adsidue</span> <span class='ocrx_word' id='word_1_326' title='bbox 491 3412 577 3455; x_wconf 87' lang='grc'>111111</span> <span class='ocrx_word' id='word_1_327' title='bbox 570 3395 730 3469; x_wconf 85' lang='lat' dir='ltr'>publicae</span> <span class='ocrx_word' id='word_1_328' title='bbox 740 3396 906 3471; x_wconf 84' lang='lat' dir='ltr'>praesidio,</span> <span class='ocrx_word' id='word_1_329' title='bbox 919 3415 986 3459; x_wconf 88' lang='lat' dir='ltr'>curn</span> <span class='ocrx_word' id='word_1_330' title='bbox 999 3360 1080 3472; x_wconf 75' lang='lat' dir='ltr'>gratis</span> 
     </span>
    </p>
   </div>
   <div class='ocr_carea' id='block_1_5' title="bbox 0 0 1182 3854">
    <p class='ocr_par' dir='ltr' id='par_1_6' title="bbox 0 0 1182 3854">
     <span class='ocr_line' id='line_1_40' title="bbox 0 0 1182 3854; baseline 0 0"><span class='ocrx_word' id='word_1_331' title='bbox 0 0 1182 3854; x_wconf 95' lang='lat' dir='ltr'> </span> 
     </span>
    </p>
   </div>
  </div>
 </body>
</html>
