2356 3854
260 236 262 241 ,
349 150 764 244 cnp.as-ar.s.so-m.
839 232 908 268 „
1003 166 1112 257 ιδ’.

58 325 172 384 rdives
189 330 219 382 et
232 324 357 397 nobilis,
373 326 476 385 Lamia
491 326 625 387 nomine:
642 345 697 403 per
710 330 869 393 triennium
882 332 942 405 isti,
957 336 1047 408 plena

58 424 112 468 mo
140 408 284 478 telarum,
314 411 606 481 stragulam'vestem
630 413 773 487 confecit,
800 415 873 474 nihil
894 415 952 475 nisi
974 433 1045 478 eon-

58 490 125 585 ylio
141 489 286 549 tinctum:
309 492 442 562 Attalus,
459 492 549 551 homo
566 494 764 567 pecuniosus,
785 498 866 570 Neti,
888 497 971 576 Lyso
998 500 1045 560 Li-

58 572 140 645 saei,
166 571 314 631 Critolaus
335 577 466 641 Aetnae,
490 575 653 650 Syracusis
673 578 836 652 Aeschrio,
859 581 1045 655 Cleomenes,

58 671 195 714 leomnas
198 663 255 724 tus
276 655 379 715 Helori
399 656 599 716 Archonidas.
626 657 697 717 Dies
717 675 765 716 me
783 661 822 721 cit
824 662 871 721 ius
892 664 1043 738 deiecerit,

58 755 116 797 lam
137 737 269 797 nomina
301 739 372 810 Ipse
386 738 476 797 dabat
491 755 669 835 purpuram,
683 749 796 800 tantum
812 760 934 818 operam
949 749 1044 806 amici.

57 822 133 880 medo
169 820 232 879 lam
247 819 326 878 enim
341 837 400 887 non
417 819 488 880 libet
504 820 603 880 omnia
621 821 784 882 criminari·
801 827 888 899 quasi
903 828 960 886 hoc
974 831 1045 888 mihi

58 922 86 963 m
110 903 186 962 satis
208 902 246 962 sit
267 903 308 961 ad
331 901 442 960 crimen
463 903 641 963 habuisset
629 914 690 963 tam
710 907 783 966 mult
772 915 833 966 tum
856 910 937 982 quod
952 911 1044 984 daret,

58 985 162 1045 >luisse
176 987 337 1059 deportare
355 993 415 1043 tam
430 987 535 1057 multa,
554 986 611 1045 hoc
629 987 774 1062 denique,
798 992 880 1064 quod
897 992 1046 1065 concedit,
1113 1017 1117 1027 ¹

58 1068 189 1128 uicorum
216 1067 317 1141 operis
344 1078 416 1126 esse
439 1069 469 1125 in
494 1067 620 1128 huiusce
643 1071 725 1130 modi
751 1073 843 1132 rebus
865 1091 963 1133 usum.
995 1075 1045 1135 60.

58 1168 90 1209 un
105 1167 176 1210 vero
192 1151 289 1210 lectos
305 1159 425 1210 aeratos
441 1158 470 1220 et
484 1153 666 1211 candelabra
681 1157 776 1213 aenea
797 1173 867 1215 num
889 1156 936 1215 cui
958 1174 1045 1231 prae·

58 1250 75 1290 r
94 1234 180 1316 istum
202 1232 366 1309 Syracusis
395 1249 450 1307 per
474 1234 632 1294 triennium
653 1236 732 1297 lacta
757 1254 827 1298 esse
848 1238 1046 1300 existimatis?

58 1316 158 1377 mebat
196 1315 303 1375 Credo.
340 1315 402 1375 Sed
425 1324 538 1376 tantum
553 1334 609 1377 vos
630 1319 790 1392 certiores,
812 1323 944 1395 iudices,
967 1324 1044 1383 lacio

58 1398 125 1456 uid
116 1407 172 1459 rste
189 1399 220 1457 in
236 1397 393 1472 provincia
409 1410 531 1473 praetor
547 1401 654 1476 egerit,
677 1419 714 1462 ne
730 1404 778 1463 cui
795 1406 871 1464 lorte
888 1406 1044 1480 negligens

58 1481 147 1541 imium
167 1482 264 1542 luisse
289 1482 426 1541 videatur
451 1501 551 1569 neque
572 1500 606 1543 se
628 1485 716 1556 satiS,
746 1505 838 1590 quum
864 1496 1043 1562 potestatem
1087 1552 1096 1563 ‚¹

58 1565 174 1638 abuerit,
196 1564 376 1624 instruxisse
391 1574 420 1625 et
435 1583 570 1626 ornasse
1067 1588 1069 1593 ·

107 1647 226 1706 XXVll.
257 1647 355 1707 Venio
373 1665 453 1706 nunc
467 1666 528 1708 non
546 1649 605 1707 iam
627 1650 665 1707 ad
685 1651 810 1720 lurtum,
831 1666 893 1707 non
913 1652 953 1709 ad
973 1669 1043 1710 ava·
1069 1694 1073 1715 .

58 1729 134 1802 tiam,
158 1747 219 1801 non
233 1731 274 1788 ad
289 1730 497 1812 cupiditatem,
521 1732 577 1790 sed
599 1730 762 1790 eiusmodi
781 1730 912 1803 lacinus,
934 1733 964 1789 in
983 1751 1043 1806 quo
1082 1787 1085 1793 .

58 1813 125 1872 nnia
140 1815 255 1872 nefaria
271 1815 417 1872 contineri
432 1812 502 1871 mihi
519 1822 609 1886 atque
622 1813 724 1872 inesse
741 1812 916 1887 videantur,
933 1813 963 1871 in
983 1831 1043 1888 quo

58 1895 251 1956 limmortales
276 1896 397 1968 violati,
418 1894 599 1955 existimatio
621 1904 712 1970 atque
732 1895 894 1955 auctoritas
914 1896 1044 1957 nominis

58 1978 129 2052 npuli
145 1977 273 2039 Romani
288 1978 458 2049 imminuta,
476 1976 639 2051 hospitium
655 1979 817 2053 spoliatum
833 1995 868 2037 ac
884 1979 1042 2054 proditum,

58 2061 184 2122 oalienati
202 2063 317 2121 scelere
333 2061 420 2122 istius
436 2062 554 2122 anobis
570 2079 676 2122 omnes
690 2078 780 2137 reges
795 2061 970 2122 amicissimi
990 2080 1043 2122 na-

58 2159 199 2219 onesque,
216 2143 339 2223 quaein
357 2161 460 2204 eorum
475 2161 569 2219 regno
591 2161 626 2204 ac
641 2145 760 2205 dicione
783 2153 861 2206 sunt.
894 2145 944 2207 61.
969 2147 1044 2205 Nam

58 2241 112 2305 ges
127 2226 249 2302 Syriae,
265 2226 346 2301 regis
365 2228 507 2288 Antiochi
521 2229 599 2288 lilios
614 2245 743 2303 pueros,
755 2229 842 2291 scitis
860 2231 974 2288 Romae
989 2246 1043 2286 nu·
1097 2234 1099 2238 '

58 2323 83 2367 er
102 2309 213 2391 luissez
237 2309 289 2384 qui
309 2320 454 2370 venerant
475 2329 535 2370 non
555 2321 680 2386 propter
695 2311 802 2388 Syriae
814 2328 952 2385 regnum:
976 2327 1044 2370 nam

58 2392 141 2451 lsine
161 2392 368 2452 controversia
389 2394 576 2466 obtinebant,
597 2403 629 2453 ut
651 2412 669 2453 a
691 2403 775 2468 patre
794 2403 823 2453 et
843 2411 861 2452 a
880 2393 1043 2454 maioribus

58 2483 221 2550 coeperant:
237 2477 293 2535 sed
307 2492 433 2550 regnum
452 2476 584 2555 Aegypti
606 2479 645 2536 ad
667 2494 701 2537 se
722 2485 751 2536 et
771 2478 810 2535 ad
831 2476 960 2537 Selenen
981 2495 1042 2536 ma·
1067 2516 1069 2521 -

58 2573 101 2617 cm
126 2575 213 2621 suam
238 2558 389 2632 pertinere
418 2559 646 2620 arbitrabantur.
680 2560 718 2619 Ili
739 2558 798 2634 ipsi
821 2570 930 2634 postea
954 2578 1042 2636 quam

58 2641 212 2715 emporibus
228 2641 272 2700 rei
287 2642 427 2716 publicae
441 2643 559 2703 exclusi
573 2658 628 2716 per
643 2650 779 2703 senatum
794 2660 884 2718 agere
900 2662 978 2719 quae
991 2662 1042 2704 vo-

58 2731 140 2805 lerant
154 2741 214 2784 non
231 2733 401 2799 potuerunt,
416 2725 446 2784 in
459 2725 578 2803 Syriam
593 2726 623 2785 in
637 2742 763 2801 regnum
777 2727 905 2801 patrium
917 2727 1041 2802 proiecti

58 2816 102 2870 lnt.
133 2808 246 2867 Eorum
261 2808 351 2880 alter,
367 2807 419 2882 qui
431 2809 599 2871 Antiochus
613 2818 753 2882 vocatur,
771 2811 826 2870 iter
840 2827 895 2885 per
911 2809 1043 2868 Siciliam

59 2905 124 2955 cere
141 2889 245 2952 voluit.
280 2891 385 2964 ltaque
399 2891 457 2951 isto
473 2900 612 2967 praetore
628 2892 709 2952 venit
724 2892 903 2970 Syracusas.
922 2891 972 2950 62.
987 2890 1042 2948 llic

58 2988 137 3033 erres
153 2971 350 3033 hereditatem
365 2974 422 3032 sibi
437 2975 561 3035 venisse
575 2974 734 3035 arbitratus
750 2983 810 3046 cst,
834 2974 917 3049 quod
930 2973 960 3031 in
976 2971 1042 3031 eius

58 3071 148 3130 gnum
169 3073 205 3115 ac
231 3072 338 3116 manus
363 3065 487 3116 venerat
505 3057 546 3130 is,
565 3074 653 3132 quem
673 3057 731 3118 iste
748 3065 778 3116 et
797 3055 933 3116 audierat
951 3057 1043 3115 multa
1125 3102 1129 3107 .

60 3156 127 3198 cum
144 3141 300 3212 praeclara
313 3139 425 3199 habere
441 3146 470 3213 et
485 3139 704 3213 suspicabatur.
734 3138 823 3199 Mittit
842 3137 955 3197 homini
978 3155 1042 3198 mu-

58 3239 95 3281 ra
110 3221 185 3282 satis
200 3223 283 3297 large
297 3222 372 3282 haec
387 3222 426 3280 ad
441 3238 530 3280 usum
545 3222 756 3281 domesticum=
781 3219 854 3293 olei,
877 3219 938 3279 vini
959 3223 1043 3297 quod

58 3322 123 3365 sum
139 3312 198 3365 est:
223 3307 312 3365 etiam
329 3304 416 3365 tritici
435 3305 518 3378 quod
536 3304 609 3363 satis
631 3311 727 3373 esset,
750 3304 787 3363 de
809 3303 873 3363 suis
896 3305 1041 3366 decumis.

58 3388 138 3449 xinde
166 3387 274 3464 ipsum,
289 3405 390 3464 regem
418 3388 457 3446 ad
480 3403 605 3448 coenam
627 3385 760 3448 vocavit:
792 3397 919 3534 exgmat
942 3390 1041 3464 ample
1118 3408 1121 3413 ·

78 3482 136 3525 crc.
156 3484 247 3528 oanr.
