2356 3854
26 145 31 165 ‘
115 159 179 225 ato
357 160 431 220 rao
446 158 595 235 aarum
608 156 899 251 mannanhun.

115 297 356 373 libellum'inalus
368 311 461 384 potita
474 309 513 367 de
524 310 638 384 populo
649 295 848 371 subiecissete
860 309 945 382 quod
960 308 1044 383 epigr

115 395 147 455 in
163 408 233 454 eum
250 390 389 463 fecisset,
409 392 614 451 tantummodo
631 391 753 450 alternis
774 391 915 451 versibus
927 391 1044 464 ‚langiu

55 500 57 505 ·
103 474 217 538 statim
229 488 272 533 err
284 472 323 534 iis
336 473 444 544 rebus,
466 490 542 548 quas
554 483 626 533 tunc
639 473 803 544 vendebat,
826 473 917 534 iussit
934 470 965 532 ei
980 489 1044 548 prat

46 600 61 610 „
115 557 206 619 tribui
221 557 278 617 sub
292 572 330 616 ea
344 555 539 627 condicione,
565 573 604 615 ne
627 554 699 628 quid
714 563 823 629 postea
837 555 994 615 scriberet.
1027 557 1044 628 Q

116 640 271 717 dualitatem
286 637 357 697 mali
371 641 480 713 poetae
495 637 616 698 duxerit
629 638 731 710 aliquo
747 646 846 697 tamen
862 639 1000 712 praemio
1016 639 1044 697 di

116 722 206 788 huius
219 721 373 796 ingenium
385 730 414 780 et
425 720 564 780 virtutem
574 721 605 779 in
623 720 784 780 scribendo
802 730 832 780 et
845 719 969 794 copiam
980 735 1040 780 non

117 805 228 867 tissett.
253 804 304 864 26.
322 803 421 878 Quidl
443 803 510 876 aQ.
523 803 645 863 Metello
659 802 722 875 Pio,
743 801 979 862 familiarissimo
998 821 1044 863 sut

117 886 238 965 civitate
254 888 367 948 'multos
390 885 527 954 donavit,
549 901 650 958 neque
670 898 724 958 per
744 900 778 943 se
798 900 900 958 neque
924 901 982 958 per
1002 886 1044 946 Lu

116 969 361 1044 impetravisset?
377 967 428 1041 qui
444 967 622 1042 praesertim
639 983 738 1038 usque
754 983 791 1026 eo
809 968 848 1026 de
863 967 928 1028 suis
946 966 1041 1027 rebus

117 1048 257 1127 cuperet,
278 1060 311 1111 ut
334 1051 422 1111 etiarn
440 1051 598 1111 Cordubae
618 1048 696 1108 natis
716 1050 831 1122 poetis,
859 1049 975 1123 pingue
1003 1069 1044 1124 qu

119 1133 299 1195 sonantibus
322 1141 414 1206 atque
437 1133 644 1207 peregrinum,
668 1139 767 1190 tamen
789 1148 880 1191 aures
908 1132 984 1191 suas
1012 1133 1044 1190 dt

116 1218 166 1277 ΧΙ.
183 1217 289 1288 Neque
303 1215 383 1273 enirn
398 1223 445 1274 est
459 1216 518 1274 hoc
533 1214 796 1286 dissimulandum,
813 1215 896 1288 quod
912 1215 1044 1274 obseura

117 1305 232 1373 potest,
255 1297 312 1357 ead
332 1312 405 1370 prae
426 1296 514 1356 nobis
542 1297 713 1368 terendum,
738 1296 881 1356 trahimur
908 1313 1019 1357 omnes

119 1376 219 1440 laudis
240 1388 271 1439 et
284 1380 416 1453 optimus
433 1379 564 1453 quisque
580 1378 709 1438 maxime
729 1378 824 1452 gloria
846 1379 977 1440 ducitur.
1019 1378 1044 1454 lp

120 1461 295 1536 philosophi
310 1460 399 1522 etiam
409 1459 439 1519 in
455 1460 513 1519 illis
530 1461 648 1533 libellis,
665 1477 745 1535 quos
759 1461 797 1520 de
813 1463 1038 1521 contemnenda

119 1543 270 1616 scribunt,
285 1542 395 1603 nomen
411 1559 499 1602 suum
513 1533 695 1603 insc'ribunt:
714 1543 743 1601 in
758 1559 795 1602 eo
806 1544 889 1616 ipso,
906 1542 1014 1618 inquo
1028 1561 1044 1618 p

118 1627 268 1686 cationem
276 1625 710 1700 nobilitatemquedespiciunt,
723 1625 892 1700 praedicari
905 1627 945 1686 de
957 1643 993 1686 se
1005 1643 1040 1686 ac

118 1711 183 1769 nari
204 1711 316 1770 volunt.
360 1705 408 1771 27.
430 1708 572 1769 Decimus
595 1708 717 1784 quidem
737 1708 862 1778 Brutus,
887 1725 1027 1769 summus

118 1792 297 1866 imperator,
314 1791 416 1863 Accii,
433 1789 609 1863 amicissimi
626 1791 688 1863 sui,
705 1789 888 1850 carminibus
911 1795 1045 1866 templor

55 1919 64 1929 .
118 1883 381 1935 monumentorum
397 1875 497 1935 aditus
509 1872 666 1933 exornavit
680 1890 813 1934 suorum.
840 1874 902 1932 lam
918 1890 994 1933 vero
1013 1874 1043 1932 ill

120 1973 188 2016 curn
208 1957 325 2018 Aetolis
345 1955 442 2017 Ennio
465 1956 574 2016 comite
594 1955 731 2027 bellavit,
751 1954 892 2026 Fulvius,
917 1973 980 2016 non
1003 1957 1043 2016 du

118 2038 222 2097 Martis
237 2038 396 2098 manubias
410 2038 507 2099 Musis
522 2053 711 2098 consecrare.
741 2037 853 2110 Quare
872 2037 903 2096 in
919 2057 982 2112 qua
1003 2042 1044 2100 uri

120 2128 275 2196 penatores
291 2135 387 2194 prope
402 2120 506 2180 armati
518 2124 673 2195 poetarum
686 2137 795 2180 nomen
811 2128 840 2181 et
849 2121 1009 2182 Musarum
1024 2125 1043 2182 d

87 2196 91 2207 ‘
120 2203 291 2274 coluerunt,
310 2203 339 2269 in
350 2219 387 2262 ea
401 2219 461 2262 non
473 2203 585 2263 debent
595 2202 688 2276 togati
702 2203 819 2266 iudices
830 2220 848 2262 a
861 2203 1044 2266 Musaruml

119 2294 150 2355 et
163 2303 182 2345 a
197 2288 353 2360 poetamm
369 2287 465 2346 salute
480 2285 653 2345 abhorrere.

202 2366 252 2447 28.
267 2371 368 2443 Atque
379 2374 413 2428 ut
422 2366 454 2427 id
468 2367 607 2428 libentius
622 2367 755 2440 faciatis,
768 2368 827 2428 iarn
838 2386 886 2429 me
898 2370 1008 2443 vobis,
1023 2371 1044 2431 it

120 2450 259 2511 indicabo
271 2453 349 2511 etde
361 2466 428 2510 meo
442 2451 574 2525 quodam
585 2468 688 2512 amore
700 2451 814 2526 gloriae
826 2452 915 2512 nimis
928 2455 995 2514 acri
1010 2456 1044 2515 lor

119 2548 225 2599 verum
240 2541 338 2592 tamen
354 2534 482 2594 honesto
500 2534 588 2594 vobis
604 2535 786 2604 confitebor.
822 2535 897 2594 Nam
919 2554 1001 2610 quas
1021 2554 1044 2596 rt

120 2615 151 2674 in
166 2616 325 2676 consulatu
342 2624 447 2675 nostro
466 2617 623 2676 vobiscum
645 2616 732 2677 simul
753 2634 808 2690 pro
832 2620 932 2678 salute
954 2619 1044 2680 huius

120 2705 212 2771 atquc
225 2695 342 2772 imperii
358 2704 388 2757 et
405 2714 460 2771 pro
476 2697 538 2759 vita
556 2698 666 2759 civium
682 2715 800 2774 proque
815 2700 963 2760 universa
978 2720 1013 2763 re
1029 2720 1044 2777 p

119 2779 282 2854 gessimus,
295 2779 390 2854 attigit
399 2780 449 2840 hic
459 2781 601 2841 versibus
615 2791 706 2856 atque
716 2782 884 2843 inchoavit:
901 2784 1044 2858 quibusa

122 2864 204 2938 quod
219 2861 291 2922 mihi
306 2879 413 2938 magna
426 2880 476 2925 res
492 2875 521 2923 et
536 2863 668 2924 iucunda
681 2863 748 2924 visa
763 2871 824 2938 est,
838 2866 920 2926 bunc
936 2869 978 2926 ad
992 2885 1044 2943 per

121 2947 193 3006 dum
204 2946 357 3007 adornavi.
388 2947 505 3005 Nullam·
518 2946 597 3004 enirn
612 2945 706 3007 virtus
721 2946 810 3006 aliam
821 2950 996 3008 mercedem
1013 2951 1044 3010 lai

121 3029 386 3104 periculorumque
410 3028 563 3089 desiderat
588 3038 707 3103 praeter
731 3030 810 3089 hanc
837 3031 937 3091 laudis
961 3042 994 3092 et
1020 3035 1044 3106 gl

123 3127 182 3183 qua
207 3111 329 3187 quidem
351 3113 499 3181 detracta,
519 3109 652 3182 iudices,
676 3111 748 3186 quid
772 3122 819 3172 est
847 3115 930 3188 quod
953 3113 987 3174 in
1010 3116 1044 3175 ht

123 3191 232 3266 exiguo
254 3196 331 3254 vitae
351 3193 499 3254 curriculo
520 3203 550 3254 et
568 3202 629 3254 tam
644 3195 729 3255 brevi
750 3195 841 3257 tantis
862 3213 919 3256 nos
942 3196 975 3256 in
994 3198 1041 3256 lab

120 3284 339 3337 exerceamus?
370 3275 421 3337 29.
442 3276 528 3338 Certe
548 3276 575 3343 si
590 3277 663 3337 nihil
684 3278 803 3339 animus
822 3280 1026 3353 praesentiret
