2356 3854
119 161 184 226 llo
267 164 305 223 IN
317 162 358 220 Μ.
373 159 573 220 ANTONIUM
589 155 730 240 onxrlo
743 157 966 217 PHILIPPICA
978 160 1015 218 II.

121 312 258 374 reituae
279 326 372 371 causa
395 309 533 381 venisse,
554 309 701 382 populum
724 305 816 366 etiam
834 305 980 367 dicacem
1004 307 1034 366 in
1048 310 1132 368 tered-

122 393 234 455 didisti.
279 393 338 452 Sed
355 392 443 451 nimis
458 393 550 451 multa
565 393 604 450 de
626 391 730 463 nugis=
751 389 791 448 ad
809 389 934 449 maiora
950 391 1107 452 veniamus

184 476 302 535 XXXII.
324 476 355 535 c.
372 475 495 534 Caesari
508 490 548 533 ex
562 471 710 547 Hispania
729 471 875 532 redeunti
890 474 933 533 ob
950 474 1034 533 viam
1047 473 1135 549 longis·

123 557 198 618 sime
219 557 408 632 processisti.
452 556 593 617 Celeriter
607 555 666 628 isti,
678 554 793 625 redisti,
811 563 846 615 ut
862 565 1071 631 cognosceret
1083 558 1138 617 tesi

121 641 220 699 minus
236 642 351 711 sortem,
368 648 398 700 at
412 648 510 700 tamen
524 647 688 700 strenuum.
706 637 817 697 Factus
833 653 872 697 es
889 640 919 698 ei
935 657 1047 701 rursus
1056 640 1138 700 nescir

123 740 184 796 quo
205 725 296 782 modo
319 721 482 782 familiaris.
530 721 668 781 Habebat
688 719 745 779 lton
766 719 895 780 omnino
921 723 1053 784 Caesare
1070 738 1139 796 quen

121 807 213 879 plane
230 805 379 881 perditum
395 820 467 863 aere
480 805 581 865 alieno
595 812 807 878 egentemque,
824 803 853 862 si
869 807 1023 866 eumdem
1034 821 1139 879 nequam

121 887 274 948 hominem
286 890 496 961 audacemque
507 893 661 961 cognorat,
677 886 756 945 hunc
767 884 798 943 in
814 886 1059 950 familiaritatem
1068 888 1138 947 liben-

124 970 240 1030 tissime
259 969 432 1044 recipiebat.
477 967 526 1032 79.
546 966 602 1029 His
616 968 706 1043 igitur
721 968 815 1027 rebus
829 971 1004 1042 praeclare
1014 986 1138 1032 commen·

122 1053 221 1124 datus,
238 1053 341 1112 iussus
357 1068 391 1112 cs
407 1049 579 1112 renunciari
590 1051 697 1111 consul
710 1058 742 1110 et
755 1049 883 1123 quidem
899 1069 976 1113 cum
994 1057 1071 1130 ipso.
1101 1051 1138 1110 lli-

120 1135 164 1194 hil
179 1151 291 1210 queror
308 1136 346 1194 de
360 1136 525 1205 Dolabella,
538 1132 590 1209 qui
603 1140 666 1193 tum
683 1141 730 1193 est
743 1133 908 1206 impulsus,
930 1137 1137 1209 inductusslu·

122 1234 186 1278 sus.
230 1217 295 1290 Qua
314 1219 344 1274 in
366 1233 400 1275 re
419 1224 530 1290 quanta
553 1215 642 1276 luerit
657 1223 791 1293 uterque
812 1226 958 1278 vestrum
984 1218 1101 1296 perfidia
1114 1218 1137 1275 in

121 1300 307 1358 Dolabellam
323 1298 391 1374 quIs
408 1301 546 1373 ignorat?
560 1297 610 1357 ille
625 1297 742 1358 induxit
755 1306 789 1357 ut
802 1307 945 1381 peteret:
970 1303 1023 1362 ille
1036 1299 1137 1376 pronis

122 1397 189 1441 sum
204 1389 234 1440 et
245 1388 401 1454 receptum
416 1381 583 1442 intervertit
600 1381 639 1439 ad
656 1396 751 1454 seque
761 1382 937 1443 transtulit:
963 1394 997 1445 tu
1014 1385 1077 1444 cius
1089 1398 1137 1457 per

121 1463 214 1522 lidiae
233 1464 419 1522 voluntatem
439 1472 521 1521 tuam
545 1462 723 1536 ascripsisti
759 1463 912 1532 ¹Veniunt
934 1466 1092 1526 Kalendae
1107 1466 1138 1522 le

122 1543 262 1603 naariae:
285 1544 421 1618 cogimur
441 1544 471 1604 in
486 1554 638 1618 senatum,
658 1545 796 1605 invectus
816 1555 868 1607 est
882 1548 1052 1622 copiosius
1068 1548 1137 1607 mullo

49 1680 53 1687 .
120 1626 152 1686 in
167 1627 258 1687 istum
273 1635 303 1687 et
318 1628 451 1700 paratius
464 1628 620 1688 Dolabella
636 1643 725 1702 quam
743 1644 823 1686 nunc
843 1645 917 1704 ego.
966 1629 1019 1692 80.
1037 1632 1090 1690 Hic
1102 1646 1137 1689 an·

121 1718 180 1770 tem
199 1710 293 1769 iratus
316 1724 394 1784 quae
409 1709 499 1783 dixit,
519 1711 550 1769 di
565 1709 652 1770 bonit
674 1710 803 1770 Primum
815 1728 913 1784 quum
931 1714 1137 1774 caesarosten

122 1792 219 1853 disset
233 1808 283 1863 se,
299 1791 384 1866 prius
401 1809 490 1867 quam
506 1792 763 1867 proficisceretur,
784 1794 983 1855 Dolabellam
1004 1797 1137 1857 consular

123 1891 194 1935 esse
209 1876 380 1937 iussurum=
403 1890 492 1949 quem
514 1884 624 1948 negant
643 1890 761 1949 regem,
783 1875 836 1950 qui
856 1884 887 1936 et
902 1878 1028 1940 laceret
1041 1891 1137 1952 semper

123 1957 190 2017 eius
212 1958 295 2017 modi
317 1958 432 2032 allqtdd
451 1965 482 2017 et
495 1957 622 2030 diceret,
644 1959 700 2016 sed
720 1960 813 2032 quum
830 1958 951 2020 Caesar
965 1962 1009 2022 ita
1023 1961 1136 2027 dixisse,

120 2046 182 2097 tum
200 2039 249 2098 hic
263 2041 362 2100 bonus
380 2056 476 2114 augur
490 2056 526 2100 eo
544 2057 578 2100 se
593 2040 763 2100 sacerdotIo
786 2043 963 2114 praeditum
986 2061 1060 2104 esse
1075 2041 1135 2109 dixit

121 2129 155 2181 ut
169 2121 288 2182 comitIa
305 2122 451 2198 auspiciis
464 2124 511 2180 vel
527 2123 677 2201 impedIre
689 2125 736 2182 vel
752 2122 859 2182 vitiare
877 2135 1006 2199 posset,
1024 2127 1135 2200 idquese

122 2205 273 2264 iacturum
304 2221 375 2265 esse
402 2205 602 2264 adseveravit.
652 2205 685 2263 In
708 2221 768 2279 quo
789 2204 923 2278 primum
947 2208 1134 2268 incredibilem

123 2287 328 2360 stupiditaiem
355 2287 485 2349 hominm
511 2288 695 2361 cognoscite.
742 2285 793 2347 et.
821 2287 902 2361 Quid
935 2291 1044 2351 enimt
1067 2288 1133 2356 istud,

121 2371 204 2442 quod
219 2378 249 2431 te
264 2370 426 2431 sacerdotii
442 2369 509 2430 iure
524 2372 624 2429 lacere
638 2385 732 2444 posse
746 2369 857 2443 dixisti,
874 2371 904 2430 si
919 2370 1025 2448 augur
1038 2386 1134 2433 nones

122 2465 174 2509 ses
195 2460 225 2511 et
239 2455 348 2512 consul
364 2469 468 2526 esses,
489 2452 588 2512 miuus
605 2453 706 2512 lacere
722 2452 901 2527 potuissesr
916 2457 1003 2517 Vide
1014 2474 1053 2516 ne
1067 2453 1134 2515 etan

122 2531 249 2592 facilius.
304 2535 368 2595 Nos
389 2534 467 2595 enim
489 2534 712 2594 nunciationem
736 2537 834 2595 solum
855 2534 1030 2600 habemus:
1048 2550 1134 2598 consu

119 2614 166 2673 les
182 2622 212 2673 et
227 2615 335 2690 reliqui
350 2617 543 2690 magistratus
559 2616 647 2677 etiam
673 2618 870 2692 spectionem.
916 2620 1014 2682 Estoa
1031 2621 1087 2682 boc
1098 2619 1135 2676 in

122 2696 235 2770 perite:
251 2712 308 2756 nec
324 2697 403 2756 enim
420 2707 466 2757 est
480 2699 518 2758 ab
535 2699 656 2759 homine
672 2716 834 2774 numquam
846 2700 957 2762 sobrio
970 2699 1135 2778 postulanda

120 2778 298 2854 prudentia,
318 2781 375 2839 sed
394 2780 495 2841 videte
518 2781 743 2855 impudentiam.
785 2782 889 2841 Multis
908 2794 984 2846 ante
999 2785 1134 2846 mensibus

121 2861 151 2921 in
176 2871 285 2923 senatu
305 2863 381 2923 dixit
404 2878 439 2923 se
457 2864 631 2924 Dolabellae
651 2864 773 2925 comitia
791 2872 843 2923 aut
860 2867 1134 2938 prohibiturumar

122 2943 227 3019 spiclis
248 2946 344 3007 antid
362 2948 605 3018 lactnrumcsse,
628 2948 713 3021 quod
727 2947 806 3007 lecit
849 2946 1067 3025 Quisquamne
1079 2947 1134 3009 din'·

118 3042 192 3087 nare
214 3030 408 3103 potcst‘quitl
428 3028 493 3089 vitii
514 3029 545 3089 in
570 3030 716 3104 auspiciIs
734 3032 865 3090 futurum
879 3030 939 3106 sit,
959 3034 1024 3094 nisi
1045 3030 1133 3110 quide

119 3111 204 3168 caelo
219 3127 344 3170 servare
362 3111 539 3173 constituit?
561 3114 643 3187 quod
666 3128 766 3186 neque
792 3111 862 3171 licet
883 3115 1023 3178 comitiis
1045 3113 1132 3192 pale

118 3202 183 3261 ges,
199 3200 237 3263 et,
255 3193 306 3267 qui
323 3195 465 3268 servavit,
481 3211 541 3254 non
553 3194 662 3266 habitis
675 3193 811 3267 contitiis,
827 3195 882 3253 sed
898 3198 989 3270 prius
1002 3215 1085 3274 qnam
1093 3194 1132 3252 ln·

118 3266 261 3346 beantur,
277 3276 369 3336 debet
383 3278 536 3336 nunciare.
580 3279 692 3337 Verum
710 3276 863 3350 implicata
874 3276 1045 3342 inscientia
1057 3284 1131 3351 impu·

119 3348 219 3410 denaia
242 3364 367 3442 estnec
387 3360 444 3418 scit
463 3361 546 3436 quod
562 3375 706 3434 augurem
726 3375 782 3417 nec
797 3358 869 3419 lacit
883 3364 972 3435 quod
990 3366 1132 3439 pudenter
