2356 3854
32 137 41 149 ”
90 185 131 250 rr
247 189 321 250 rao
344 155 427 250 sax.
448 188 586 250 roscio
607 137 781 249 11161116
804 187 957 248 oanuo.

92 340 173 412 idem
187 339 260 399 mihi
280 356 340 400 usu
361 339 443 399 vonit
457 339 493 398 in
508 355 601 399 causa
617 335 738 414 optima
765 339 819 399 1116
834 339 990 414 quomodo
1006 338 1046 399 cri

52 461 56 470 =
93 423 336 493 commenticium
358 422 550 482 confirmaret
564 439 624 482 non
643 421 832 494 ilnvcniebat=
859 438 919 497 ego
933 439 985 482 res
1000 430 1046 482 tan

91 522 148 565 ves
171 523 231 580 qua
253 506 370 566 ratione
392 506 540 564 infirmem
560 521 596 564 66
617 504 729 565 diluam
748 504 883 580 reperire
899 514 966 564 non·
979 522 1046 580 post

91 587 142 649 43.
156 588 232 662 Quid
247 589 307 659 ais,
322 588 434 647 Erucit
456 589 512 648 Tot
524 587 664 662 praedia,
680 597 740 648 tam
756 589 875 662 pulcra,
891 596 952 648 tam
963 589 1046 648 fruct*

81 671 163 731 ..Sem
171 671 303 731 Roscius
318 671 381 731 lilio
396 688 453 731 suo
466 670 660 745 relegationis
673 687 709 730 66
725 669 867 746 supplicii
878 670 975 745 gratia
991 673 1046 731 col

80 770 129 815 -66
149 755 262 815 tuenda
279 753 465 814 tradiderat?
496 753 573 826 Quid
587 752 668 812 11661
696 753 960 826 patresfamilias,
977 753 1029 828 qui

91 854 143 898 ros
160 838 287 911 habent,
310 836 489 912 praesertim
508 835 647 895 homines
666 835 747 895 illius
763 835 878 896 ordinis
892 853 932 896 ex
946 837 1046 896 munio

91 919 268 993 1631166113,
287 937 390 995 nonne
412 918 633 992 optatissimum
654 917 712 978 sibi
731 927 838 993 putant
860 934 930 978 esse
947 919 1046 979 tilios:

91 1003 137 1071 rai
159 1002 296 1063 familiari
318 1001 448 1061 maxime
471 1000 587 1061 servire
609 1000 683 1060 etin
699 1000 835 1076 praediis
850 1001 988 1061 colendis
1005 1019 1044 1076 op

24 1095 28 1105 ’
91 1086 252 1162 plurimum
277 1085 431 1158 studiique
455 1089 655 1144 consumeret
695 1081 746 1144 44.
768 1085 816 1143 An
838 1085 1046 1145 amandarat}

92 1170 152 1240 sic,
174 1177 208 1229 ut
223 1177 307 1228 esset
321 1169 350 1225 in
365 1183 438 1241 agro
454 1182 490 1226 ac
505 1173 619 1227 tantum
633 1168 725 1227 modo
740 1168 871 1226 aleretur
885 1169 925 1227 ad
940 1165 1041 1227 villam

92 1252 260 1310 commodis
286 1249 428 1310 omnibus
452 1255 589 1310 carerett
627 1249 726 1322 putor
754 1249 781 1309 si
806 1257 925 1310 constat
950 1250 1031 1310 hunc

92 1335 183 1393 modo
205 1333 342 1392 colendis
367 1333 501 1407 praediis
515 1332 704 1414 praesmissa,
726 1334 783 1393 sed
798 1332 888 1392 661113
913 1332 1046 1407 lundisp

34 1419 37 1423 ’
92 1416 162 1475 vivo
181 1416 238 1475 lrui
259 1416 379 1476 solitum
400 1422 493 1475 esset
519 1423 659 1476 tamenne
679 1410 888 1476 haec‘attenta
908 1415 1045 1486 Ι1116611

91 1515 169 1559 cana
184 1499 329 1572 relegatio
342 1507 434 1573 atque
454 1497 626 1563 emeritano
641 1492 863 1574 appellabitur?
890 1498 1003 1570 Vides,
1018 1499 1042 1557 lt

92 1590 236 1658 quantum
256 1580 347 1642 distet
359 1582 576 1656 argumentatio
594 1589 645 1642 tua
658 1583 696 1641 ab
710 1598 744 1641 re
759 1581 828 1656 ipsa
844 1590 936 1657 atque
951 1599 970 1641 a
983 1581 1046 1641 veri

92 1665 180 1738 Quod
203 1666 424 1725 consuetudine
449 1673 551 1740 patres
572 1664 698 1737 iaciunt,
717 1665 748 1724 id
770 1665 859 1738 quasi
879 1682 992 1724 novum
1015 1681 1046 1724 re

70 1748 216 1808 'hendisr
243 1749 326 1822 quod
345 1748 558 1809 benevolentia
577 1749 625 1820 111,
652 1748 684 1808 id
706 1747 777 1808 odio
799 1749 911 1807 lactum
932 1747 1046 1806 crimim

93 1833 176 1905 quod
192 1831 317 1892 honoris
333 1849 427 1892 causa
442 1842 528 1907 paler
539 1831 600 1891 lilio
619 1848 675 1892 suo
691 1830 859 1903 concessit,
872 1831 902 1890 id
917 1847 986 1890 eum
1002 1847 1046 1904 sut

1 1986 3 1989 ι
36 1908 38 1919 ’
91 1915 130 1973 611
148 1931 242 1974 causa
256 1913 368 1974 1661336
383 1915 469 1975 dicis.
489 1913 540 1976 452
554 1916 661 1989 Neque
673 1915 748 1974 haec
764 1922 795 1974 tu
809 1931 870 1974 non
887 1913 1045 1988 intelligia,

91 2013 191 2070 usque
211 2013 248 2056 6ο
272 1996 345 2071 quid
360 2014 470 2071 arguas
485 2014 547 2058 non
562 1997 672 2071 habea,
694 2005 728 2058 ut
749 2011 816 2057 non·
834 1999 924 2057 modo
941 1998 995 2057 tibi
1013 2014 1046 2056 co

91 2095 149 2138 nos
171 2078 333 2138 dicendum
350 2088 461 2154 'putea
492 2097 597 2141 verum
624 2081 714 2140 etiam
736 2088 960 2152 contrarerum
980 2089 1046 2154 natu

89 2169 258 2235 'contraque
289 2163 542 2223 consuetudinem
574 2163 729 2223 hominum
757 2160 924 2237 contraque
955 2162 1046 2239 opinit

91 2244 234 2306 omnium.
276 2245 355 2304 XVI.
373 2247 414 2306 At
430 2246 509 2305 enim
531 2263 624 2320 quum
643 2246 721 2304 duos
736 2243 817 2305 filios‘
834 2246 975 2319 haberet,
990 2247 1046 2305 alte

91 2344 158 2387 asc
173 2345 233 2388 non
252 2327 433 2399 dimittebat,
456 2330 581 2388 alterum
602 2327 664 2388 ruri
685 2344 756 2388 esse
774 2328 953 2403 patiebatur.
986 2329 1046 2402 Qua

92 2410 197 2483 Eruci,
218 2419 251 2470 ut
271 2412 330 2471 hoc
352 2410 383 2470 in
404 2412 515 2471 bonam
527 2418 644 2486 partem
657 2411 807 2488 accipias:
829 2429 891 2471 non
908 2411 987 2470 enim
1006 2429 1045 2471 ex

91 2493 200 2551 brandi
221 2509 328 2565 causa,
353 2495 410 2553 sed
431 2494 643 2554 commonendi
669 2495 765 2568 gratia
787 2495 895 2555 dicam.
934 2493 985 2555 46.
1010 2494 1043 2554 Si

90 2577 211 2635 fortuna
232 2593 292 2635 non
315 2576 398 2636 dedit
415 2578 454 2636 ut'
468 2585 554 2651 patro
570 2585 652 2638 cerlo
666 2593 843 2650 nascerere,
865 2594 904 2637 ex
926 2595 987 2652 quo
1011 2578 1046 2636 int

90 2673 162 2732 gere
182 2675 293 2731 posses
315 2660 366 2733 qui
387 2659 505 2719 animus
527 2660 642 2735 patrius
663 2660 694 2720 in
711 2661 824 2720 liberos
842 2668 939 2733 esset,
960 2668 991 2720 at
1011 2677 1046 2722 na

90 2748 172 2800 66116
187 2740 269 2817 dedit
290 2750 324 2800 ut
338 2742 613 2804 humanitatis-non
634 2760 740 2818 parum
761 2741 907 2803 haberes:
929 2759 966 2802 eo
984 2760 1046 2803 acet

90 2824 223 2884 studium
251 2823 423 2898 doctrinae,
452 2834 483 2886 ut
506 2843 545 2886 ne
570 2827 713 2886 alitteris
735 2826 1046 2901 quidem-aliendses

88 2907 208 2982 Ecquid
230 2907 350 2967 tandem
370 2908 424 2968 tibi
438 2910 569 2982 videtur,
593 2917 627 2970 ut
641 2910 680 2970 ad
694 2909 998 2982 laboraveramus,
1021 2925 1046 2969 st

88 2990 139 3050 ille
165 2990 354 3051 Caecilianus
378 2991 502 3052 minoris
528 2995 628 3054 166616
655 2992 825 3070 Eutychum
851 2992 945 3052 lilium
970 2992 1046 3052 rusti

91 3090 180 3146 quam
194 3073 276 3134 illum
297 3075 423 3135 alterum
438 3073 702 3136 Chaerestratumt
721 3092 855 3149 -nam,
869 3084 902 3136 ut
917 3075 1041 3150 opinor,

89 3155 211 3215 nomine
223 3165 270 3217 est
282 3181 339 3214 —a
356 3159 483 3218 alterum
497 3157 527 3217 in
543 3160 617 3218 urbe
632 3174 736 3220 secum
749 3158 875 3220 honoris
887 3175 982 3219 causa
994 3157 1046 3217 hal

88 3238 216 3296 alterum
235 3255 288 3299 rus
310 3241 453 3316 supplicii
473 3257 568 3301 causa
593 3244 771 3316 relegasset
802 3238 853 3303 47.
878 3241 955 3314 Quid
978 3242 1019 3300 ad
1040 3239 1046 3299 i

88 3317 218 3393 ineptias
233 3322 321 3381 ubist
340 3324 470 3398 inquies.
499 3324 592 3398 Quasi
608 3340 680 3384 vero
695 3324 767 3383 milri
781 3322 906 3391 difficile
921 3323 961 3385 sit
976 3340 1046 3399 quar

88 3403 199 3462 multos
220 3403 394 3466 nominatim
407 3408 563 3481 prolerre,
583 3413 622 3466 nc
635 3405 762 3482 longius
779 3407 902 3483 abeam,
924 3409 974 3468 vel
989 3406 1046 3467 trib
