<?xml version="1.0" encoding="UTF-8"?>
<!DOCTYPE html PUBLIC "-//W3C//DTD XHTML 1.0 Transitional//EN"
    "http://www.w3.org/TR/xhtml1/DTD/xhtml1-transitional.dtd">
<html xmlns="http://www.w3.org/1999/xhtml" xml:lang="en" lang="en">
 <head>
  <title>
</title>
<meta http-equiv="Content-Type" content="text/html;charset=utf-8" />
  <meta name='ocr-system' content='tesseract 3.04.00' />
  <meta name='ocr-capabilities' content='ocr_page ocr_carea ocr_par ocr_line ocrx_word'/>
</head>
<body>
  <div class='ocr_page' id='page_1' title='image "./mtulliiciceroni08cicegoog_0494.png"; bbox 0 0 2356 3854; ppageno 0'>
   <div class='ocr_carea' id='block_1_1' title="bbox 378 108 1067 256">
    <p class='ocr_par' dir='ltr' id='par_1_1' title="bbox 378 108 1067 256">
     <span class='ocr_line' id='line_1_1' title="bbox 378 108 1067 256; baseline 0.009 -43"><span class='ocrx_word' id='word_1_1' title='bbox 378 108 767 256; x_wconf 39' lang='lat' dir='ltr'>anastasia-19.</span> <span class='ocrx_word' id='word_1_2' title='bbox 1003 152 1067 219; x_wconf 80' lang='lat' dir='ltr'>tae</span> 
     </span>
    </p>
   </div>
   <div class='ocr_carea' id='block_1_2' title="bbox 10 301 1141 3470">
    <p class='ocr_par' dir='ltr' id='par_1_2' title="bbox 16 301 1141 1371">
     <span class='ocr_line' id='line_1_2' title="bbox 29 301 1141 382; baseline -0.003 -11"><span class='ocrx_word' id='word_1_3' title='bbox 29 316 173 382; x_wconf 87' lang='lat' dir='ltr'>tempore</span> <span class='ocrx_word' id='word_1_4' title='bbox 196 305 287 368; x_wconf 88' lang='lat' dir='ltr'>totius</span> <span class='ocrx_word' id='word_1_5' title='bbox 312 303 404 364; x_wconf 89' lang='lat' dir='ltr'>huius</span> <span class='ocrx_word' id='word_1_6' title='bbox 430 305 556 365; x_wconf 91' lang='lat' dir='ltr'>sceleris</span> <span class='ocrx_word' id='word_1_7' title='bbox 583 302 653 363; x_wconf 83' lang='lat' dir='ltr'>lons</span> <span class='ocrx_word' id='word_1_8' title='bbox 677 301 839 377; x_wconf 88' lang='lat' dir='ltr'>aperietur.</span> <span class='ocrx_word' id='word_1_9' title='bbox 891 301 941 365; x_wconf 87' lang='grc'>16.</span> <span class='ocrx_word' id='word_1_10' title='bbox 962 305 1069 381; x_wconf 86' lang='lat' dir='ltr'>ltaque</span> <span class='ocrx_word' id='word_1_11' title='bbox 1134 344 1141 353; x_wconf 78' lang='lat'>.</span> 
     </span>
     <span class='ocr_line' id='line_1_3' title="bbox 28 385 1068 465; baseline -0.003 -12"><span class='ocrx_word' id='word_1_12' title='bbox 28 393 64 453; x_wconf 91' lang='lat' dir='ltr'>P.</span> <span class='ocrx_word' id='word_1_13' title='bbox 84 389 274 465; x_wconf 84' lang='lat' dir='ltr'>Appuleius,</span> <span class='ocrx_word' id='word_1_14' title='bbox 302 385 577 463; x_wconf 85' lang='lat' dir='ltr'>tribunusplebis,</span> <span class='ocrx_word' id='word_1_15' title='bbox 600 400 735 446; x_wconf 90' lang='lat' dir='ltr'>meorum</span> <span class='ocrx_word' id='word_1_16' title='bbox 762 387 897 447; x_wconf 89' lang='lat' dir='ltr'>omnium</span> <span class='ocrx_word' id='word_1_17' title='bbox 925 389 1068 452; x_wconf 90' lang='lat' dir='ltr'>consilio·</span> 
     </span>
     <span class='ocr_line' id='line_1_4' title="bbox 28 469 1067 548; baseline -0.002 -12"><span class='ocrx_word' id='word_1_18' title='bbox 28 491 100 536; x_wconf 87' lang='lat' dir='ltr'>rum</span> <span class='ocrx_word' id='word_1_19' title='bbox 116 473 381 548; x_wconf 78' lang='lat' dir='ltr'>periculorumque</span> <span class='ocrx_word' id='word_1_20' title='bbox 398 473 457 531; x_wconf 91' lang='lat' dir='ltr'>iam</span> <span class='ocrx_word' id='word_1_21' title='bbox 473 470 579 531; x_wconf 89' lang='lat' dir='ltr'>iudea</span> <span class='ocrx_word' id='word_1_22' title='bbox 600 470 762 530; x_wconf 75' lang='lat' dir='ltr'>consulatu</span> <span class='ocrx_word' id='word_1_23' title='bbox 778 486 847 530; x_wconf 89' lang='lat' dir='ltr'>meo</span> <span class='ocrx_word' id='word_1_24' title='bbox 867 469 971 548; x_wconf 90' lang='lat' dir='ltr'>testis,</span> <span class='ocrx_word' id='word_1_25' title='bbox 996 489 1067 534; x_wconf 91' lang='lat' dir='ltr'>con-</span> 
     </span>
     <span class='ocr_line' id='line_1_5' title="bbox 29 552 1068 631; baseline 0 -12"><span class='ocrx_word' id='word_1_26' title='bbox 29 557 127 631; x_wconf 90' lang='lat' dir='ltr'>scius,</span> <span class='ocrx_word' id='word_1_27' title='bbox 143 555 279 628; x_wconf 88' lang='lat' dir='ltr'>adiutor,</span> <span class='ocrx_word' id='word_1_28' title='bbox 295 555 430 620; x_wconf 87' lang='lat' dir='ltr'>dolorem</span> <span class='ocrx_word' id='word_1_29' title='bbox 447 556 525 614; x_wconf 85' lang='lat' dir='ltr'>terre</span> <span class='ocrx_word' id='word_1_30' title='bbox 540 569 601 613; x_wconf 92' lang='lat' dir='ltr'>non</span> <span class='ocrx_word' id='word_1_31' title='bbox 619 552 716 628; x_wconf 90' lang='lat' dir='ltr'>potuit</span> <span class='ocrx_word' id='word_1_32' title='bbox 731 552 847 614; x_wconf 91' lang='lat' dir='ltr'>doloris</span> <span class='ocrx_word' id='word_1_33' title='bbox 863 555 936 614; x_wconf 79' lang='lat' dir='ltr'>mei:</span> <span class='ocrx_word' id='word_1_34' title='bbox 952 557 1068 620; x_wconf 88' lang='lat' dir='ltr'>cautio·</span> 
     </span>
     <span class='ocr_line' id='line_1_6' title="bbox 28 638 1069 734; baseline -0.001 -30"><span class='ocrx_word' id='word_1_35' title='bbox 28 657 103 703; x_wconf 89' lang='lat' dir='ltr'>nem</span> <span class='ocrx_word' id='word_1_36' title='bbox 126 639 232 699; x_wconf 79' lang='lat' dir='ltr'>habuit</span> <span class='ocrx_word' id='word_1_37' title='bbox 258 638 419 700; x_wconf 86' lang='lat' dir='ltr'>maximam</span> <span class='ocrx_word' id='word_1_38' title='bbox 447 639 560 734; x_wconf 86' lang='lat' dir='ltr'>populo</span> <span class='ocrx_word' id='word_1_39' title='bbox 582 638 721 698; x_wconf 75' lang='lat' dir='ltr'>Ronlano</span> <span class='ocrx_word' id='word_1_40' title='bbox 747 653 842 697; x_wconf 94' lang='lat' dir='ltr'>uuum</span> <span class='ocrx_word' id='word_1_41' title='bbox 867 647 959 712; x_wconf 89' lang='lat' dir='ltr'>atque</span> <span class='ocrx_word' id='word_1_42' title='bbox 987 641 1069 703; x_wconf 90' lang='lat' dir='ltr'>idem</span> 
     </span>
     <span class='ocr_line' id='line_1_7' title="bbox 28 721 1070 816; baseline 0 -30"><span class='ocrx_word' id='word_1_43' title='bbox 28 723 191 786; x_wconf 77' lang='lat' dir='ltr'><strong>sentiente.</strong></span> <span class='ocrx_word' id='word_1_44' title='bbox 234 723 268 784; x_wconf 93' lang='lat' dir='ltr'>In</span> <span class='ocrx_word' id='word_1_45' title='bbox 296 739 358 798; x_wconf 88' lang='lat' dir='ltr'>qua</span> <span class='ocrx_word' id='word_1_46' title='bbox 382 721 524 783; x_wconf 92' lang='lat' dir='ltr'>contione</span> <span class='ocrx_word' id='word_1_47' title='bbox 549 738 642 796; x_wconf 91' lang='lat' dir='ltr'>quum</span> <span class='ocrx_word' id='word_1_48' title='bbox 670 736 719 780; x_wconf 91' lang='lat' dir='ltr'>me</span> <span class='ocrx_word' id='word_1_49' title='bbox 744 736 799 816; x_wconf 83' lang='lat' dir='ltr'>pro</span> <span class='ocrx_word' id='word_1_50' title='bbox 825 737 943 781; x_wconf 88' lang='lat' dir='ltr'>summa</span> <span class='ocrx_word' id='word_1_51' title='bbox 964 732 1070 785; x_wconf 87' lang='lat' dir='ltr'>nostra</span> 
     </span>
     <span class='ocr_line' id='line_1_8' title="bbox 29 794 1068 879; baseline -0.002 -9"><span class='ocrx_word' id='word_1_52' title='bbox 29 794 248 870; x_wconf 77' lang='lat' dir='ltr'>coniunctione</span> <span class='ocrx_word' id='word_1_53' title='bbox 265 814 296 866; x_wconf 91' lang='lat' dir='ltr'>et</span> <span class='ocrx_word' id='word_1_54' title='bbox 310 804 509 865; x_wconf 78' lang='lat' dir='ltr'>familiaritate</span> <span class='ocrx_word' id='word_1_55' title='bbox 524 803 653 865; x_wconf 87' lang='lat' dir='ltr'>liberare</span> <span class='ocrx_word' id='word_1_56' title='bbox 665 803 843 879; x_wconf 81' lang='lat' dir='ltr'>suspicione</span> <span class='ocrx_word' id='word_1_57' title='bbox 861 805 990 864; x_wconf 82' lang='lat' dir='ltr'>fascium</span> <span class='ocrx_word' id='word_1_58' title='bbox 1003 811 1068 868; x_wconf 94' lang='lat' dir='ltr'>vel-</span> 
     </span>
     <span class='ocr_line' id='line_1_9' title="bbox 27 884 1068 966; baseline -0.004 -13"><span class='ocrx_word' id='word_1_59' title='bbox 27 895 88 966; x_wconf 88' lang='lat' dir='ltr'>let,</span> <span class='ocrx_word' id='word_1_60' title='bbox 110 907 172 950; x_wconf 91' lang='lat' dir='ltr'>una</span> <span class='ocrx_word' id='word_1_61' title='bbox 185 905 264 952; x_wconf 84' lang='lat' dir='ltr'>voce</span> <span class='ocrx_word' id='word_1_62' title='bbox 288 897 396 948; x_wconf 89' lang='lat' dir='ltr'>cuncta</span> <span class='ocrx_word' id='word_1_63' title='bbox 418 888 520 949; x_wconf 90' lang='lat' dir='ltr'>contio</span> <span class='ocrx_word' id='word_1_64' title='bbox 536 887 702 948; x_wconf 81' lang='lat' dir='ltr'>declaravit</span> <span class='ocrx_word' id='word_1_65' title='bbox 721 884 794 947; x_wconf 90' lang='lat' dir='ltr'>nihil</span> <span class='ocrx_word' id='word_1_66' title='bbox 809 903 879 948; x_wconf 89' lang='lat' dir='ltr'>esse</span> <span class='ocrx_word' id='word_1_67' title='bbox 900 904 920 946; x_wconf 90' lang='lat' dir='ltr'>a</span> <span class='ocrx_word' id='word_1_68' title='bbox 939 902 986 948; x_wconf 88' lang='lat' dir='ltr'>me</span> <span class='ocrx_word' id='word_1_69' title='bbox 1004 906 1068 949; x_wconf 92' lang='lat' dir='ltr'>um-</span> 
     </span>
     <span class='ocr_line' id='line_1_10' title="bbox 30 961 1105 1052; baseline -0.004 -16"><span class='ocrx_word' id='word_1_70' title='bbox 30 974 181 1052; x_wconf 88' lang='lat' dir='ltr'>quamde</span> <span class='ocrx_word' id='word_1_71' title='bbox 197 973 369 1048; x_wconf 88' lang='lat' dir='ltr'>republica</span> <span class='ocrx_word' id='word_1_72' title='bbox 387 971 446 1032; x_wconf 92' lang='lat' dir='ltr'>nisi</span> <span class='ocrx_word' id='word_1_73' title='bbox 462 972 575 1046; x_wconf 88' lang='lat' dir='ltr'>optime</span> <span class='ocrx_word' id='word_1_74' title='bbox 590 970 763 1045; x_wconf 82' lang='lat' dir='ltr'>cogitatum.</span> <span class='ocrx_word' id='word_1_75' title='bbox 806 971 878 1030; x_wconf 90' lang='lat' dir='ltr'>Post</span> <span class='ocrx_word' id='word_1_76' title='bbox 891 970 970 1031; x_wconf 89' lang='lat' dir='ltr'>hauc</span> <span class='ocrx_word' id='word_1_77' title='bbox 986 971 1068 1032; x_wconf 86' lang='lat' dir='ltr'>habi·</span> <span class='ocrx_word' id='word_1_78' title='bbox 1090 961 1105 977; x_wconf 83' lang='grc'>”</span> 
     </span>
     <span class='ocr_line' id='line_1_11' title="bbox 26 1053 1070 1128; baseline -0.004 -8"><span class='ocrx_word' id='word_1_79' title='bbox 26 1067 93 1121; x_wconf 88' lang='lat' dir='ltr'>tarn</span> <span class='ocrx_word' id='word_1_80' title='bbox 114 1056 288 1118; x_wconf 84' lang='lat' dir='ltr'>cautionem</span> <span class='ocrx_word' id='word_1_81' title='bbox 308 1056 427 1116; x_wconf 90' lang='lat' dir='ltr'>duabus</span> <span class='ocrx_word' id='word_1_82' title='bbox 451 1055 587 1115; x_wconf 82' lang='lat' dir='ltr'>tribusve</span> <span class='ocrx_word' id='word_1_83' title='bbox 604 1053 687 1114; x_wconf 88' lang='lat' dir='ltr'>boris</span> <span class='ocrx_word' id='word_1_84' title='bbox 711 1053 894 1128; x_wconf 85' lang='lat' dir='ltr'>optatissimi</span> <span class='ocrx_word' id='word_1_85' title='bbox 914 1054 1017 1115; x_wconf 90' lang='lat' dir='ltr'>nuncii</span> <span class='ocrx_word' id='word_1_86' title='bbox 1040 1064 1070 1117; x_wconf 90' lang='lat' dir='ltr'>et</span> 
     </span>
     <span class='ocr_line' id='line_1_12' title="bbox 26 1136 1070 1214; baseline -0.003 -12"><span class='ocrx_word' id='word_1_87' title='bbox 26 1144 149 1205; x_wconf 84' lang='lat' dir='ltr'>litterae</span> <span class='ocrx_word' id='word_1_88' title='bbox 172 1144 333 1199; x_wconf 89' lang='lat' dir='ltr'>venerunt=</span> <span class='ocrx_word' id='word_1_89' title='bbox 359 1148 392 1200; x_wconf 93' lang='lat' dir='ltr'>ut</span> <span class='ocrx_word' id='word_1_90' title='bbox 414 1138 495 1198; x_wconf 84' lang='lat' dir='ltr'>i&#39;dem</span> <span class='ocrx_word' id='word_1_91' title='bbox 519 1138 587 1198; x_wconf 91' lang='lat' dir='ltr'>dies</span> <span class='ocrx_word' id='word_1_92' title='bbox 610 1154 671 1197; x_wconf 92' lang='lat' dir='ltr'>uou</span> <span class='ocrx_word' id='word_1_93' title='bbox 695 1138 787 1197; x_wconf 92' lang='lat' dir='ltr'>modo</span> <span class='ocrx_word' id='word_1_94' title='bbox 809 1154 859 1198; x_wconf 89' lang='lat' dir='ltr'>me</span> <span class='ocrx_word' id='word_1_95' title='bbox 878 1136 1070 1214; x_wconf 86' lang='lat' dir='ltr'>iniquissima</span> 
     </span>
     <span class='ocr_line' id='line_1_13' title="bbox 25 1220 1068 1296; baseline -0.007 -9"><span class='ocrx_word' id='word_1_96' title='bbox 25 1222 148 1287; x_wconf 90' lang='lat' dir='ltr'>invidia</span> <span class='ocrx_word' id='word_1_97' title='bbox 163 1222 313 1295; x_wconf 82' lang='lat' dir='ltr'>liberarit,</span> <span class='ocrx_word' id='word_1_98' title='bbox 335 1222 496 1288; x_wconf 87' lang='lat' dir='ltr'>sedetiam</span> <span class='ocrx_word' id='word_1_99' title='bbox 518 1220 715 1282; x_wconf 88' lang='lat' dir='ltr'>celeberrima</span> <span class='ocrx_word' id='word_1_100' title='bbox 732 1223 836 1296; x_wconf 90' lang='lat' dir='ltr'>populi</span> <span class='ocrx_word' id='word_1_101' title='bbox 851 1223 981 1282; x_wconf 88' lang='lat' dir='ltr'>Romani</span> <span class='ocrx_word' id='word_1_102' title='bbox 1001 1238 1068 1296; x_wconf 82' lang='lat' dir='ltr'>gra-</span> 
     </span>
     <span class='ocr_line' id='line_1_14' title="bbox 16 1304 323 1371; baseline -0.023 0"><span class='ocrx_word' id='word_1_103' title='bbox 16 1308 178 1371; x_wconf 82' lang='lat' dir='ltr'>tulatione</span> <span class='ocrx_word' id='word_1_104' title='bbox 195 1304 323 1365; x_wconf 85' lang='lat' dir='ltr'>auxerit.</span> 
     </span>
    </p>

    <p class='ocr_par' dir='ltr' id='par_1_3' title="bbox 11 1384 1106 3214">
     <span class='ocr_line' id='line_1_15' title="bbox 97 1384 1068 1465; baseline 0 -15"><span class='ocrx_word' id='word_1_105' title='bbox 97 1384 146 1451; x_wconf 84' lang='grc'>17.</span> <span class='ocrx_word' id='word_1_106' title='bbox 169 1390 252 1449; x_wconf 87' lang='lat' dir='ltr'>Haec</span> <span class='ocrx_word' id='word_1_107' title='bbox 274 1387 458 1463; x_wconf 88' lang='lat' dir='ltr'>interposui,</span> <span class='ocrx_word' id='word_1_108' title='bbox 480 1396 582 1463; x_wconf 89' lang='lat' dir='ltr'>patres</span> <span class='ocrx_word' id='word_1_109' title='bbox 606 1388 786 1465; x_wconf 89' lang='lat' dir='ltr'>conscripti,</span> <span class='ocrx_word' id='word_1_110' title='bbox 810 1385 945 1450; x_wconf 85' lang='lat' dir='ltr'>nontam</span> <span class='ocrx_word' id='word_1_111' title='bbox 962 1397 994 1449; x_wconf 92' lang='lat' dir='ltr'>ut</span> <span class='ocrx_word' id='word_1_112' title='bbox 1013 1404 1068 1463; x_wconf 87' lang='lat' dir='ltr'>pro</span> 
     </span>
     <span class='ocr_line' id='line_1_16' title="bbox 11 1471 1099 1548; baseline 0.004 -19"><span class='ocrx_word' id='word_1_113' title='bbox 11 1490 81 1535; x_wconf 81' lang='lat' dir='ltr'>me</span> <span class='ocrx_word' id='word_1_114' title='bbox 97 1472 230 1533; x_wconf 89' lang='lat' dir='ltr'>dicerem</span> <span class='ocrx_word' id='word_1_115' title='bbox 246 1506 289 1517; x_wconf 96' lang='lat'>-</span> <span class='ocrx_word' id='word_1_116' title='bbox 302 1473 380 1532; x_wconf 89' lang='lat' dir='ltr'>male</span> <span class='ocrx_word' id='word_1_117' title='bbox 398 1473 476 1532; x_wconf 91' lang='lat' dir='ltr'>enim</span> <span class='ocrx_word' id='word_1_118' title='bbox 495 1488 614 1533; x_wconf 88' lang='lat' dir='ltr'>mecum</span> <span class='ocrx_word' id='word_1_119' title='bbox 629 1481 784 1547; x_wconf 81' lang='lat' dir='ltr'>ageretur,</span> <span class='ocrx_word' id='word_1_120' title='bbox 806 1473 832 1532; x_wconf 93' lang='lat' dir='ltr'>si</span> <span class='ocrx_word' id='word_1_121' title='bbox 851 1489 959 1548; x_wconf 92' lang='lat' dir='ltr'>parum</span> <span class='ocrx_word' id='word_1_122' title='bbox 978 1471 1067 1542; x_wconf 84' lang='lat' dir='ltr'>vobis</span> <span class='ocrx_word' id='word_1_123' title='bbox 1096 1510 1099 1515; x_wconf 90' lang='lat'><em>-</em></span> 
     </span>
     <span class='ocr_line' id='line_1_17' title="bbox 26 1555 1068 1631; baseline -0.003 -11"><span class='ocrx_word' id='word_1_124' title='bbox 26 1573 134 1620; x_wconf 89' lang='lat' dir='ltr'>essem</span> <span class='ocrx_word' id='word_1_125' title='bbox 150 1557 216 1616; x_wconf 89' lang='lat' dir='ltr'>sine</span> <span class='ocrx_word' id='word_1_126' title='bbox 228 1555 408 1616; x_wconf 81' lang='lat' dir='ltr'>defensione</span> <span class='ocrx_word' id='word_1_127' title='bbox 422 1565 569 1631; x_wconf 82' lang='lat' dir='ltr'>purgatus</span> <span class='ocrx_word' id='word_1_128' title='bbox 582 1589 639 1626; x_wconf 85' lang='lat'>-,</span> <span class='ocrx_word' id='word_1_129' title='bbox 657 1573 747 1630; x_wconf 91' lang='lat' dir='ltr'>quam</span> <span class='ocrx_word' id='word_1_130' title='bbox 762 1563 795 1616; x_wconf 92' lang='lat' dir='ltr'>ut</span> <span class='ocrx_word' id='word_1_131' title='bbox 810 1557 962 1629; x_wconf 89' lang='lat' dir='ltr'>quosdam</span> <span class='ocrx_word' id='word_1_132' title='bbox 978 1556 1068 1618; x_wconf 91' lang='lat' dir='ltr'>nimis</span> 
     </span>
     <span class='ocr_line' id='line_1_18' title="bbox 25 1639 1069 1713; baseline -0.004 -11"><span class='ocrx_word' id='word_1_133' title='bbox 25 1640 134 1702; x_wconf 87' lang='lat' dir='ltr'>ieiuno</span> <span class='ocrx_word' id='word_1_134' title='bbox 150 1639 251 1700; x_wconf 88' lang='lat' dir='ltr'>animo</span> <span class='ocrx_word' id='word_1_135' title='bbox 263 1648 294 1699; x_wconf 92' lang='lat' dir='ltr'>et</span> <span class='ocrx_word' id='word_1_136' title='bbox 304 1645 434 1713; x_wconf 84' lang='lat' dir='ltr'>angusto</span> <span class='ocrx_word' id='word_1_137' title='bbox 447 1655 613 1709; x_wconf 86' lang='lat' dir='ltr'>monerem,</span> <span class='ocrx_word' id='word_1_138' title='bbox 625 1640 656 1697; x_wconf 92' lang='lat' dir='ltr'>id</span> <span class='ocrx_word' id='word_1_139' title='bbox 669 1639 752 1712; x_wconf 91' lang='lat' dir='ltr'>quod</span> <span class='ocrx_word' id='word_1_140' title='bbox 763 1653 885 1712; x_wconf 90' lang='lat' dir='ltr'>semper</span> <span class='ocrx_word' id='word_1_141' title='bbox 896 1639 965 1713; x_wconf 89' lang='lat' dir='ltr'>ipse</span> <span class='ocrx_word' id='word_1_142' title='bbox 977 1640 1069 1698; x_wconf 89' lang='lat' dir='ltr'>iecis-</span> 
     </span>
     <span class='ocr_line' id='line_1_19' title="bbox 28 1719 1106 1796; baseline -0.005 -9"><span class='ocrx_word' id='word_1_143' title='bbox 28 1741 107 1796; x_wconf 85' lang='lat' dir='ltr'>sem,</span> <span class='ocrx_word' id='word_1_144' title='bbox 124 1724 167 1784; x_wconf 91' lang='lat' dir='ltr'>uti</span> <span class='ocrx_word' id='word_1_145' title='bbox 181 1721 395 1783; x_wconf 90' lang='lat' dir='ltr'>excellentium</span> <span class='ocrx_word' id='word_1_146' title='bbox 407 1721 516 1781; x_wconf 88' lang='lat' dir='ltr'>civium</span> <span class='ocrx_word' id='word_1_147' title='bbox 527 1722 668 1782; x_wconf 86' lang='lat' dir='ltr'>virtutem</span> <span class='ocrx_word' id='word_1_148' title='bbox 679 1719 844 1781; x_wconf 86' lang='lat' dir='ltr'>imitatione</span> <span class='ocrx_word' id='word_1_149' title='bbox 857 1722 988 1795; x_wconf 84' lang='lat' dir='ltr'>dignam,</span> <span class='ocrx_word' id='word_1_150' title='bbox 1005 1737 1067 1782; x_wconf 93' lang='lat' dir='ltr'>nou</span> <span class='ocrx_word' id='word_1_151' title='bbox 1103 1724 1106 1730; x_wconf 84' lang='lat'>&#39;</span> 
     </span>
     <span class='ocr_line' id='line_1_20' title="bbox 26 1803 1067 1881; baseline -0.004 -12"><span class='ocrx_word' id='word_1_152' title='bbox 26 1806 146 1869; x_wconf 84' lang='lat' dir='ltr'>invidia</span> <span class='ocrx_word' id='word_1_153' title='bbox 165 1813 313 1881; x_wconf 89' lang='lat' dir='ltr'>putarent.</span> <span class='ocrx_word' id='word_1_154' title='bbox 356 1803 486 1878; x_wconf 82' lang='lat' dir='ltr'>Magnus</span> <span class='ocrx_word' id='word_1_155' title='bbox 502 1804 594 1866; x_wconf 93' lang='lat' dir='ltr'>estin</span> <span class='ocrx_word' id='word_1_156' title='bbox 613 1803 786 1878; x_wconf 86' lang='lat' dir='ltr'>republica</span> <span class='ocrx_word' id='word_1_157' title='bbox 804 1820 946 1879; x_wconf 88' lang='lat' dir='ltr'>campus,</span> <span class='ocrx_word' id='word_1_158' title='bbox 972 1812 1067 1865; x_wconf 82' lang='lat' dir='ltr'>ubsa-</span> 
     </span>
     <span class='ocr_line' id='line_1_21' title="bbox 27 1887 1068 1968; baseline -0.003 -18"><span class='ocrx_word' id='word_1_159' title='bbox 27 1891 151 1968; x_wconf 89' lang='lat' dir='ltr'>pienter</span> <span class='ocrx_word' id='word_1_160' title='bbox 173 1889 275 1949; x_wconf 89' lang='lat' dir='ltr'>dicere</span> <span class='ocrx_word' id='word_1_161' title='bbox 299 1888 428 1947; x_wconf 83' lang='lat' dir='ltr'>Crassus</span> <span class='ocrx_word' id='word_1_162' title='bbox 457 1888 588 1960; x_wconf 89' lang='lat' dir='ltr'>solebat,</span> <span class='ocrx_word' id='word_1_163' title='bbox 616 1887 716 1947; x_wconf 91' lang='lat' dir='ltr'>multis</span> <span class='ocrx_word' id='word_1_164' title='bbox 741 1897 865 1962; x_wconf 90' lang='lat' dir='ltr'>apertus</span> <span class='ocrx_word' id='word_1_165' title='bbox 892 1904 1000 1948; x_wconf 89' lang='lat' dir='ltr'>cursus</span> <span class='ocrx_word' id='word_1_166' title='bbox 1027 1888 1068 1947; x_wconf 90' lang='lat' dir='ltr'>ad</span> 
     </span>
     <span class='ocr_line' id='line_1_22' title="bbox 24 1969 1075 2050; baseline -0.004 -16"><span class='ocrx_word' id='word_1_167' title='bbox 24 1974 162 2050; x_wconf 89' lang='lat' dir='ltr'>laudem.</span> <span class='ocrx_word' id='word_1_168' title='bbox 205 1973 271 2032; x_wconf 90' lang='lat' dir='ltr'>Vll.</span> <span class='ocrx_word' id='word_1_169' title='bbox 291 1971 410 2032; x_wconf 88' lang='lat' dir='ltr'>Utinam</span> <span class='ocrx_word' id='word_1_170' title='bbox 427 1969 548 2045; x_wconf 88' lang='lat' dir='ltr'>quidem</span> <span class='ocrx_word' id='word_1_171' title='bbox 565 1971 605 2030; x_wconf 90' lang='lat' dir='ltr'>illi</span> <span class='ocrx_word' id='word_1_172' title='bbox 618 1969 771 2046; x_wconf 85' lang='lat' dir='ltr'>principes</span> <span class='ocrx_word' id='word_1_173' title='bbox 786 1970 931 2043; x_wconf 89' lang='lat' dir='ltr'>viverent,</span> <span class='ocrx_word' id='word_1_174' title='bbox 952 1971 1003 2046; x_wconf 90' lang='lat' dir='ltr'>qui</span> <span class='ocrx_word' id='word_1_175' title='bbox 1019 1988 1075 2037; x_wconf 75' lang='lat' dir='ltr'>me,</span> 
     </span>
     <span class='ocr_line' id='line_1_23' title="bbox 25 2054 1066 2136; baseline -0.002 -19"><span class='ocrx_word' id='word_1_176' title='bbox 25 2063 105 2135; x_wconf 89' lang='lat' dir='ltr'>post</span> <span class='ocrx_word' id='word_1_177' title='bbox 119 2072 220 2117; x_wconf 90' lang='lat' dir='ltr'>meum</span> <span class='ocrx_word' id='word_1_178' title='bbox 238 2057 444 2126; x_wconf 88' lang='lat' dir='ltr'>consulatum,</span> <span class='ocrx_word' id='word_1_179' title='bbox 467 2071 559 2128; x_wconf 91' lang='lat' dir='ltr'>quum</span> <span class='ocrx_word' id='word_1_180' title='bbox 572 2054 609 2114; x_wconf 89' lang='lat' dir='ltr'>iis</span> <span class='ocrx_word' id='word_1_181' title='bbox 629 2054 697 2130; x_wconf 93' lang='lat' dir='ltr'>ipse</span> <span class='ocrx_word' id='word_1_182' title='bbox 719 2055 875 2136; x_wconf 85' lang='lat' dir='ltr'>cederem,</span> <span class='ocrx_word' id='word_1_183' title='bbox 898 2054 1066 2130; x_wconf 84' lang='lat' dir='ltr'>principem</span> 
     </span>
     <span class='ocr_line' id='line_1_24' title="bbox 25 2137 1066 2214; baseline -0.005 -12"><span class='ocrx_word' id='word_1_184' title='bbox 25 2157 93 2202; x_wconf 89' lang='lat' dir='ltr'>non</span> <span class='ocrx_word' id='word_1_185' title='bbox 110 2137 194 2201; x_wconf 90' lang='lat' dir='ltr'>inviti</span> <span class='ocrx_word' id='word_1_186' title='bbox 211 2138 366 2200; x_wconf 89' lang='lat' dir='ltr'>videbant!</span> <span class='ocrx_word' id='word_1_187' title='bbox 404 2138 471 2199; x_wconf 87' lang='lat' dir='ltr'>Hoc</span> <span class='ocrx_word' id='word_1_188' title='bbox 487 2155 559 2199; x_wconf 89' lang='lat' dir='ltr'>vero</span> <span class='ocrx_word' id='word_1_189' title='bbox 581 2147 717 2213; x_wconf 88' lang='lat' dir='ltr'>tempore</span> <span class='ocrx_word' id='word_1_190' title='bbox 732 2138 761 2197; x_wconf 94' lang='lat' dir='ltr'>iu</span> <span class='ocrx_word' id='word_1_191' title='bbox 777 2146 859 2200; x_wconf 88' lang='lat' dir='ltr'>tanta</span> <span class='ocrx_word' id='word_1_192' title='bbox 873 2137 978 2214; x_wconf 90' lang='lat' dir='ltr'>inopia</span> <span class='ocrx_word' id='word_1_193' title='bbox 993 2154 1066 2198; x_wconf 95' lang='lat' dir='ltr'>cou-</span> 
     </span>
     <span class='ocr_line' id='line_1_25' title="bbox 27 2221 1067 2296; baseline -0.006 -9"><span class='ocrx_word' id='word_1_194' title='bbox 27 2221 174 2287; x_wconf 84' lang='lat' dir='ltr'>stantium</span> <span class='ocrx_word' id='word_1_195' title='bbox 190 2230 220 2285; x_wconf 91' lang='lat' dir='ltr'>et</span> <span class='ocrx_word' id='word_1_196' title='bbox 242 2224 361 2284; x_wconf 81' lang='lat' dir='ltr'>fortium</span> <span class='ocrx_word' id='word_1_197' title='bbox 377 2222 581 2283; x_wconf 89' lang='lat' dir='ltr'>consularium</span> <span class='ocrx_word' id='word_1_198' title='bbox 599 2238 659 2296; x_wconf 94' lang='lat' dir='ltr'>quo</span> <span class='ocrx_word' id='word_1_199' title='bbox 677 2237 726 2280; x_wconf 90' lang='lat' dir='ltr'>me</span> <span class='ocrx_word' id='word_1_200' title='bbox 741 2222 848 2284; x_wconf 86' lang='lat' dir='ltr'>dolore</span> <span class='ocrx_word' id='word_1_201' title='bbox 863 2223 955 2281; x_wconf 85' lang='lat' dir='ltr'>adfici</span> <span class='ocrx_word' id='word_1_202' title='bbox 970 2222 1067 2281; x_wconf 89' lang='lat' dir='ltr'>credi·</span> 
     </span>
     <span class='ocr_line' id='line_1_26' title="bbox 24 2303 1066 2382; baseline -0.005 -13"><span class='ocrx_word' id='word_1_203' title='bbox 24 2307 86 2381; x_wconf 87' lang='lat' dir='ltr'>tis,</span> <span class='ocrx_word' id='word_1_204' title='bbox 107 2324 201 2382; x_wconf 90' lang='lat' dir='ltr'>quum</span> <span class='ocrx_word' id='word_1_205' title='bbox 218 2307 296 2369; x_wconf 88' lang='lat' dir='ltr'>alios</span> <span class='ocrx_word' id='word_1_206' title='bbox 311 2307 393 2368; x_wconf 89' lang='lat' dir='ltr'>male</span> <span class='ocrx_word' id='word_1_207' title='bbox 409 2305 537 2379; x_wconf 90' lang='lat' dir='ltr'>sentire,</span> <span class='ocrx_word' id='word_1_208' title='bbox 556 2305 638 2365; x_wconf 89' lang='lat' dir='ltr'>alios</span> <span class='ocrx_word' id='word_1_209' title='bbox 661 2305 734 2365; x_wconf 93' lang='lat' dir='ltr'>nihil</span> <span class='ocrx_word' id='word_1_210' title='bbox 756 2306 878 2366; x_wconf 91' lang='lat' dir='ltr'>omnino</span> <span class='ocrx_word' id='word_1_211' title='bbox 895 2320 1002 2365; x_wconf 89' lang='lat' dir='ltr'>curare</span> <span class='ocrx_word' id='word_1_212' title='bbox 1021 2303 1066 2364; x_wconf 91' lang='lat' dir='ltr'>vi·</span> 
     </span>
     <span class='ocr_line' id='line_1_27' title="bbox 27 2385 1067 2466; baseline -0.003 -14"><span class='ocrx_word' id='word_1_213' title='bbox 27 2391 136 2464; x_wconf 87' lang='lat' dir='ltr'>deam,</span> <span class='ocrx_word' id='word_1_214' title='bbox 158 2385 244 2452; x_wconf 85' lang='lat' dir='ltr'>alios</span> <span class='ocrx_word' id='word_1_215' title='bbox 252 2408 359 2466; x_wconf 85' lang='lat' dir='ltr'>parum</span> <span class='ocrx_word' id='word_1_216' title='bbox 377 2397 552 2452; x_wconf 90' lang='lat' dir='ltr'>constanter</span> <span class='ocrx_word' id='word_1_217' title='bbox 566 2386 596 2448; x_wconf 94' lang='lat' dir='ltr'>in</span> <span class='ocrx_word' id='word_1_218' title='bbox 613 2396 759 2464; x_wconf 88' lang='lat' dir='ltr'>suscepta</span> <span class='ocrx_word' id='word_1_219' title='bbox 776 2406 870 2449; x_wconf 92' lang='lat' dir='ltr'>causa</span> <span class='ocrx_word' id='word_1_220' title='bbox 887 2404 1067 2464; x_wconf 84' lang='lat' dir='ltr'>permanere</span> 
     </span>
     <span class='ocr_line' id='line_1_28' title="bbox 28 2471 1067 2569; baseline -0.003 -33"><span class='ocrx_word' id='word_1_221' title='bbox 28 2474 276 2551; x_wconf 87' lang='lat' dir='ltr'>sententiamque</span> <span class='ocrx_word' id='word_1_222' title='bbox 298 2493 384 2536; x_wconf 88' lang='lat' dir='ltr'>suam</span> <span class='ocrx_word' id='word_1_223' title='bbox 404 2491 464 2533; x_wconf 92' lang='lat' dir='ltr'>non</span> <span class='ocrx_word' id='word_1_224' title='bbox 485 2490 607 2549; x_wconf 87' lang='lat' dir='ltr'>semper</span> <span class='ocrx_word' id='word_1_225' title='bbox 621 2472 748 2534; x_wconf 88' lang='lat' dir='ltr'>utilitate</span> <span class='ocrx_word' id='word_1_226' title='bbox 762 2471 807 2532; x_wconf 90' lang='lat' dir='ltr'>rei</span> <span class='ocrx_word' id='word_1_227' title='bbox 827 2472 983 2569; x_wconf 81' lang='lat' dir='ltr'>publicae,</span> <span class='ocrx_word' id='word_1_228' title='bbox 1010 2474 1067 2534; x_wconf 91' lang='lat' dir='ltr'>sed</span> 
     </span>
     <span class='ocr_line' id='line_1_29' title="bbox 28 2538 1068 2637; baseline -0.004 -17"><span class='ocrx_word' id='word_1_229' title='bbox 28 2575 126 2637; x_wconf 91' lang='lat' dir='ltr'>quum</span> <span class='ocrx_word' id='word_1_230' title='bbox 142 2576 199 2637; x_wconf 90' lang='lat' dir='ltr'>spe</span> <span class='ocrx_word' id='word_1_231' title='bbox 213 2568 275 2621; x_wconf 91' lang='lat' dir='ltr'>tum</span> <span class='ocrx_word' id='word_1_232' title='bbox 296 2558 404 2620; x_wconf 89' lang='lat' dir='ltr'>timore</span> <span class='ocrx_word' id='word_1_233' title='bbox 419 2555 592 2618; x_wconf 72' lang='lat' dir='ltr'>moderari?</span> <span class='ocrx_word' id='word_1_234' title='bbox 634 2555 684 2620; x_wconf 86' lang='grc'>18.</span> <span class='ocrx_word' id='word_1_235' title='bbox 706 2556 838 2631; x_wconf 84' lang='lat' dir='ltr'>Quod</span> <span class='ocrx_word' id='word_1_236' title='bbox 813 2575 840 2617; x_wconf 75' lang='grc' dir='ltr'>ει</span> <span class='ocrx_word' id='word_1_237' title='bbox 856 2538 923 2632; x_wconf 83' lang='lat' dir='ltr'>quis</span> <span class='ocrx_word' id='word_1_238' title='bbox 940 2557 978 2616; x_wconf 90' lang='lat' dir='ltr'>de</span> <span class='ocrx_word' id='word_1_239' title='bbox 994 2573 1068 2618; x_wconf 90' lang='lat' dir='ltr'>eon-</span> 
     </span>
     <span class='ocr_line' id='line_1_30' title="bbox 26 2641 1066 2739; baseline -0.007 -33"><span class='ocrx_word' id='word_1_240' title='bbox 26 2643 166 2706; x_wconf 86' lang='lat' dir='ltr'>tentione</span> <span class='ocrx_word' id='word_1_241' title='bbox 183 2641 370 2739; x_wconf 89' lang='lat' dir='ltr'>principatus</span> <span class='ocrx_word' id='word_1_242' title='bbox 385 2641 516 2714; x_wconf 86' lang='lat' dir='ltr'>laborat,</span> <span class='ocrx_word' id='word_1_243' title='bbox 534 2657 614 2717; x_wconf 89' lang='lat' dir='ltr'>quae</span> <span class='ocrx_word' id='word_1_244' title='bbox 629 2643 711 2701; x_wconf 92' lang='lat' dir='ltr'>nulla</span> <span class='ocrx_word' id='word_1_245' title='bbox 736 2657 807 2703; x_wconf 91' lang='lat' dir='ltr'>esse</span> <span class='ocrx_word' id='word_1_246' title='bbox 823 2641 929 2713; x_wconf 90' lang='lat' dir='ltr'>debet,</span> <span class='ocrx_word' id='word_1_247' title='bbox 952 2641 1066 2702; x_wconf 91' lang='lat' dir='ltr'>stultis-</span> 
     </span>
     <span class='ocr_line' id='line_1_31' title="bbox 27 2723 1067 2797; baseline -0.005 -10"><span class='ocrx_word' id='word_1_248' title='bbox 27 2725 107 2788; x_wconf 86' lang='lat' dir='ltr'>sime</span> <span class='ocrx_word' id='word_1_249' title='bbox 133 2726 216 2797; x_wconf 88' lang='lat' dir='ltr'>lacit,</span> <span class='ocrx_word' id='word_1_250' title='bbox 240 2724 267 2785; x_wconf 89' lang='lat' dir='ltr'>si</span> <span class='ocrx_word' id='word_1_251' title='bbox 290 2723 370 2786; x_wconf 90' lang='lat' dir='ltr'>vitiis</span> <span class='ocrx_word' id='word_1_252' title='bbox 392 2741 460 2784; x_wconf 90' lang='lat' dir='ltr'>cum</span> <span class='ocrx_word' id='word_1_253' title='bbox 483 2723 593 2785; x_wconf 92' lang='lat' dir='ltr'>virtute</span> <span class='ocrx_word' id='word_1_254' title='bbox 618 2724 788 2785; x_wconf 87' lang='lat' dir='ltr'>contendit:</span> <span class='ocrx_word' id='word_1_255' title='bbox 813 2731 847 2784; x_wconf 93' lang='lat' dir='ltr'>ut</span> <span class='ocrx_word' id='word_1_256' title='bbox 872 2724 951 2784; x_wconf 90' lang='lat' dir='ltr'>enim</span> <span class='ocrx_word' id='word_1_257' title='bbox 973 2739 1067 2783; x_wconf 91' lang='lat' dir='ltr'>cursu</span> 
     </span>
     <span class='ocr_line' id='line_1_32' title="bbox 29 2804 1066 2884; baseline -0.008 -12"><span class='ocrx_word' id='word_1_258' title='bbox 29 2825 157 2884; x_wconf 86' lang='lat' dir='ltr'>cursus,</span> <span class='ocrx_word' id='word_1_259' title='bbox 174 2807 263 2870; x_wconf 91' lang='lat' dir='ltr'>sicin</span> <span class='ocrx_word' id='word_1_260' title='bbox 278 2807 350 2867; x_wconf 92' lang='lat' dir='ltr'>viris</span> <span class='ocrx_word' id='word_1_261' title='bbox 369 2807 496 2869; x_wconf 89' lang='lat' dir='ltr'>lortibus</span> <span class='ocrx_word' id='word_1_262' title='bbox 512 2805 607 2871; x_wconf 80' lang='lat' dir='ltr'>virtus</span> <span class='ocrx_word' id='word_1_263' title='bbox 622 2807 731 2869; x_wconf 86' lang='lat' dir='ltr'>virtute</span> <span class='ocrx_word' id='word_1_264' title='bbox 749 2816 918 2882; x_wconf 88' lang='lat' dir='ltr'>superatur.</span> <span class='ocrx_word' id='word_1_265' title='bbox 962 2808 1022 2878; x_wconf 83' lang='lat' dir='ltr'>Tu,</span> <span class='ocrx_word' id='word_1_266' title='bbox 1038 2804 1066 2864; x_wconf 92' lang='lat' dir='ltr'>si</span> 
     </span>
     <span class='ocr_line' id='line_1_33' title="bbox 30 2887 1066 2970; baseline -0.007 -16"><span class='ocrx_word' id='word_1_267' title='bbox 30 2910 88 2970; x_wconf 83' lang='lat' dir='ltr'>ego</span> <span class='ocrx_word' id='word_1_268' title='bbox 110 2894 149 2953; x_wconf 90' lang='lat' dir='ltr'>de</span> <span class='ocrx_word' id='word_1_269' title='bbox 163 2908 197 2953; x_wconf 89' lang='lat' dir='ltr'>re</span> <span class='ocrx_word' id='word_1_270' title='bbox 214 2890 336 2966; x_wconf 87' lang='lat' dir='ltr'>publiea</span> <span class='ocrx_word' id='word_1_271' title='bbox 352 2889 465 2966; x_wconf 90' lang='lat' dir='ltr'>optime</span> <span class='ocrx_word' id='word_1_272' title='bbox 484 2887 626 2961; x_wconf 91' lang='lat' dir='ltr'>sentiam,</span> <span class='ocrx_word' id='word_1_273' title='bbox 647 2898 681 2950; x_wconf 90' lang='lat' dir='ltr'>ut</span> <span class='ocrx_word' id='word_1_274' title='bbox 704 2907 751 2949; x_wconf 92' lang='lat' dir='ltr'>me</span> <span class='ocrx_word' id='word_1_275' title='bbox 767 2891 888 2960; x_wconf 87' lang='lat' dir='ltr'>vincas,</span> <span class='ocrx_word' id='word_1_276' title='bbox 910 2888 979 2965; x_wconf 88' lang='lat' dir='ltr'>ipse</span> <span class='ocrx_word' id='word_1_277' title='bbox 995 2904 1066 2962; x_wconf 92' lang='lat' dir='ltr'>pes·</span> 
     </span>
     <span class='ocr_line' id='line_1_34' title="bbox 30 2971 1067 3047; baseline -0.006 -9"><span class='ocrx_word' id='word_1_278' title='bbox 30 2978 108 3038; x_wconf 85' lang='lat' dir='ltr'>sime</span> <span class='ocrx_word' id='word_1_279' title='bbox 130 2974 266 3037; x_wconf 72' lang='lat' dir='ltr'>senties?</span> <span class='ocrx_word' id='word_1_280' title='bbox 286 2983 353 3047; x_wconf 89' lang='lat' dir='ltr'>aut,</span> <span class='ocrx_word' id='word_1_281' title='bbox 370 2975 451 3034; x_wconf 87' lang='lat' dir='ltr'>siud</span> <span class='ocrx_word' id='word_1_282' title='bbox 473 2990 521 3033; x_wconf 93' lang='lat' dir='ltr'>me</span> <span class='ocrx_word' id='word_1_283' title='bbox 536 2974 685 3034; x_wconf 91' lang='lat' dir='ltr'>bonorum</span> <span class='ocrx_word' id='word_1_284' title='bbox 697 2988 884 3033; x_wconf 59' lang='lat' dir='ltr'>&#39;concursum</span> <span class='ocrx_word' id='word_1_285' title='bbox 899 2971 964 3031; x_wconf 89' lang='lat' dir='ltr'>lieri</span> <span class='ocrx_word' id='word_1_286' title='bbox 981 2971 1067 3032; x_wconf 88' lang='lat' dir='ltr'>vide·</span> 
     </span>
     <span class='ocr_line' id='line_1_35' title="bbox 29 3054 1066 3155; baseline -0.006 -34"><span class='ocrx_word' id='word_1_287' title='bbox 29 3058 91 3132; x_wconf 87' lang='lat' dir='ltr'>bis,</span> <span class='ocrx_word' id='word_1_288' title='bbox 108 3060 147 3120; x_wconf 90' lang='lat' dir='ltr'>ad</span> <span class='ocrx_word' id='word_1_289' title='bbox 162 3067 191 3120; x_wconf 93' lang='lat' dir='ltr'>te</span> <span class='ocrx_word' id='word_1_290' title='bbox 206 3057 361 3155; x_wconf 84' lang='lat' dir='ltr'>improbos</span> <span class='ocrx_word' id='word_1_291' title='bbox 377 3057 541 3117; x_wconf 70' lang='lat' dir='ltr'>invitabis?</span> <span class='ocrx_word' id='word_1_292' title='bbox 570 3057 704 3129; x_wconf 91' lang='lat' dir='ltr'>Nollem,</span> <span class='ocrx_word' id='word_1_293' title='bbox 725 3057 852 3131; x_wconf 90' lang='lat' dir='ltr'>primum</span> <span class='ocrx_word' id='word_1_294' title='bbox 865 3055 910 3115; x_wconf 88' lang='lat' dir='ltr'>rei</span> <span class='ocrx_word' id='word_1_295' title='bbox 925 3054 1066 3131; x_wconf 86' lang='lat' dir='ltr'>publicae</span> 
     </span>
     <span class='ocr_line' id='line_1_36' title="bbox 30 3138 1065 3227; baseline -0.008 -21"><span class='ocrx_word' id='word_1_296' title='bbox 30 3158 140 3227; x_wconf 86' lang='lat' dir='ltr'>causa,</span> <span class='ocrx_word' id='word_1_297' title='bbox 157 3141 268 3203; x_wconf 91' lang='lat' dir='ltr'>deinde</span> <span class='ocrx_word' id='word_1_298' title='bbox 283 3141 372 3202; x_wconf 90' lang='lat' dir='ltr'>etiam</span> <span class='ocrx_word' id='word_1_299' title='bbox 386 3139 539 3214; x_wconf 85' lang='lat' dir='ltr'>dignitatis</span> <span class='ocrx_word' id='word_1_300' title='bbox 553 3148 632 3201; x_wconf 92' lang='lat' dir='ltr'>tuae.</span> <span class='ocrx_word' id='word_1_301' title='bbox 667 3138 770 3200; x_wconf 91' lang='lat' dir='ltr'>Sed</span> <span class='ocrx_word' id='word_1_302' title='bbox 745 3156 772 3199; x_wconf 90' lang='lat' dir='ltr'>sr</span> <span class='ocrx_word' id='word_1_303' title='bbox 788 3138 975 3214; x_wconf 89' lang='lat' dir='ltr'>principatus</span> <span class='ocrx_word' id='word_1_304' title='bbox 993 3153 1065 3212; x_wconf 79' lang='lat' dir='ltr'>age·</span> 
     </span>
    </p>

    <p class='ocr_par' dir='ltr' id='par_1_4' title="bbox 10 3220 1066 3470">
     <span class='ocr_line' id='line_1_37' title="bbox 10 3220 1066 3321; baseline -0.003 -36"><span class='ocrx_word' id='word_1_305' title='bbox 10 3232 16 3273; x_wconf 85' lang='lat'>&#39;-</span> <span class='ocrx_word' id='word_1_306' title='bbox 28 3237 128 3299; x_wconf 87' lang='lat' dir='ltr'>retur,</span> <span class='ocrx_word' id='word_1_307' title='bbox 155 3241 244 3302; x_wconf 91' lang='lat' dir='ltr'>quem</span> <span class='ocrx_word' id='word_1_308' title='bbox 266 3240 431 3321; x_wconf 82' lang='lat' dir='ltr'>numquam</span> <span class='ocrx_word' id='word_1_309' title='bbox 454 3222 605 3299; x_wconf 85' lang='lat' dir='ltr'>expetivi,</span> <span class='ocrx_word' id='word_1_310' title='bbox 633 3223 706 3298; x_wconf 89' lang='lat' dir='ltr'>quid</span> <span class='ocrx_word' id='word_1_311' title='bbox 735 3223 856 3283; x_wconf 86' lang='lat' dir='ltr'>taudem</span> <span class='ocrx_word' id='word_1_312' title='bbox 884 3220 1066 3282; x_wconf 72' lang='lat' dir='ltr'>initiasset</span> 
     </span>
     <span class='ocr_line' id='line_1_38' title="bbox 10 3303 1066 3405; baseline -0.009 -32"><span class='ocrx_word' id='word_1_313' title='bbox 10 3342 12 3349; x_wconf 95' lang='lat'>·</span> <span class='ocrx_word' id='word_1_314' title='bbox 30 3312 186 3390; x_wconf 68' lang='lat' dir='ltr'>optatius?</span> <span class='ocrx_word' id='word_1_315' title='bbox 206 3310 271 3405; x_wconf 81' lang='lat' dir='ltr'>Ego</span> <span class='ocrx_word' id='word_1_316' title='bbox 287 3307 365 3368; x_wconf 92' lang='lat' dir='ltr'>enim</span> <span class='ocrx_word' id='word_1_317' title='bbox 381 3306 467 3368; x_wconf 87' lang='lat' dir='ltr'>malis</span> <span class='ocrx_word' id='word_1_318' title='bbox 484 3305 640 3368; x_wconf 88' lang='lat' dir='ltr'>sententiis</span> <span class='ocrx_word' id='word_1_319' title='bbox 653 3305 733 3366; x_wconf 91' lang='lat' dir='ltr'>vinei</span> <span class='ocrx_word' id='word_1_320' title='bbox 748 3323 808 3368; x_wconf 92' lang='lat' dir='ltr'>uon</span> <span class='ocrx_word' id='word_1_321' title='bbox 821 3322 959 3383; x_wconf 89' lang='lat' dir='ltr'>possum,</span> <span class='ocrx_word' id='word_1_322' title='bbox 973 3303 1066 3364; x_wconf 84' lang='lat' dir='ltr'>bonis</span> 
     </span>
     <span class='ocr_line' id='line_1_39' title="bbox 10 3387 1066 3470; baseline -0.008 -15"><span class='ocrx_word' id='word_1_323' title='bbox 10 3388 158 3458; x_wconf 73' lang='lat' dir='ltr'>{torsitan</span> <span class='ocrx_word' id='word_1_324' title='bbox 178 3392 297 3470; x_wconf 89' lang='lat' dir='ltr'>possim</span> <span class='ocrx_word' id='word_1_325' title='bbox 318 3399 348 3452; x_wconf 93' lang='lat' dir='ltr'>et</span> <span class='ocrx_word' id='word_1_326' title='bbox 369 3390 505 3452; x_wconf 87' lang='lat' dir='ltr'>libenter.</span> <span class='ocrx_word' id='word_1_327' title='bbox 550 3387 599 3452; x_wconf 84' lang='lat'>19.</span> <span class='ocrx_word' id='word_1_328' title='bbox 626 3391 708 3451; x_wconf 88' lang='lat' dir='ltr'>llaec</span> <span class='ocrx_word' id='word_1_329' title='bbox 731 3391 878 3467; x_wconf 92' lang='lat' dir='ltr'>populum</span> <span class='ocrx_word' id='word_1_330' title='bbox 895 3391 1066 3452; x_wconf 88' lang='lat' dir='ltr'>Romanum</span> 
     </span>
    </p>
   </div>
   <div class='ocr_carea' id='block_1_3' title="bbox 0 0 1182 3854">
    <p class='ocr_par' dir='ltr' id='par_1_5' title="bbox 0 0 1182 3854">
     <span class='ocr_line' id='line_1_40' title="bbox 0 0 1182 3854; baseline 0 1"><span class='ocrx_word' id='word_1_331' title='bbox 0 0 1182 3854; x_wconf 95' lang='lat' dir='ltr'> </span> 
     </span>
    </p>
   </div>
  </div>
 </body>
</html>
