2356 3854
379 181 836 247 cAP.44—-tas.1ra-1n.
1067 177 1130 247 457

91 329 165 394 tto.
188 331 326 405 Quodsi
348 347 408 391 non
434 332 544 392 metuis
572 330 655 391 viros
681 333 774 392 fortes
803 333 1005 408 egregiosque
1031 331 1126 406 cives,

91 415 216 492 quoda
237 430 367 488 corpore
388 422 440 475 tuc
465 415 662 489 prohibentur
685 416 789 486 armis,
811 416 854 476 tui
869 426 913 488 tc,
936 416 1126 491 mihicrede,

90 497 207 559 diutius
222 514 283 557 non
301 499 406 558 serent.
429 499 511 572 Quae
528 507 575 558 est
589 506 690 557 autem
707 498 769 557 vita
784 497 850 557 dies
863 508 892 558 et
903 508 1009 560 noctes
1021 499 1127 561 timere

89 597 110 640 a
133 581 220 641 suist
240 580 304 639 Nisi
325 597 398 641 vero
420 589 472 641 aut
491 581 656 640 maioribus
679 581 774 640 habes
790 581 947 641 beneficiis
965 582 1125 657 obligatos

91 680 186 738 quam
206 663 256 722 ille
277 666 427 738 quosdam
449 664 554 724 habuit
572 680 612 722 cx
632 663 685 736 iis,
709 680 727 722 a
749 664 860 737 quibus
876 673 923 723 est
938 663 1125 740 interiectus,

89 755 144 807 aut
158 755 190 806 tu
206 763 240 806 es
257 748 318 806 ulla
329 763 364 806 re·
376 765 448 811 cum
463 764 501 811 cc
517 747 752 825 comparandus.
772 746 840 807 Fuit
854 748 882 805 in
899 748 949 805 illo
964 749 1125 822 ingenium,

88 829 184 900 ratio,
202 831 360 902 memoria,
375 831 506 901 litterae,
523 846 610 903 cura,
626 829 777 904 cogitatio,
793 829 962 904 diligentia:
981 845 1032 890 res
1045 832 1125 891 bello

72 964 75 975 .
88 922 240 988 gesserat,
256 914 396 988 quamvis
408 912 451 975 rei
464 913 606 987 publicae
618 913 820 986 calamitosas,
832 922 863 977 ot
873 923 972 973 tamen
983 929 1125 986 magnam

87 997 203 1055 multos
229 1013 328 1055 annos
353 1011 482 1068 regnare
507 996 684 1066 meditatum
719 1012 830 1073 magno
857 996 976 1068 labore,
1008 997 1126 1068 magnis

88 1077 236 1159 periculis
260 1078 342 1151 quod
362 1079 507 1152 cogitarat
521 1076 680 1139 effecerat:
702 1079 889 1150 muneribus,
913 1079 1126 1150 monumentis,

88 1159 269 1233 congiariis,
294 1162 392 1234 epulis
413 1160 631 1221 multitudinem
652 1159 821 1236 imperitam
843 1163 1022 1221 delenierat:
1052 1178 1126 1220 suos

85 1241 252 1320 praemiis,
282 1243 476 1303 adversarios
498 1244 676 1304 clementiae
697 1243 802 1319 specie
824 1244 1009 1305 devinxerat.
1047 1244 1126 1318 Quid

85 1327 205 1385 multat
225 1327 364 1385 attulerat
383 1327 442 1384 iam
461 1328 574 1387 liberae
596 1327 708 1388 civitati
730 1327 838 1403 partim
852 1337 934 1388 metu
950 1329 1055 1402 partim
1071 1343 1127 1402 pa*

84 1407 195 1470 tientia
216 1408 463 1473 consuetudinem
486 1411 648 1470 serviendi.
691 1411 795 1471 XLVI.
816 1408 887 1472 tlt.
909 1411 982 1471 Cum
997 1411 1048 1472 illc
1066 1428 1124 1485 ego

83 1499 119 1552 te
133 1489 310 1550 dominandi
323 1492 487 1566 cupiditate
500 1495 640 1553 conferre
652 1509 790 1570 possum,
804 1495 932 1554 caeteris
944 1511 1018 1556 vero
1030 1495 1125 1555 rebus

86 1574 173 1634 nullo
198 1574 288 1633 modo
311 1578 533 1648 comparandus
554 1594 598 1636 es.
628 1578 690 1637 Sed
711 1594 751 1636 cx
765 1577 902 1652 plurimis
917 1578 1020 1651 malis,
1043 1592 1123 1654 quae

87 1657 129 1717 ab
152 1655 202 1716 illo
223 1657 268 1714 rei
287 1658 427 1731 publicae
450 1667 520 1718 sunt
538 1659 654 1732 inusta,
677 1659 736 1720 hoc
751 1668 851 1719 tamen
866 1660 939 1719 boni
955 1669 1017 1730 est,
1041 1660 1126 1734 quod
1172 1727 1177 1737 ,

86 1738 195 1801 didicit
225 1741 285 1799 iam
315 1742 450 1815 populus
474 1743 630 1802 Romanus
663 1748 809 1815 quantum
841 1742 951 1816 cuique
977 1742 1126 1813 crederet,

87 1824 202 1905 quibus
240 1840 275 1883 se
311 1823 524 1898 committeret,
559 1841 577 1882 a
617 1823 728 1898 quibus
767 1831 898 1884 caveret.
947 1825 1030 1884 llaec
1062 1840 1123 1883 non

86 1907 232 1982 cogitasa
265 1923 322 1967 nec
349 1905 492 1982 intelligis
521 1906 595 1967 satis
622 1921 693 1967 esse
718 1905 791 1966 viris
821 1906 950 1967 fortibus
977 1906 1141 1967 didicisse·

88 2007 184 2066 quam
209 1991 249 2051 sit
272 2007 306 2051 re
336 1993 486 2065 pulcrum,
514 1987 665 2052 beneficio
691 1997 823 2064 gratum,
851 1991 931 2050 lama
956 1991 1124 2065 gloriosum

83 2083 252 2151 tyrannum
274 2074 446 2144 „occideret
483 2090 537 2144 an,
579 2089 672 2147 quum
703 2072 786 2132 illum
819 2072 958 2134 homines
990 2091 1050 2133 non
1079 2083 1124 2134 tu-

84 2156 192 2232 lerint,
231 2164 261 2217 tc
293 2157 411 2216 ierentt
461 2155 530 2219 118.
570 2156 710 2216 Certatim
738 2156 882 2230 posthac,
918 2156 991 2216 milri
1023 2156 1123 2226 crede,

85 2241 129 2301 ad
156 2240 317 2315 hocopus
341 2248 476 2301 curretur
498 2255 599 2317 nequa
619 2239 793 2317 occasionis
814 2240 939 2300 tarditas
964 2246 1123 2314 exspecta-

84 2323 179 2385 bitur.
276 2317 280 2328 “

142 2407 298 2480 Respice,
321 2424 453 2481 quaeso,
475 2408 640 2481 aliquando
660 2422 724 2466 rem
745 2404 911 2481 publicam,
933 2405 975 2464 M.
991 2402 1123 2465 Antoni:

87 2488 201 2565 quibus
226 2498 309 2550 ortus
333 2490 390 2561 sis,
412 2507 472 2550 non
495 2492 676 2565 quibuscum
692 2489 779 2548 vivas
797 2487 973 2549 considera:
994 2505 1122 2574 mecum,

86 2581 121 2633 ut
141 2573 243 2632 voles:
271 2572 337 2633 redi
359 2588 427 2653 cum
448 2590 482 2632 re
507 2573 628 2647 publica
653 2573 682 2631 in
706 2573 842 2648 gratiam.
879 2571 942 2632 Sed
967 2573 1006 2632 de
1032 2581 1063 2633 te
1090 2581 1123 2632 tu

87 2655 219 2715 videris:
243 2672 300 2730 ego
321 2657 361 2715 de
382 2670 430 2714 me
451 2655 520 2729 ipso
538 2657 713 2730 profitebor.
748 2654 878 2716 Delendi
891 2671 954 2715 rem
969 2655 1123 2730 publicam

88 2739 283 2810 adolescens,
300 2755 360 2799 non
373 2739 512 2798 deseram
525 2754 635 2798 senex=
655 2739 825 2814 contempsi
837 2738 981 2801 Catilinae
993 2737 1123 2812 gladios,

87 2838 149 2881 non
167 2822 378 2895 pertimescam
393 2829 473 2881 tuos.
493 2821 570 2894 Quin
583 2823 672 2880 etiam
684 2838 798 2897 corpus
812 2823 940 2882 libenter
951 2817 1121 2890 obtulerim,

89 2906 116 2965 si
137 2904 361 2978 repraesentari
382 2912 479 2964 morte
501 2919 568 2962 mca
580 2903 704 2962 libertas
719 2903 849 2963 civitatis
864 2910 981 2977 potesta
1005 2900 1075 2962 119.
1091 2909 1124 2977 ut

88 2986 365 3061 aliquandc'dolor
387 2986 493 3061 populi
512 2985 640 3047 Romani
661 2985 773 3061 pariat,
795 2985 958 3059 quodiam
980 2984 1032 3044 diu
1054 2999 1122 3056 par·

88 3072 173 3131 turitt
194 3070 312 3131 Etenim
328 3071 355 3131 si
369 3069 479 3149 abhinc
493 3085 591 3129 annos
608 3085 705 3144 prope
721 3067 825 3142 viginti
839 3067 899 3128 hoc
917 3067 987 3140 ipso
1002 3066 1033 3125 in
1048 3075 1122 3126 tem·

87 3155 139 3229 plo
155 3153 265 3228 negavi
282 3170 376 3228 posse
390 3163 516 3213 mortem
531 3155 717 3221 immaturam
731 3168 804 3213 asse
819 3150 987 3219 consulari,
1005 3157 1120 3224 quaatc

89 3235 191 3296 verius
208 3253 288 3296 ncnc
307 3235 530 3315 negaboscnlt
551 3236 623 3295 atini
640 3251 727 3304 vero,
745 3243 849 3310 patres
865 3232 1044 3307 conscripti,
1061 3230 1120 3291 iam

87 3319 179 3380 ctiam
199 3320 334 3398 optanda
354 3335 436 3379 mors
459 3328 521 3401 cst',
543 3321 703 3395 perfuncto
716 3319 809 3377 rebus
823 3316 876 3389 iis,
898 3332 975 3391 quas
990 3316 1120 3390 adeptus

89 3416 158 3464 sum
175 3418 314 3479 quasque
328 3401 421 3477 gessi.
441 3403 509 3464 Duo
524 3403 616 3463 modo
632 3402 706 3461 haec
725 3410 808 3477 opto,
822 3417 926 3473 unum,
943 3408 976 3460 ut
986 3399 1120 3460 moriens

1105 3586 1160 3632 A
