2356 3854
80 165 124 228 aa
237 168 245 179 r
301 161 340 220 ιιι
359 160 390 218 c.
411 149 574 229 vanarn
593 158 676 217 aer.
689 159 724 216 ιι.
745 115 816 216 ma
831 159 884 217 ιι.
934 151 940 162 ’

82 298 227 374 ἰιιιοιιιιιιι
244 308 420 369 aestimavit
452 306 582 367 Tametsi
597 305 656 365 iam
672 307 785 366 dudum
802 321 859 380 ego
874 316 954 379 erro,
977 305 1028 382 qui
1041 315 1082 368 tan

82 396 174 455 multa
194 393 234 451 de
253 391 312 451 tuis
330 389 534 464 emptionibus
547 390 641 448 verba
654 389 762 447 laciam
776 397 806 448 et
820 405 979 470 quaeram,
1005 399 1082 451 ιιιιιιι

82 475 190 537 emeris
217 489 312 532 necne
336 482 367 534 et
391 490 451 547 qno
473 473 562 530 modo
586 479 616 531 et
636 470 739 545 quanti
754 471 877 531 emeris:
901 473 1082 547 quodverbo

81 557 248 654 transigere
262 572 397 630 possum
429 555 493 614 Ede
509 553 579 612 mihi
597 554 751 627 scriptum,
767 553 840 628 quid
857 555 975 629 argenti
988 555 1018 614 in
1030 573 1082 630 pro·

83 640 182 700 vincia
197 639 299 698 Sicilia
312 637 444 714 pararis,
467 639 548 696 unde
565 636 699 711 quidque
714 645 765 696 ιιιι
780 638 883 709 quanti
898 637 1017 697 emeris.
1046 636 1082 698 36.

83 722 232 797 Quidiitt
257 737 438 796 quamquam
456 737 517 780 nen
538 719 685 778 debebam
706 735 763 792 ego
785 719 840 778 abs
861 727 891 780 te
910 721 968 780 has
988 721 1030 780 ιιι
1019 728 1080 779 ems

66 817 68 831 '
82 821 226 881 poscere:
242 820 289 863 me
301 804 379 864 enim
394 803 512 863 tabulas
527 811 594 862 tuas
609 802 720 860 habere
736 810 765 862 ct
779 794 916 878 prolerre
933 803 1079 877 oportebat

83 892 195 947 Verum
214 902 307 960 negas
328 896 357 946 te
375 886 480 945 horum
499 901 645 944 annorum
667 884 781 958 aliquot
800 885 983 944 coniecisse
1016 886 1079 944 Gom

82 987 164 1046 pone
190 969 262 1044 hoc,
288 969 370 1042 quod
394 970 532 1042 postulo,
554 969 592 1025 de
612 975 753 1040 argento:
783 967 821 1026 de
844 967 964 1041 reliquo
987 967 1078 1026 videro.

73 1055 143 1128 ¹Nec
158 1053 302 1127 scriptum
316 1051 414 1110 habeo
430 1067 486 1124 nep
500 1067 626 1124 possum
642 1050 742 1110 edere.
775 1048 853 1121 Quid
868 1051 999 1109 futurum
1011 1049 1079 1123 igitur

84 1142 150 1196 est?
192 1133 282 1206 Quid,
307 1131 461 1192 existimas
486 1132 684 1192 hoc‘iudices
709 1133 810 1191 lacere
835 1129 953 1208 posset
986 1133 1078 1191 Domus

83 1218 173 1292 plena
187 1216 340 1288 signorum
356 1214 625 1288 pulcherrimorum
638 1213 696 1273 iam
713 1224 783 1274 ante
803 1224 991 1289 praeturam:
1009 1216 1078 1274 mula

83 1299 123 1358 ad
143 1297 229 1356 villas
255 1305 322 1357 tuas
347 1298 463 1372 posita,
488 1299 580 1365 multa
600 1297 739 1372 deposita
756 1298 839 1372 apud
862 1298 992 1370 amicae,
1008 1298 1077 1356 multa

83 1379 149 1440 aliis
177 1379 356 1453 deleatque
380 1380 505 1438 donata:
530 1380 649 1440 tabulae
670 1382 782 1440 nullum
804 1380 939 1440 indicant
960 1387 1077 1454 emplum·

84 1461 177 1522 Omne
190 1470 345 1535 argentum
363 1461 493 1521 ablatum
506 1478 546 1521 ex
560 1461 661 1522 Sicilia
681 1471 740 1522 est:
762 1461 834 1522 nihil
856 1463 998 1538 cuiquam
1016 1458 1078 1536 quel

84 1561 172 1604 suum
187 1543 248 1603 dici
260 1545 352 1604 vellet
367 1544 512 1604 relictum.
544 1545 677 1618 Flagitnr
692 1545 829 1620 improba
842 1545 986 1606 defensio
989 1558 1077 1619 ,··prae

84 1637 180 1687 torem
196 1643 284 1687 omne
299 1627 330 1686 id
345 1634 499 1701 argentum
516 1628 686 1709 coemisse:
707 1637 808 1688 tannen
825 1627 972 1704 idipsum
991 1623 1078 1689 tabulis

83 1707 282 1770 demonstrari
302 1727 361 1770 non
376 1718 487 1786 potest.
524 1711 570 1782 si,
593 1727 670 1785 quas
698 1711 815 1770 tabulas
838 1711 1005 1785 profers,'
998 1728 1026 1769 m
1046 1706 1078 1766 ιι

83 1809 162 1868 quae
176 1793 271 1853 habes
293 1812 353 1868 quo
375 1794 466 1853 modo
487 1792 600 1854 habeas
616 1792 760 1867 scriptum
772 1811 833 1852 non
848 1801 908 1866 est,
926 1794 1030 1853 horum
1042 1806 1078 1849 au·

83 1883 142 1936 tem
157 1883 341 1951 temporum,
362 1893 454 1951 quum
469 1876 654 1953 teplurimas
669 1892 719 1935 res
734 1876 845 1935 emisse
866 1876 960 1950 dicis,
982 1875 1078 1936 tabulas

84 1956 205 2018 omnino
221 1961 318 2018 nullas
332 1959 467 2033 profers,
490 1967 619 2018 nannet
608 1966 681 2018 teet
699 1959 824 2034 prolatis
845 1968 875 2019 et
895 1976 956 2029 non
977 1952 1078 2032 prolatis

83 2039 192 2099 tabulis
211 2040 405 2099 condemnari
420 2055 548 2100 necesse
570 2048 637 2100 est?

27 2138 30 2145 ·
166 2121 257 2181 XVII.
291 2119 340 2182 37.
381 2123 425 2182 Tu
448 2139 467 2180 a
489 2123 529 2181 lli.
553 2122 668 2197 Caelio,
696 2121 797 2196 equite
823 2125 979 2196 Romano,
1002 2118 1079 2180 lectis

85 2201 161 2263 simo
191 2204 385 2264 adolescente
412 2216 491 2278 quae
518 2205 640 2264 voluisti
660 2168 798 2281 Lilybaei
819 2204 983 2265 abstulisti:
1010 2212 1039 2263 tu
1059 2198 1080 2256 θ.

85 2285 215 2358 Cacurii,
246 2285 378 2362 prompti
402 2286 533 2347 hominis
553 2296 582 2347 ιι
600 2287 783 2361 experientis
806 2297 836 2348 et
854 2289 885 2346 in
905 2287 1009 2364 primis
1032 2297 1081 2359 gra·

48 2362 54 2372 “
84 2367 168 2440 tiosi‚
193 2369 411 2444 supellectilem
436 2385 555 2429 omnem
580 2372 698 2430 auferre
724 2387 785 2431 non
803 2370 961 2430 dubitasti:
987 2378 1015 2429 tu
1036 2380 1081 2426 ma·

84 2450 195 2511 ximam
209 2460 239 2510 et
258 2451 490 2525 pulcherrimam
509 2468 645 2512 mensam
662 2453 783 2512 citream
804 2454 872 2526 ιο.
894 2452 1009 2513 Lutatio
1028 2449 1082 2509 Dio·

85 2533 176 2605 doro,
194 2532 294 2605 quii).
312 2534 406 2595 Catuli
423 2534 570 2595 beneficio
593 2537 630 2594 ab
646 2536 679 2594 L
697 2534 820 2595 Sulla
795 2534 871 2595 ervis
883 2536 1036 2594 Romanus
1053 2531 1082 2588 la·

85 2621 151 2674 ctus
173 2623 234 2688 est,
254 2617 393 2676 omnibus
414 2615 595 2692 scientibus,
616 2617 752 2694 Lilybaei
772 2617 931 2677 abstulisti.
960 2618 1082 2676 Non!
1045 2606 1082 2674 tibi

85 2697 209 2770 obiicio,
226 2698 308 2771 quod
324 2697 475 2759 hominem
494 2699 702 2774 dignissimum
724 2700 783 2774 tuis
806 2701 956 2771 moribus,
978 2692 1082 2773 Apollo

84 2779 182 2853 nium,
203 2779 327 2840 Niconis
343 2781 452 2854 filium,
474 2782 724 2858 Drepanitanum,
754 2781 806 2855 qui
828 2797 907 2840 nunc
923 2784 960 2840 Α.
979 2778 1082 2840 Clodius

84 2872 224 2937 vocatur,
240 2862 320 2921 enini
338 2873 461 2939 argento
476 2867 593 2941 optime
609 2868 686 2924 lacto
703 2865 841 2938 spoliasti
853 2880 889 2923 ac
905 2865 1082 2938 depeculatus

84 2962 128 3006 es.
161 2947 269 3006 Taceo.
300 2947 366 3007 Non
384 2949 462 3006 enim
477 2957 561 3023 putat
575 2947 625 3007 ille
646 2945 704 3007 sibi
726 2946 864 3007 iniuriam
887 2948 1011 3016 laetam,
1032 2956 1082 3019 pre

83 3037 188 3104 pterea
203 3030 285 3104 quod
300 3029 413 3091 homini
428 3030 485 3089 iam
500 3031 619 3106 perdito
637 3038 666 3088 et
683 3031 791 3088 collum
812 3030 841 3087 in
865 3033 1006 3103 laqueum
1022 3027 1082 3087 inse

83 3111 160 3171 renti
188 3113 370 3186 subvenisti,
393 3130 485 3187 quum
516 3112 638 3187 pupillis
666 3112 876 3186 Drepanitanis
905 3114 987 3171 bena
1009 3107 1082 3186 patri

22 3248 31 3258 ,
84 3202 189 3266 erepta
213 3212 280 3255 cum
304 3195 356 3255 illo
378 3198 505 3270 partitus
525 3212 569 3255 es.
608 3195 733 3255 Gaudeo
748 3196 853 3269 etiam,
874 3195 900 3253 si
922 3194 995 3268 qnid
1012 3194 1048 3252 ab
1063 3203 1082 3246 ιι

77 3272 248 3355 abstulisti,
270 3287 299 3337 et
318 3280 374 3338 abs
397 3288 426 3340 ιι
441 3277 512 3337 nihil
527 3276 640 3338 rectius
654 3279 765 3337 lactum
777 3293 847 3337 essa
870 3276 949 3336 dico.
982 3278 1030 3336 Ab
1043 3274 1081 3344 Ly

85 3362 161 3418 sone
176 3374 249 3417 vero
264 3359 471 3437 Lilybaetana,
485 3359 583 3434 primo
598 3361 734 3432 homine,
757 3359 840 3433 apud
856 3375 944 3433 quem
961 3361 1082 3418 deversa
