2356 3854
356 162 583 226 canas-an.
603 170 773 230 §.aa-aa.
870 128 873 135 ¹
902 198 905 203 <
1016 160 1081 239 ⁴49

51 316 96 375 ire
110 315 235 387 vellent,
250 322 282 373 ut
299 314 337 371 ad
353 313 574 372 defendendam
596 328 658 371 rem
676 314 826 387 publicam
846 325 876 376 te
893 316 1077 390 adlrortarer,

27 416 33 423 ·
51 396 156 474 quoad
167 405 327 467 metueres,
343 395 443 455 omnia
453 404 483 456 te
501 395 734 470 promissurum:
752 396 841 457 simul
856 413 892 457 ac
906 400 1011 458 timere
1025 400 1076 458 de-

51 479 165 551 sisses,
179 478 307 537 similem
331 486 360 537 te
376 479 506 538 luturum
522 477 574 537 tui.
615 478 720 551 ltaque
735 496 828 552 quum
843 480 954 540 caeteri
969 496 1077 541 consu-

10 592 12 627 :
51 560 133 623 la'res
155 561 247 631 irent,
262 560 410 634 redirent,
432 559 462 619 in
478 560 627 620 sententia
649 561 762 643 mansi:
784 578 883 635 neque
903 571 933 622 te
954 563 1006 623 ille
1028 564 1077 623 die

50 660 153 719 neque
175 652 299 717 pestere
323 640 385 702 vidi
405 658 505 717 neque
520 642 609 723 uillam
624 642 802 703 societatem
817 643 938 717 optimis
958 645 1076 706 civibus

49 742 119 787 cum
134 725 391 799 importunissime
408 726 496 784 hoste
511 727 635 785 loedere
649 727 710 785 ullo
724 725 896 807 confirmari
907 742 1001 801 pesse
1013 744 1078 786 ere-

49 808 124 869 didi.
173 808 246 868 Post
268 808 346 867 diem
369 805 489 867 tertium
517 807 586 867 veni
603 807 633 867 in
649 809 754 869 aedem
772 809 898 867 Telluris
913 810 1076 881 etquidem

10 970 12 975 Ι
48 890 177 964 invitus,
196 907 288 966 quum
304 906 410 950 omnes
423 890 524 950 aditus
540 891 645 950 armati
663 892 845 950 obsiderent.
889 889 939 950 90.
956 890 1010 962 Qui
1024 892 1077 951 tibi

48 1054 202 1126 exstitisti,
216 1064 316 1115 tamen
329 1070 376 1112 mc
393 1056 435 1114 tui
450 1055 581 1129 miseret,
597 1057 679 1130 qued
695 1055 748 1116 tibi
764 1054 918 1114 invideris.
946 1054 1077 1113 XXXVI.

47 1139 107 1213 Qui
121 1146 154 1197 tu
169 1137 229 1208 vir,
251 1135 283 1195 di
303 1135 501 1196 immortales!
523 1147 553 1197 et
574 1148 703 1212 quantus
719 1139 845 1210 luisseS,
870 1139 896 1197 sl
916 1136 996 1196 illius
1017 1136 1078 1196 diei

47 1229 184 1281 mentem
208 1235 331 1278 servare
343 1219 514 1294 potuissest
535 1221 641 1280 Pacem
657 1221 845 1292 haberemus,
863 1234 941 1293 quae
954 1227 1019 1278 erat
1035 1220 1077 1277 la-

46 1312 101 1363 cta
118 1317 173 1375 per
187 1301 341 1372 absidem,
360 1317 487 1375 puerum
504 1302 644 1376 nobilem,
658 1303 698 1362 Μ.
709 1304 913 1363 Bambalionis
926 1311 1075 1376 nepotem.

10 1386 18 1399 “
45 1385 237 1459 Quamquam
254 1385 366 1443 bonum
381 1393 410 1444 ta
424 1386 512 1445 timer
526 1385 669 1459 iaciebat,
686 1402 747 1445 non
762 1385 920 1445 diuturnus
936 1385 1078 1459 magister

46 1467 159 1528 oflicii:
177 1465 347 1540 improbum
363 1467 434 1527 lecit
448 1484 499 1540 ea,
515 1486 609 1544 quae,
627 1470 696 1528 dum
711 1471 800 1529 timor
814 1469 915 1541 abest,
939 1476 1000 1527 ate
1015 1482 1076 1527 non

17 1576 21 1581 ·
45 1547 187 1618 discedit,
204 1550 342 1608 audacia.
384 1550 449 1610 Etsi
460 1560 531 1624 tum,
545 1569 638 1626 quum
653 1552 797 1628 optimum
813 1561 842 1610 te
863 1551 1009 1625 putabant
1029 1567 1077 1609 me

46 1631 172 1709 quidem
188 1631 403 1703 dissentiente,
419 1634 518 1692 luneri
539 1634 667 1709 tyranni,
686 1635 713 1693 si
730 1633 803 1693 illud
823 1635 912 1693 lunus
927 1633 989 1702 luit,
1007 1648 1076 1692 sce-

43 1714 230 1776 leratissime
245 1713 411 1788 praefuisti.
454 1715 516 1775 Tua
530 1716 581 1774 illa
598 1718 703 1790 pulcra
720 1714 868 1786 laudatio,
887 1724 937 1775 tua
951 1713 1074 1774 misera·

44 1797 99 1868 lie,
115 1805 167 1857 tua
183 1796 365 1856 cohortatior
380 1795 430 1856 91.
446 1805 491 1868 tu,
508 1806 553 1869 tu,
568 1797 707 1871 inquam,
723 1797 790 1856 illas
807 1798 890 1857 laces
905 1797 1075 1869 incendisti,

45 1890 80 1941 et
107 1896 177 1951 eas,
207 1880 317 1954 quibus
345 1881 560 1939 semustulatus
587 1881 637 1939 illc
663 1889 724 1952 cst,
751 1888 780 1939 ct
804 1896 872 1953 eas,
898 1881 1007 1954 quibus
1032 1878 1077 1937 in-

42 1974 144 2037 censa
176 1961 208 2019 L.
239 1960 365 2020 Bellieni
396 1962 505 2021 domus
540 1961 728 2036 deflagravit.
785 1960 828 2021 Tu
854 1963 922 2021 illos
946 1960 1075 2037 impetus

44 2045 238 2121 perditarum
259 2042 411 2102 hominum
438 2051 528 2103 etex
547 2045 677 2103 maxima
697 2053 783 2118 parte
804 2058 976 2116 servorum,
998 2061 1077 2118 quos

42 2144 107 2189 nos
133 2127 162 2187 vi
197 2142 350 2200 manuque
383 2125 595 2200 reppulimus,
632 2125 662 2185 in
696 2136 817 2187 nostras
849 2127 957 2187 domos
983 2125 1077 2185 immi·

44 2210 127 2271 sisti.
179 2210 261 2269 Idem
292 2217 391 2269 tamen
423 2208 511 2283 quasi
544 2209 667 2284 iuligine
695 2210 832 2269 abstersa
864 2209 990 2284 reliquis
1015 2208 1077 2266 die-

44 2294 109 2353 bus
132 2292 162 2351 in
178 2292 326 2366 Capitolia
347 2293 503 2367 praeclara
525 2301 651 2351 senatus
674 2294 813 2352 consulta
828 2290 941 2363 iecisti,
963 2306 1077 2363 nequa

45 2384 122 2452 post
137 2376 208 2435 Idus
226 2375 349 2436 Martias
369 2375 562 2436 immunitatis
584 2376 685 2435 tabula
697 2391 776 2434 neve
792 2372 970 2447 cuiusquam
985 2374 1076 2433 bene·
1125 2428 1128 2435 .

42 2458 110 2519 ficii
132 2459 284 2533 figeretur.
328 2458 488 2519 Meministi
511 2461 578 2534 ipsc
594 2459 633 2518 de
648 2458 822 2530 exsulibus,
837 2457 899 2516 seis
917 2457 956 2517 de
971 2456 1076 2517 immu-

42 2540 142 2603 nitate
162 2540 235 2616 quid
253 2539 378 2600 dixeris.
422 2541 573 2615 Optimum
586 2559 672 2615 vero,
689 2541 772 2616 quod
787 2539 952 2600 dictaturae
967 2557 1077 2601 nomen

42 2624 80 2685 in
101 2632 282 2698 perpetuum
304 2625 396 2683 dere
417 2624 537 2696 publice
559 2625 715 2686 sustulisti.
767 2623 831 2697 Quo
856 2624 977 2698 quidem
998 2625 1077 2683 lacte

41 2716 164 2768 tantum
183 2715 213 2767 te
235 2706 357 2781 cepisse
380 2705 481 2765 odium
505 2707 591 2781 regni
612 2708 779 2780 videbatur,
808 2715 840 2766 ut
868 2709 934 2767 eius
957 2722 1076 2767 omnem

44 2798 175 2865 propter
195 2790 364 2865 proximum
386 2788 562 2848 dictatorem
581 2799 693 2850 metum
711 2792 845 2850 tolleres.
893 2789 944 2849 92.
962 2786 1077 2847 Consti-

15 2892 21 2899 ·
43 2882 113 2933 tuta
131 2889 182 2933 res
212 2873 334 2946 publica
356 2870 610 2945 videbaturaliis,
626 2871 784 2931 mihivcro
801 2871 1004 2940 nullomodo,
1027 2866 1077 2942 qui

28 2950 151 3017 brunia
172 2964 202 3014 te
224 2956 411 3029 gubernante
435 2955 592 3028 naufragia
609 2953 788 3013 metuebam.
831 2953 908 3011 Num
924 2951 1014 3026 igitur
1028 2966 1076 3010 me

46 3039 176 3099 lelellitt
197 3047 249 3097 aut
269 3054 340 3096 num
361 3035 473 3096 diutius
495 3036 543 3096 sui
564 3036 661 3110 potuit
679 3052 750 3096 esse
772 3033 949 3095 dissimilis?
971 3035 1076 3107 lnspc·

45 3121 199 3183 cientibus
222 3121 309 3181 vobis
329 3129 392 3181 tcto
408 3117 556 3193 capitolio
577 3120 697 3179 tabulae
715 3118 899 3192 figebantur,
911 3132 1012 3190 neque
1027 3131 1076 3175 so-

47 3198 112 3267 lum
133 3203 260 3278 singulis
280 3202 424 3262 venibant
445 3201 669 3274 immunitates,¹
686 3201 741 3262 sed
762 3199 850 3260 etiam
869 3198 992 3275 populis
1012 3197 1075 3258 uni-

48 3288 158 3347 versis.
207 3285 319 3346 ¹Civitas
335 3302 395 3345 non
411 3283 470 3343 inm
485 3281 670 3358 singillatim,
684 3285 740 3344 sed
757 3282 925 3357 provinciis
939 3281 1010 3343 totis
1024 3282 1076 3343 da·

46 3366 145 3432 batur.
194 3369 299 3443 Itaque
314 3368 340 3428 si
354 3369 430 3427 haec
445 3376 578 3441 manent,
601 3384 680 3442 quae
700 3374 855 3505 staut309re
872 3365 993 3440 publica
1014 3380 1075 3423 ma·

119 3465 173 3508 mc.
192 3464 281 3510 onan.
624 3498 627 3504 .
