2356 3854
68 157 146 257 'aad
382 190 811 255 raonsumaoanrto.

80 348 129 406 An
145 343 196 406 tibi
211 343 388 419 Pompeiani
409 344 586 404 coniurasse
601 342 762 402 videntur?
783 341 852 416 quis
876 342 937 402 hoc
959 342 1004 402 dil

83 433 193 505 quaml
204 433 257 488 aut
272 443 351 502 quae
368 427 423 486 luit
432 425 528 488 istius
537 425 582 485 rei
591 427 641 485 vel
651 425 775 487 minima
786 425 948 499 suspicior
969 426 1005 485 Di

81 510 192 587 inquit,
209 526 265 570 eos
280 527 298 570 a
314 509 447 580 colonis,
470 519 503 570 ut
522 508 583 570 hoc
604 508 733 569 discidio
754 524 791 568 ac
815 508 1004 568 dissensioni

82 593 227 670 oppidum
249 592 281 652 in
301 610 358 653 sua
380 600 529 668 potestate
555 600 662 666 posset
683 608 738 666 per
760 590 968 665 Pompeianos
990 591 1004 649 i

80 677 209 737 Primum
232 676 331 736 omnis
352 675 603 750 Pompeianorum
624 677 865 749 colonorumque
884 675 1004 734 dissens

81 763 143 822 lata
157 760 196 819 ad
211 768 358 834 patronos
376 767 438 831 est,
462 774 554 832 quum
575 757 633 816 iam
654 758 857 817 inveterasset
876 773 913 817 ac
934 760 1004 817 mult

81 859 139 904 nos
156 851 241 903 esset
262 843 387 918 agitata:
408 840 519 901 deinde
539 840 612 900 itaa
630 839 765 915 patronis
788 857 839 899 res
861 838 1004 914 cognita<

82 927 165 987 nulla
193 925 224 984 in
245 943 279 1001 re
299 943 318 984 a
340 933 527 984 caeterorum
554 923 709 983 sententiis
731 922 816 983 Sulla
836 921 1004 983 dissenseri

83 1018 195 1071 stremo
214 1008 315 1069 coloni
330 1007 391 1082 ipsi
417 1007 461 1066 sic
485 1006 669 1081 intelligunt,
695 1022 757 1065 non
772 1005 981 1081 Pompeianos
1002 1046 1004 1059 .

82 1091 179 1166 magis
197 1107 287 1164 quarn
304 1106 375 1150 sese
390 1106 461 1149 esse
475 1090 630 1165 defensos.
653 1087 704 1150 ol.
725 1091 827 1163 Atque
842 1089 912 1159 hoc,
930 1088 1004 1149 iudit

81 1176 139 1234 hac
153 1171 324 1247 frequentia
340 1175 531 1244 colonorum,
547 1170 831 1233 honestissimorum
844 1171 1003 1232 hominurn

81 1257 176 1331 ligore
192 1253 330 1330 potestis,
347 1253 399 1328 qui
414 1255 535 1331 adsum,
554 1256 705 1315 laborentr
726 1255 808 1316 hunc
822 1264 997 1329 patronum,

83 1355 193 1411 sorem,
209 1337 366 1399 custodem
385 1336 467 1397 illius
485 1337 623 1398 coloniae
638 1337 710 1398 siin
728 1337 810 1398 omni
830 1339 955 1398 lortuna
976 1347 1004 1398 at

84 1421 165 1482 omni
198 1421 315 1481 honore
345 1421 667 1490 incolumemlrabere
695 1436 756 1480 non
784 1425 967 1496 potuerunt,
998 1421 1004 1480 i

82 1514 286 1575 tamencum,
316 1501 347 1561 in
362 1520 424 1578 quo
439 1502 581 1563 edilictus
603 1503 695 1576 iacet,
728 1520 784 1578 per
799 1521 857 1564 vos
873 1505 975 1564 iuvari
993 1520 1004 1563 o

82 1587 210 1663 verique
237 1585 371 1660 cupiunt.
414 1587 536 1648 Adsunt
559 1586 625 1661 pari
653 1587 754 1648 studio
782 1587 978 1662 Pompeiani,

81 1669 149 1732 istis
171 1670 258 1730 etiam
279 1669 309 1730 in
329 1669 443 1730 crimen
468 1677 629 1730 vocantur=
663 1670 713 1744 qui
733 1669 775 1729 lta
794 1671 834 1733 de
858 1671 1005 1731 ambulati

83 1752 122 1813 de
151 1750 304 1828 suffragiis
333 1753 399 1814 suis
426 1770 495 1815 cum
522 1753 639 1813 colonis
665 1753 891 1826 dissenserunt,
919 1762 955 1814 ut
976 1754 1004 1813 id

84 1838 234 1897 communi
249 1837 346 1897 salute
360 1837 515 1902 sentirent.
547 1836 597 1897 62.
614 1839 660 1896 Ac
675 1852 715 1895 ne
729 1835 805 1896 haec
824 1835 949 1909 quidem
967 1837 999 1895 P.

83 1919 155 1978 mihi
171 1920 288 1979 videtur
302 1918 422 1981 silentio
442 1920 663 1994 praetereunda
678 1935 748 1978 esse
764 1919 876 1992 virtus,
900 1921 1003 1994 quod,

84 2001 194 2061 abhoc
208 2002 259 2061 illa
270 2002 391 2061 colonia
405 2003 536 2063 deducta
550 2002 596 2074 sit,
611 2011 640 2061 et
654 2018 746 2076 quum
761 2003 924 2062 commoda
938 2005 1004 2062 colo

84 2100 102 2142 a
119 2083 248 2167 lortqnis
262 2083 514 2159 Pompeianorum
527 2084 571 2144 rei
588 2085 726 2159 publicae
746 2087 866 2146 fortuna
881 2085 1004 2145 diiunxr

84 2182 174 2228 carus
192 2166 329 2240 utrisque
343 2175 391 2228 est
404 2175 496 2242 atque
506 2167 667 2238 iucundus,
678 2176 711 2228 ut
725 2185 785 2228 non
800 2169 915 2228 alteros
928 2170 1004 2228 dem

83 2251 139 2310 sed
155 2258 303 2324 utrosque
318 2249 513 2310 constituisse
527 2250 674 2311 videatur.

166 2333 256 2393 XXII.
275 2334 317 2393 At
333 2331 413 2392 enim
428 2340 458 2393 et
473 2331 657 2407 gladiatores
675 2342 705 2393 et
725 2331 822 2391 omnis
843 2333 903 2392 ista
922 2333 970 2393 vis
985 2350 1004 2393 r

83 2414 132 2474 nis
150 2415 298 2476 Caeciliae
312 2431 407 2477 causa
423 2416 664 2491 comparabatur.
707 2419 808 2488 Atque
825 2414 856 2473 in
873 2416 935 2475 hoc
953 2419 1004 2477 loo

84 2497 254 2568 Caecilium,
273 2498 525 2573 pudentissimum
541 2505 632 2572 atque
650 2497 875 2557 ornatissimum
894 2498 997 2559 virum

82 2586 199 2639 menter
214 2580 354 2642 invectus
368 2589 429 2641 ests
453 2581 539 2641 cuins
557 2597 614 2656 ego
631 2583 669 2640 de
689 2580 798 2640 virtute
813 2589 843 2641 et
860 2591 1004 2642 constant

46 2691 49 2699 ·
83 2659 177 2732 dices,
193 2669 306 2723 tantum
323 2663 403 2735 dico,
420 2664 510 2723 talem
524 2665 603 2724 hunc
618 2663 647 2722 in
665 2663 723 2724 ista
736 2663 913 2738 rogatione,
936 2683 1004 2740 qua:

81 2745 231 2819 mulgarat
246 2762 307 2805 non
322 2746 361 2805 de
375 2746 522 2817 tollenda,
545 2747 600 2808 sed
620 2747 658 2806 de
672 2747 803 2806 levanda
820 2747 996 2808 calamitate

83 2826 140 2898 s'ul,
157 2827 263 2898 luisse,
281 2837 315 2888 ut
328 2828 489 2889 consulere
508 2829 638 2889 voluerit
658 2829 757 2898 fratri,
780 2845 849 2888 cum
863 2842 898 2887 re
915 2833 1004 2904 publi

82 2926 176 2984 gnare
189 2911 334 2972 nolueritr
349 2913 547 2988 promulgarit
561 2912 709 2985 impulsus
725 2927 829 2970 amore
848 2913 1004 2986 fraterno,

80 2993 150 3051 terit
165 2993 264 3054 fratris
278 2995 456 3056 anctoritate
471 2995 631 3055 deductus.
673 2993 724 3055 63.
743 2996 845 3069 Atque
860 2993 890 3053 in
907 3013 947 3056 ea
962 3015 999 3057 re

84 3073 246 3136 caecilium
262 3076 347 3136 Sulla
363 3087 534 3150 accusatam,
548 3076 578 3136 in
595 3093 655 3150 qua
672 3092 705 3134 re
720 3084 768 3135 est
781 3084 912 3151 uterque
928 3081 1004 3140 laud

83 3151 212 3225 primum
227 3157 391 3232 Caecilius,
408 3152 461 3235 qui
476 3159 503 3220 si
518 3160 550 3219 id
566 3160 782 3234 promulgavit,
803 3160 833 3218 in
851 3177 915 3233 quo
934 3180 990 3222 res

83 3239 131 3292 tas
141 3233 300 3300 videbatur
310 3241 446 3305 voluisse
456 3242 640 3313 rescindere,
652 3249 684 3301 ul
698 3241 910 3302 restitueretur
923 3244 1004 3305 Sulla

82 3315 297 3389 rOllrfeirendisr
320 3332 417 3383 status
433 3326 513 3387 enim
532 3323 577 3383 rel
597 3324 737 3398 publicae
757 3323 891 3384 maxime
914 3327 1002 3389 iudic

82 3395 143 3454 bus
158 3397 342 3460 continetarr
370 3412 472 3482 neque
495 3407 691 3482 egotantum'
705 3407 839 3467 lratarno
861 3409 963 3471 amori
985 3411 1004 3472 d
