2356 3854
138 181 201 244 aaa
351 127 453 241 ¹iao
471 181 618 240 sacam
631 179 755 239 roura
768 148 951 253 caurio

69 345 73 356 ·
138 341 283 408 quantum
299 332 338 389 ad
360 332 455 391 lestos
472 331 539 390 dics
561 330 700 389 ludorum
720 328 936 402 celebrandos,
959 337 1098 404 quantum
1113 331 1142 390 al
1172 331 1175 337 '

103 486 107 493 Ι
137 417 213 475 alias
227 416 398 487 voluptates
413 423 444 474 et
456 414 497 472 ad
512 413 611 487 ipsam
630 412 766 486 requiem
781 409 872 471 animi
887 418 919 471 et
936 411 1075 486 corporis
1087 427 1141 474 con·
1170 420 1176 444 ²·

73 525 75 531 .
138 496 254 557 ceditur
268 505 451 570 temporum,
477 505 620 570 quantum
640 494 690 553 alii
706 495 838 554 tribuunt
852 488 1044 569 tempestivis
1061 495 1141 554 conn-

136 579 211 653 viis‚
227 577 371 653 quantum
385 579 516 652 denique
532 579 677 646 alveolc‚'
690 574 943 652 quantum'pilae‚
963 585 1078 637 tantum
1090 576 1141 637 mili

137 668 257 735 egomet
270 661 310 721 ad
321 661 398 720 haec
409 660 509 721 studia
519 661 683 720 recolenda
696 665 880 733 sumpserat
900 661 1005 732 Atque
1015 658 1074 719 hoc
1083 660 1140 719 adca

21 802 28 807 .
137 743 208 802 mihi
223 743 451 804 concedendum
466 753 513 803 est
525 742 639 816 magis,
657 742 740 816 quod
754 758 793 801 ex
809 740 855 800 his
871 742 983 802 studiis
998 743 1140 818 haecque
1167 761 1168 764 ¹

137 843 197 901 que
212 825 322 886 crescit
336 825 431 886 aratio
447 834 477 885 et
492 827 628 896 facultas,
644 840 723 898 quae
740 832 989 898 quantacumque
1004 825 1089 884 estin
1101 841 1140 896 ma

135 925 300 983 numquam
315 910 480 967 amicorum
502 907 646 983 periculis
662 906 764 976 deluit.
798 905 881 978 Quae
897 905 924 965 si
940 907 993 966 cui
1009 908 1139 967 levioru-
1167 915 1178 942 ·

137 993 231 1064 detur,
247 991 298 1050 illa
310 990 431 1064 quidem
443 1000 534 1063 certe,
550 1005 628 1064 quae
640 1005 757 1049 summa
769 997 848 1062 sunt,
862 1005 901 1048 ex
913 1006 978 1063 quo
993 991 1077 1051 lonte
1087 990 1138 1049 lar·

135 1075 211 1133 riam
232 1072 340 1133 sentio.
382 1071 430 1132 14.
453 1073 527 1131 Nam
546 1073 605 1132 nisi
628 1073 787 1132 multorum
808 1071 983 1147 praeceptis
1000 1070 1143 1146 mutam

135 1155 241 1216 littaris
267 1155 339 1213 mihi
363 1155 401 1214 ab
426 1155 633 1215 adolescentia
657 1156 824 1215 suasissem
849 1153 924 1214 nihil
938 1155 1024 1234 'esse
1048 1156 1078 1215 in
1095 1155 1138 1214 aa

135 1253 245 1312 magno
261 1252 356 1312 opere
373 1238 576 1310 expetendum
593 1237 653 1297 nisi
667 1238 787 1297 laudem
800 1246 893 1312 atque
908 1237 1137 1311 honestatem,ia

136 1337 174 1381 ca
187 1328 287 1387 autem
301 1320 516 1393 persequenda
530 1337 636 1380 omnes
651 1319 803 1380 cruciatus
819 1319 978 1393 corporis,
996 1320 1137 1399 omnmpe

119 1404 230 1480 *naula
244 1401 348 1461 mortis
363 1408 455 1475 atquc
470 1403 568 1462 exsilii
584 1402 669 1477 parvi
684 1419 754 1462 esse
769 1402 917 1475 ducenda,
934 1419 1097 1479 numquam
1106 1417 1137 1460 nc

134 1501 192 1561 pro
209 1486 306 1544 salute
323 1490 425 1544 vestra
444 1484 541 1545 in‘tot
555 1500 591 1544 ac
607 1493 705 1545 tantas
727 1483 937 1546 dimicationes
952 1494 1048 1560 atque
1060 1488 1089 1546 in
1099 1486 1137 1544 las

137 1567 364 1645 profligatorum
378 1567 532 1628 hominum
551 1567 720 1627 cotidianos
734 1567 864 1642 impetus
880 1567 1075 1629 obiecissem.
1097 1566 1138 1628 Sel

133 1650 218 1726 pleni
238 1666 344 1710 omnes
362 1658 433 1711 sunt
446 1650 529 1724 libri,
551 1652 661 1725 plenae
677 1650 858 1724 sapientium
875 1667 987 1723 voces,
1008 1654 1137 1726 plenaax·

135 1735 302 1808 emplorum
322 1742 474 1794 vetustas:
501 1750 580 1808 quae
600 1733 733 1793 iacerent
753 1733 783 1792 in
804 1733 936 1793 tenebris
961 1735 1078 1809 omnia,
1099 1729 1140 1793 uia'

134 1815 298 1876 litterarum
317 1818 418 1876 lumen
440 1817 609 1877 accederet.
654 1816 749 1888 Quam
769 1817 878 1876 multas
899 1816 992 1876 nobis
1020 1817 1140 1892 imaginat

134 1915 196 1959 non
212 1901 310 1959 solum
324 1899 363 1958 ad
377 1899 562 1970 intuendum,
587 1915 692 1959 verum
706 1898 795 1958 etiam
809 1900 849 1958 ad
862 1898 1045 1960 imitandum
1066 1898 1141 1961 rorte
1169 1913 1178 1986 p

136 1982 280 2041 simarum
302 1981 432 2042 virorum
458 1997 624 2058 expressas
645 1981 810 2057 scriptores
831 1991 860 2042 et
882 1981 992 2042 Graeci
1020 1992 1051 2044 et
1068 1977 1141 2042 Latini
1170 1988 1178 2095 ἰ

134 2064 337 2137 reliquerunt!
362 2082 439 2140 quas
455 2083 512 2141 ego
529 2065 601 2124 mihi
622 2080 742 2139 semper
757 2063 787 2123 in
804 2064 1048 2126 administranda
1062 2079 1140 2139 repa

134 2144 214 2205 blica
235 2146 412 2220 'proponens
426 2148 557 2208 animam
578 2156 608 2207 et
628 2157 758 2207 mentem
772 2164 871 2207 meam
891 2148 961 2222 ipsa
982 2147 1142 2224 cogitatione

135 2228 290 2288 hominum
306 2230 516 2290 excellentium
532 2222 774 2291 conlormabam:

218 2313 284 2372 Vll.
300 2308 347 2373 15.
372 2313 500 2386 Quaeret
520 2312 687 2389 quispiam:
712 2312 807 2387 quidt
832 2311 874 2371 illi
894 2311 956 2386 ipsi
972 2314 1083 2374 summi
1095 2308 1142 2380 vll.

136 2409 265 2467 quorum
279 2395 405 2456 virtutes
419 2395 524 2456 litteris
540 2396 771 2471 proditaesunt,
792 2395 891 2455 istane
905 2395 1058 2471 doctrina,
1074 2408 1143 2471 quam
1173 2403 1178 2479 l

135 2483 168 2535 tu
181 2475 272 2536 effers
287 2477 436 2552 laudibus,
451 2478 560 2559 eruditi
575 2480 717 2539 lueruntt
736 2478 866 2538 Difficile
880 2485 929 2536 est
943 2480 1006 2539 hoc
1017 2481 1057 2540 de
1070 2474 1144 2540 cmm·
1173 2481 1178 2563 Ἰ

134 2557 193 2616 bus
217 2560 409 2634 confirmare,
437 2563 493 2621 sed
514 2570 613 2622 umen
640 2570 687 2622 est
711 2569 825 2621 certum
848 2560 921 2634 quid
946 2563 1144 2638 respondem
1175 2580 1178 2646 l

134 2640 198 2713 Ego
224 2643 334 2709 multos
355 2643 494 2703 homines
516 2643 676 2721 excellenti
697 2644 797 2704 animo
821 2659 857 2702 ac
882 2641 994 2705 virtute
1016 2646 1145 2709 suismet
1176 2649 1178 2727 j

135 2722 202 2782 sine
218 2724 354 2785 doctrina
365 2734 489 2786 naturae
500 2726 598 2801 ipsius
612 2727 715 2787 habitu
728 2740 824 2801 prope
839 2725 943 2786 divino
960 2743 1019 2801 per
1033 2728 1145 2803 seipsa
1176 2733 1178 2795 l

135 2814 165 2866 et
179 2808 351 2868 moderatos
366 2818 519 2884 etgraves
534 2810 689 2870 exstitisse
704 2812 814 2870 lateora
832 2811 922 2869 etiam
933 2809 1010 2869 illud
1017 2810 1145 2883 ‘autumn

135 2889 260 2964 saepius
284 2891 323 2950 ad
347 2892 466 2952 laudem
494 2899 585 2967 atque
608 2892 744 2953 virtutem
771 2899 907 2951 naturam
930 2891 1001 2952 sine
1028 2890 1145 2954 docrua

135 2989 226 3046 quam
242 2972 307 3032 sine
322 2982 428 3035 natura
443 2976 578 3035 valuisse
593 2976 767 3035 doctrinam.
799 2977 901 3049 Atque
916 2974 1002 3034 idem
1019 2993 1077 3061 egp
1088 2988 1144 3035 con·

136 3057 242 3128 tendo,
261 3073 352 3130 quum
367 3058 406 3116 ad
421 3068 557 3118 naturam
572 3057 712 3117 eximiam
727 3064 818 3132 atque
834 3060 980 3118 illustrem
999 3052 1146 3120 accmsttil

86 3202 93 3210 ,
134 3139 211 3198 ratio
229 3141 378 3213 quaedam
401 3139 664 3214 conformatioque
682 3140 855 3213 doctrinae,
879 3140 1040 3218 turuillud
1058 3135 1145 3201 nosch

136 3217 209 3290 quid
224 3224 411 3299 praeclarum
432 3238 469 3282 ac
490 3222 634 3298 singulari
650 3225 750 3284 solere
769 3223 927 3284 exsistere.
971 3224 1024 3283 lo.
1046 3221 1145 3284 Exlcc

64 3347 70 3361 ,
135 3312 206 3358 esse
218 3302 299 3363 hunc
311 3322 447 3379 numero,
462 3323 550 3381 quem
567 3315 667 3379 patres
682 3304 779 3367 nostri
794 3305 943 3380 viderunt,
957 3303 1142 3367 divinante
