2356 3854
85 155 149 227 tao
351 156 390 214 tu
402 156 437 214 L.
455 94 665 215 c'mummu
682 155 823 218 ortano
839 159 862 219 1.

85 310 155 373 culo
171 320 287 377 essem,
304 305 387 379 quod
402 303 510 365 iisdem
520 304 685 367 ¹moenibus
701 307 932 381 contineremur,
949 327 974 369 at

84 390 186 455 tellum
202 397 371 462 praetorem
384 387 508 447 venisti:
524 405 614 462 aquo
628 390 806 463 repudiatus
818 392 858 450 ad
870 394 974 452 sodale

85 472 182 533 virum
204 470 357 545 optimum,
372 469 413 528 Μ.
427 471 602 531 Marcellum
618 471 808 546 demigrasti=
818 469 917 547 ¹quem
930 484 962 535 tu

84 555 172 617 etad
194 553 428 613 custodiendum
452 563 481 615 te
503 553 764 628 diligentissimum
786 564 816 616 et
841 558 881 616 ad
896 575 974 633 susp

84 635 316 719 sagacissimum
333 645 369 697 et
388 637 428 696 ad
450 636 883 699 vindicandumlonissimum
904 642 970 700 lore

84 720 146 783 Sed
167 736 257 796 quam
277 721 368 795 longe
389 719 508 779 videtur
529 737 547 780 a
568 736 691 781 carcere
712 729 804 796 atque
821 739 839 781 a
854 722 974 783 vinculi

84 804 212 879 debere,
236 802 289 879 qui
309 819 345 886 se
366 803 434 878 ipse
456 803 515 863 iam
533 802 658 878 dignum
679 803 819 864 custodio
838 805 975 867 iudicarit

84 904 177 963 quum
193 888 235 948 ita
249 887 323 959 sint,
351 886 490 961 Catilina,
512 886 647 960 dubitas,
669 886 696 946 si
711 886 806 947 emori
820 903 920 962 aequo
936 907 973 948 an

82 979 189 1045 polee,
212 969 302 1030 abire.
320 969 350 1028 in
366 969 485 1043 aliquas
500 978 596 1029 terras
618 978 648 1030 et
666 969 760 1031 vitam
785 970 889 1045 istam,
916 975 974 1032 mul

82 1053 184 1129 pliciis
204 1052 294 1115 iustis
314 1051 488 1127 debitisque
505 1063 655 1129 ereptam,
682 1055 784 1127 fugae·
797 1054 974 1130 solitudiniq

83 1137 179 1198 daret
906 1140 908 1144 '

164 1220 272 1292 Refer,
287 1217 403 1294 inquis,
419 1219 459 1279 ad
474 1227 628 1279 senatum:
648 1219 681 1279 id
697 1220 776 1280 enim
793 1223 932 1294 postulas
947 1231 974 1280 et

83 1302 159 1363 ordo
173 1304 296 1377 placere
311 1302 481 1362 decreverit
496 1311 525 1362 te
539 1302 583 1362 irc
598 1302 627 1361 in
646 1303 778 1376 exilium,
794 1305 974 1379 obtempera

83 1390 154 1446 esse
170 1384 256 1445 dicis.
272 1385 351 1462 „lton
365 1387 510 1456 referam,
538 1385 570 1443 id
585 1387 668 1460 quod
684 1386 826 1447 abhorret
841 1403 860 1446 a
877 1387 974 1446 meisi

83 1477 113 1530 et
128 1467 354 1549 tamen-faciam
369 1476 401 1529 ut
412 1467 561 1542 intelligas
574 1468 647 1542 quid
657 1468 688 1528 hi
704 1471 742 1530 de
753 1478 782 1530 te
794 1470 935 1530 sentiant.
960 1471 974 1527 l

83 1568 123 1613 ex
140 1551 230 1624 urbe,
249 1549 496 1623 Catilinalibera
510 1566 575 1610 rem
589 1552 741 1627 publicam
755 1561 851 1624 metu,
868 1552 898 1611 in
917 1569 973 1613 exs

83 1635 160 1695 lianc
173 1651 283 1717 rocem
297 1642 471 1711 exspectas,
486 1635 693 1711 proficiscere.
725 1634 804 1707 Quid
819 1644 880 1708 est,
892 1635 972 1695 Catil

83 1715 164 1794 quid
179 1717 334 1779 attendis?
357 1718 470 1792 ecquid
491 1716 707 1779 animadvertis
731 1718 839 1779 horum
858 1718 974 1778 silentiu

67 1803 202 1875 liuntur,
214 1811 324 1864 tacent.
342 1801 420 1874 onio
430 1811 593 1876 exspectas
605 1802 813 1863 auctoritatem
825 1801 974 1876 loquenti

81 1903 147 1945 rum
166 1887 353 1957 voluntatem
373 1887 531 1946 tacitorum
550 1883 725 1960 perspicis?
764 1881 815 1945 21.
840 1889 881 1944 At
905 1886 931 1944 si
952 1886 972 1943 h

81 1968 152 2030 huic
167 1969 355 2030 adolescenti
370 1968 484 2048 optimo
495 1969 529 2029 Ῥ.
548 1967 659 2040 Sestio,
678 1967 704 2027 si
720 1967 885 2028 fortissimo
903 1969 968 2027 viro

83 2054 159 2111 cello
175 2051 339 2125 dixissem,
361 2051 421 2111 iam
434 2051 508 2112 mihi
534 2052 654 2112 consuli
675 2050 735 2112 hoc
754 2051 824 2126 ipso
848 2052 879 2111 in
899 2060 974 2126 temp

82 2143 132 2195 tus
146 2134 212 2194 iure
227 2134 341 2215 optimo
358 2134 417 2193 vim
436 2143 465 2195 et
476 2151 585 2195 manus
605 2134 766 2195 intulisset.
782 2136 841 2194 ,De
856 2143 885 2193 te
903 2145 973 2195 aute

81 2217 157 2292 lina,
175 2235 268 2292 quum
287 2215 462 2292 quiescunt,
479 2217 624 2293 probant:
641 2234 733 2292 quum
746 2218 915 2292 patiuntur,
933 2221 972 2277 de

84 2318 177 2377 quum
191 2309 301 2373 tacent,
317 2301 462 2362 clamant:
481 2317 582 2377 neque
594 2301 625 2360 hi
641 2303 754 2374 solum,
771 2317 898 2374 quorum
914 2301 968 2361 tibi

1 2425 3 2430 ι
81 2393 130 2446 tas
145 2393 192 2445 est
206 2384 348 2445 videlicet
361 2400 446 2458 cara,
470 2383 533 2445 vita
555 2384 716 2455 vilissima,
743 2384 800 2443 sed
821 2383 909 2443 etiam
930 2384 973 2443 illi

82 2468 221 2542 Romani,
235 2467 445 2529 honestissimi
456 2475 547 2542 atque
563 2466 669 2542 optimi
684 2464 749 2540 viri,
767 2466 942 2540 caeterique
958 2468 974 2524 l«

84 2549 184 2624 civeS,
201 2551 254 2626 qui
271 2552 466 2612 circumstant
487 2560 640 2623 senatum,
666 2567 794 2624 quorum
815 2557 848 2610 tu
868 2558 897 2608 et
913 2551 974 2624 free

82 2633 190 2695 videre
202 2643 232 2694 et
246 2635 346 2694 studia
360 2634 536 2710 perspicere
551 2642 580 2694 et
594 2649 689 2713 voces
705 2634 807 2707 paullo
820 2640 889 2691 ante
901 2648 974 2693 exat

83 2716 176 2778 luisti.
207 2717 341 2789 Quorum
363 2733 420 2792 ego
436 2717 489 2777 vix
509 2719 565 2778 abs
580 2727 610 2778 te
626 2717 685 2776 iam
703 2716 755 2775 diu
770 2732 877 2774 manus
893 2731 930 2773 ac
945 2724 975 2774 te

50 2848 57 2856 .
83 2816 158 2873 neo,
181 2801 307 2862 eosdem
325 2800 413 2860 facile
431 2802 595 2873 adducam,
616 2809 649 2860 ut
663 2809 692 2859 te
707 2799 797 2871 haec,
821 2814 973 2872 quaeras

83 2874 202 2960 pridem
219 2885 335 2956 studes,
351 2884 569 2959 relinquentem
584 2899 685 2958 usque
704 2882 743 2941 ad
758 2891 863 2956 portas
879 2898 973 2955 prose

166 2969 216 3029 tx.
232 2967 282 3028 22.
299 2967 487 3042 Quamquam
504 2967 577 3041 quid
592 2970 722 3042 loquor?
736 2966 776 3024 Te
789 2974 823 3025 ut
836 2966 898 3024 ulla
912 2982 964 3024 res

84 3060 117 3111 tu
132 3058 167 3113 ut·
187 3068 331 3128 umquam
347 3060 377 3112 te
395 3050 554 3124 corrigas?
587 3059 618 3110 tu
642 3059 673 3110 ut
696 3049 788 3107 ullam
819 3048 921 3122 fugam
947 3065 974 3104 m

85 3141 118 3193 tu
130 3142 164 3194 ut
178 3135 319 3196 exsilium
334 3135 472 3211 cogites?
486 3133 606 3194 Utinam
620 3132 673 3193 tibi
688 3129 777 3192 istam
793 3140 924 3191 mentem
942 3129 973 3188 di

60 3278 65 3289 ,
84 3216 162 3274 tales
176 3217 276 3292 duint!
291 3218 411 3280 tametsi
428 3216 527 3291 video,
546 3219 572 3278 si
588 3233 655 3277 mea
669 3231 746 3275 voce
761 3214 937 3289 perterritus
955 3213 974 3270 i1

86 3296 186 3358 silium
200 3301 332 3361 animum
348 3300 521 3374 induxeris,
545 3308 658 3375 quanta
679 3306 845 3372 tempestas
866 3295 974 3355 invidia

40 3418 41 3422 =
86 3376 115 3441 si
140 3379 240 3442 miuus
261 3383 292 3443 in
312 3401 461 3460 praesens
483 3392 619 3458 tempus,
656 3381 771 3442 recenti
796 3379 974 3440 memorias
