2356 3854
309 174 544 241 cnP.1—e
564 182 591 243 s
603 182 688 238 ι-ι-
973 160 1037 249 2oe

56 276 252 385 ocentiamP
268 322 376 397 Sullae
386 325 440 384 de
438 327 575 399 enderel,
596 344 710 401 quaero
736 344 790 388 eur
812 328 865 404 qui
881 329 981 389 editus
995 331 1036 391 ed

56 424 129 473 sem
141 405 306 471 Hortensio
325 409 455 502 patuerit
481 408 553 468 milri
576 409 759 471 interclusus
783 428 855 472 esse
877 412 1036 473 debuerilt

57 507 114 551 ero
136 488 213 551 illud
232 488 337 563 etiam,
363 489 391 550 si
410 508 474 565 me,
501 490 553 565 qui
575 493 721 566 delendo,
748 496 1035 570 reprehendendum

56 592 88 634 rs
113 589 204 645 esse,
225 571 299 646 quid
319 575 442 635 tandem
463 575 501 634 de
521 575 569 634 his
590 575 746 637 existimes
767 578 893 638 summis
916 578 990 638 viris
1005 586 1036 640 et

56 655 179 719 issimis
194 654 323 726 civibus,
340 674 469 734 quorum
486 658 587 718 studio
603 666 634 718 et
646 658 790 732 dignitate
808 658 956 721 celebrari
974 661 1034 725 hoo

56 739 157 813 icium,
171 737 272 799 omari
284 754 425 813 oausam,
447 741 571 801 delendi
590 740 681 801 huius
703 739 908 802 innoceniiam
922 743 1035 821 videet

56 841 62 881 ι
86 822 171 888 enim
192 830 240 883 est
260 838 321 883 une
340 823 417 883 ratio
440 823 628 884 detensionis
650 840 702 895 ea,
728 841 808 898 quae
827 825 928 898 posin
943 826 1033 886 estin

56 907 154 967 tione:
170 920 285 976 omnes,
302 904 355 980 qui
370 907 489 977 adsunt,
503 906 555 981 qui
566 908 712 980 laborant,
725 907 777 982 qui
789 910 906 968 salvum
921 904 1034 981 uolunt,

69 1005 129 1051 sue
144 995 230 1063 parte
245 996 338 1063 atque
355 990 533 1051 auctoritate
554 991 730 1052 detendunt.
773 988 802 1051 5.
824 994 872 1050 An
891 1005 980 1062 vero,
1002 989 1034 1049 in

56 1074 113 1133 bus
130 1071 286 1132 subselliis
301 1072 377 1131 haec
399 1081 576 1133 ornamenta
589 1090 625 1134 ao
641 1075 754 1134 lumina
774 1073 819 1134 rei
834 1073 976 1148 publicae
990 1072 1032 1131 vi-

56 1172 113 1230 em,
130 1154 162 1215 in
178 1152 227 1215 his
240 1171 289 1215 me
304 1171 455 1229 apparere
469 1157 596 1230 nollem,
619 1174 748 1232 quorum
764 1173 821 1231 ego
843 1157 927 1221 illum
943 1156 974 1214 in
988 1157 1033 1214 lo·

56 1247 216 1313 eatque
208 1237 239 1299 in
265 1238 344 1298 hane
365 1238 605 1299 excelsissimam
630 1241 735 1301 sedem
763 1239 916 1314 dignitatis
942 1246 1034 1313 atque
1109 1296 1116 1307 ,

56 1320 126 1382 roris
142 1310 243 1383 mullis
258 1320 334 1381 meis
350 1337 386 1380 ae
400 1322 517 1396 magnis
542 1323 697 1384 laboribus
713 1332 743 1385 et
757 1323 899 1398 periculis
920 1338 1031 1383 aseen-

56 1411 137 1466 semt
156 1405 260 1479 Atque
275 1394 309 1465 ut
321 1404 480 1480 intelligas,
496 1405 663 1482 Torquate,
689 1424 778 1481 quem
793 1423 939 1478 accuses,
963 1406 990 1465 si
1003 1412 1033 1467 te

56 1489 126 1548 leid
142 1487 277 1582 offendit,
291 1488 372 1562 quod
388 1505 455 1563 ego,
468 1488 519 1563 qui
530 1489 561 1548 in
572 1491 631 1550 hoo
649 1507 761 1565 genere
777 1488 965 1565 quaestionis
980 1490 1032 1548 de-

56 1571 149 1631 derim
163 1569 322 1643 neminem,
341 1588 401 1631 non
418 1572 515 1632 desim
528 1572 559 1631 P.
574 1572 687 1646 Sullae,
704 1575 867 1633 recordare
882 1574 920 1632 de
934 1581 1032 1632 caete·

67 1655 270 1729 quosadesse
283 1653 354 1714 huic
368 1648 473 1714 vide'sz
496 1654 645 1728 intelliges
667 1664 698 1716 et
717 1656 834 1715 donoc
855 1663 885 1715 et
906 1655 944 1713 de
965 1655 1032 1714 aliis
1059 1712 1062 1718 .

56 1737 145 1798 icium
170 1751 271 1797 meum
286 1744 316 1797 et
329 1738 435 1797 horum
457 1755 512 1812 par
534 1746 625 1812 atque
645 1734 737 1798 uirum
760 1737 865 1796 luisse.
913 1735 943 1794 6.
960 1736 1033 1807 Quis

56 1829 137 1881 rtrum
153 1819 250 1882 adfuit
263 1820 472 1894 Vargunteio?
513 1821 623 1891 Nemo,
643 1814 681 1879 n'e
702 1819 752 1880 hio
767 1820 890 1893 quidem
904 1817 1032 1878 Horten·

56 1921 76 1978 s,
92 1903 273 1978 praesertim
286 1902 339 1978 qui
354 1903 437 1962 illum
460 1904 546 1963 solus
568 1910 659 1963 antea
681 1904 720 1962 de
743 1901 856 1963 ambitu
877 1901 1033 1961 delendis·
1082 1900 1088 1910 “

56 2031 58 2044 .
93 1987 161 2047 Non
176 1986 257 2046 enirn
273 1987 333 2046 iarn
347 2002 382 2047 se
396 1987 458 2045 ullo
474 1986 576 2046 officio
592 2003 661 2045 cum
676 1986 728 2046 illo
743 1985 937 2051 coniunctum
953 1984 1031 2044 arbi-

56 2078 143 2141 ratur,
171 2087 264 2144 quum
279 2069 329 2129 ille
341 2077 427 2149 tanto
443 2071 561 2130 scelere
576 2069 741 2131 commisso
764 2068 896 2129 omniurn
915 2067 1032 2129 officio-

56 2171 66 2212 ι
82 2153 259 2214 societatem
273 2153 454 2215 diremisset.
479 2152 551 2226 Quis
568 2158 708 2214 nostrum
723 2154 809 2217 Serv.
824 2152 947 2224 Sullam,
964 2151 1032 2224 quis

68 2235 137 2311 quis
152 2236 192 2295 Μ.
207 2237 352 2310 Laecam,
376 2235 445 2312 quis
461 2237 491 2295 C.
509 2237 679 2297 cernelium
700 2237 926 2298 defendendum
946 2240 1032 2307 pute-

56 2318 144 2394 lquis
156 2318 195 2379 iis
209 2319 319 2380 horum
331 2319 449 2381 adluit‘t
465 2320 571 2381 Nemo.
593 2320 670 2395 Quid
686 2321 748 2381 ilat
769 2319 844 2393 Quia
856 2319 885 2377 in
903 2313 1031 2377 caeteris

56 2403 103 2463 sis
119 2402 211 2462 etiam
224 2413 370 2464 nocentes
387 2403 442 2462 viri
456 2404 538 2476 boni,
555 2404 582 2464 si
599 2403 767 2464 necessarii
782 2410 867 2475 sunt,
889 2401 1031 2460 deseren-

56 2504 59 2543 ι
73 2502 216 2547 essenon
229 2495 350 2561 putant-2
363 2487 394 2548 in
405 2486 465 2546 hoc
477 2487 601 2547 annuae
613 2505 673 2547 non
685 2484 930 2548 solumlevitalis
943 2484 1032 2556 eulpa

70 2584 173 2639 verum
186 2569 276 2630 etiam
287 2571 437 2645 quaedam
449 2570 588 2645 contagio
602 2570 737 2642 sceleris
751 2569 777 2630 si
792 2569 939 2629 delendas
954 2582 1033 2638 eum,

56 2669 91 2711 rm
108 2651 284 2719 obstrietum
299 2670 370 2714 esse
389 2653 503 2728 patriae
518 2654 680 2729 parricidio
696 2652 864 2751 suspicere.
893 2650 921 2713 7
934 2648 1033 2724 Quid?

56 2734 148 2796 tronio
164 2752 265 2797 nonne
280 2737 415 2810 sodales,
430 2754 491 2796 non
504 2738 641 2812 collegae
655 2738 713 2811 sui,
728 2754 789 2799 non
800 2746 919 2796 veteres
932 2731 1031 2801 amici,

56 2835 132 2881 trum
153 2818 204 2880 ille
224 2819 329 2895 copia
326 2821 485 2918 quondam
505 2821 688 2892 abundarat,
710 2837 771 2881 non
791 2819 823 2878 hi
838 2833 960 2888 omnes,
980 2811 1033 2886 qui

56 2910 72 2961 ιι
92 2901 123 2962 in
144 2903 319 2977 republica
339 2903 510 2978 principes,
537 2903 746 2963 defuerunt?
739 2918 829 2960 rnrmo
845 2900 934 2960 etiam
950 2894 1034 2956 testi

56 2985 104 3046 nio
120 2983 259 3064 plerique
272 2987 446 3047 laeserunt?
471 2985 644 3046 statuerant
664 2993 777 3046 tantum
792 2983 867 3042 illud
885 2994 956 3040 esse
970 2993 1033 3037 ma·

56 3068 133 3129 cium
157 3070 244 3144 quod
264 3086 325 3129 non
348 3069 440 3128 modo
456 3084 522 3126 non
545 3069 690 3128 occultari
711 3083 767 3141 per
790 3081 838 3136 se,
866 3062 923 3121 sed
943 3059 1034 3121 etiam

56 3151 112 3213 rin
104 3142 331 3250 illustrarique
344 3152 479 3213 deberet
502 3151 553 3212 Ill.
568 3151 663 3224 Quam
676 3150 715 3210 ob
722 3164 788 3207 rem
800 3145 875 3221 quid
889 3154 935 3205 est
951 3144 1033 3220 quod

56 3251 126 3309 ere,
141 3236 170 3296 si
185 3251 254 3296 oum
270 3236 379 3296 iisdem
399 3250 447 3293 me
468 3232 499 3292 in
515 3233 573 3292 hao
594 3248 689 3292 cause
703 3231 794 3295 vides
815 3230 943 3301 adesse,
965 3243 1034 3289 oum

56 3319 137 3378 bus
129 3336 160 3378 ιιι
178 3318 308 3380 caeteris
322 3315 464 3391 intelligis
482 3315 619 3376 emisset
643 3311 712 3373 Nisi
727 3327 799 3373 vero
814 3329 862 3372 me
879 3329 972 3373 unum
985 3311 1035 3371 uls

56 3419 101 3462 rm
114 3411 237 3478 praeter
250 3411 404 3476 caeteros,
417 3416 469 3460 me
479 3415 638 3475 asperum,
654 3395 915 3460 mainhumanum
930 3391 1032 3456 existi·
