2356 3854
335 176 756 243 CAP.11-13.§·25—to.
807 226 809 231 ¹
1018 182 1060 246 53

58 336 139 387 sset.
164 324 337 400 Respondit
358 325 404 397 id,
432 326 514 398 quod
532 340 659 385 necesse
676 336 753 399 erat,
781 327 897 388 scillcet
911 327 991 388 dicto
1006 347 1057 390 au-

58 418 171 469 entem
198 409 293 468 luisse
315 407 461 481 praetori:
491 406 621 467 misisse.
663 409 782 483 Rogavi
808 410 1058 484 pervenissentne

58 494 246 567 grigentum.
287 489 370 550 Dixit
395 490 583 565 pervenisse.
616 491 758 563 Quaesivi
777 509 837 567 que
839 510 867 552 tn
882 495 920 552 ad
935 497 1058 554 modum

58 574 244 640 vertissent
284 571 412 646 Negavit
425 573 708 633 adhucrevertisse.
736 575 829 643 Risus
849 575 952 648 populi
967 580 1058 652 atque

58 656 196 717 imiratio
218 671 351 715 omnium
364 664 499 714 vestrum
514 656 592 714 laeta
599 665 665 727 est.
696 656 747 718 28
782 656 838 717 Ηιι
856 656 933 716 tihi
925 674 955 717 m
976 675 1057 717 men·
1120 706 1123 715 ,

58 758 93 798 ιιι
109 757 173 799 non
192 739 275 797 venit
287 737 400 809 iubere,
415 747 448 796 ut
436 738 538 797 thaee
554 754 677 811 quoque
691 741 817 798 referret
829 739 897 798 HS
894 757 923 796 vr
938 741 1057 801 milibus

58 846 62 881 ι
80 838 118 881 se
133 821 188 881 tibi
204 819 401 879 vendidisset
427 819 560 880 Metuisti
538 829 621 880 tne
645 837 698 879 aes
718 821 848 888 alienum
868 820 920 879 tibi
939 838 1055 883 cresce-

58 912 89 975 nt,
117 904 145 964 si
169 903 219 962 llS
238 920 268 961 v1
280 902 400 961 milibus
422 903 451 964 lo
471 903 525 962 tibi
551 911 725 962 constarent
746 918 797 975 ea,
821 918 898 976 quae
917 910 950 963 tu
970 904 1056 964 laeile

60 1002 150 1046 osses
167 987 301 1044 vendere
317 984 367 1043 HS
380 1000 413 1042 ce
435 984 577 1044 milibus?
607 985 674 1045 Fuit
688 984 774 1056 tanti,
794 985 865 1043 mihi
884 986 988 1044 crede:
1004 987 1056 1045 ha·

59 1084 126 1152 eres
140 1069 227 1142 quod
247 1068 441 1126 defenderes:
466 1084 554 1126 nemo
570 1077 729 1142 quaereret
747 1067 850 1141 quanti
873 1067 923 1126 illa
943 1084 993 1127 res
1008 1085 1055 1129 es-

58 1159 101 1212 etz
127 1151 154 1210 si
177 1151 269 1210 modo
296 1158 326 1209 te
349 1166 461 1224 posses
482 1150 593 1209 docere
619 1149 745 1222 emisse,
772 1151 860 1216 facile
888 1149 1056 1211 eui'velles

58 1250 121 1293 uam
136 1249 262 1293 eausam
285 1240 315 1292 et
337 1232 448 1295 lactum
469 1233 631 1305 probares:
652 1250 732 1293 nunc
756 1234 794 1293 de
813 1232 1055 1308 peripetasmatis

58 1332 129 1388 ruem
143 1317 183 1375 ad
197 1316 320 1376 modum
335 1322 364 1374 te
381 1315 527 1388 expedias
543 1333 602 1374 non
617 1316 722 1377 habes.
1110 1372 1113 1379 ,

120 1398 170 1458 29.
205 1397 303 1470 Quina
324 1396 523 1473 aPhylarcho
539 1398 747 1473 Centuripino,
769 1397 889 1458 homine
904 1399 1055 1473 locuplete

58 1481 194 1553 euobili,
210 1481 351 1554 phaleras
363 1480 564 1555 pulcherrime
584 1483 694 1552 lactas,
718 1497 797 1554 quae
816 1480 897 1554 regis
914 1480 1054 1540 Hieronis

58 1563 134 1625 uisse
151 1563 304 1632 dicuntur,
330 1571 462 1622 utrumt
451 1564 571 1622 tandem
591 1563 740 1623 abstulisti
719 1571 797 1622 tan
813 1561 932 1622 emisti?
960 1564 992 1621 ln
1010 1561 1049 1620 Si-

58 1645 104 1704 ilia
121 1646 244 1720 quidem
260 1661 351 1719 quum
366 1661 475 1717 essem,
492 1646 536 1704 sic
551 1662 569 1704 a
587 1636 803 1718 Centuripinis,
824 1645 868 1703 sie
889 1660 907 1701 a
927 1643 1053 1703 caeteris

58 1729 251 1789 udiebom—
208 1745 327 1788 -non
342 1728 421 1787 enim
435 1744 542 1801 parum
556 1744 606 1786 res
624 1736 688 1787 erat
702 1727 834 1784 clara—
844 1733 928 1783 .tam
949 1733 978 1783 te
999 1725 1053 1783 has

58 1811 178 1871 haleras
193 1828 212 1871 a
225 1810 394 1887 Phylarcho
411 1809 689 1882 Centuripinot
621 1810 689 1867 abst
689 1809 783 1866 ulisse
801 1806 950 1878 dicebant,
965 1821 1052 1878 quam

60 1893 111 1953 lias
130 1895 202 1954 item
223 1893 341 1953 nobiles
364 1892 402 1950 ab
418 1892 520 1952 Aristo
535 1889 782 1961 Panhormitano
806 1905 894 1962 quam
915 1886 1016 1947 tertias
1035 1903 1053 1949 a

58 1976 178 2051 'ratippo
204 1975 418 2052 Tyndaritano
456 1973 573 2034 Etenim
599 1972 625 2032 si
645 1950 833 2046 Phylarchus
857 1969 1053 2064 vendidisset,

58 2076 96 2117 on
111 2061 156 2132 ei,
172 2068 281 2133 postea
298 2075 387 2132 quam
402 2074 473 2116 reus
488 2058 585 2116 lactus
600 2072 642 2126 es,
659 2054 844 2115 redditurum
859 2063 888 2115 te
899 2050 1051 2127 promisis

58 2157 97 2200 es.
119 2143 219 2215 Quod
235 2139 422 2215 quiavidisti
400 2141 540 2213 tplures
561 2138 653 2209 seire,
675 2138 830 2232 cogitasti,
855 2137 881 2196 si
907 2136 934 2195 ei
954 2134 1051 2219 reddi

61 2223 152 2296 isses,
172 2234 203 2285 te
217 2223 317 2283 minus
332 2223 517 2293 habiturum,
538 2237 600 2280 rem
616 2220 709 2281 nihilo
731 2220 829 2279 minus
853 2208 989 2278 testatam
1009 2219 1052 2274 lu-

58 2323 146 2367 uram
162 2324 222 2366 non
237 2304 406 2365 reddidisti
433 2304 515 2364 Drxrt
528 2302 715 2380 Phylarchus
737 2320 792 2398 pro
814 2298 986 2360 testimonio
1009 2313 1051 2370 sc,

58 2392 117 2461 ruod
133 2397 239 2450 nosset
253 2397 336 2448 tuum
351 2387 440 2447 istum
452 2389 601 2458 morbum,
612 2396 653 2447 ιι
668 2384 754 2444 amici
770 2383 813 2444 tui
827 2383 988 2456 appellant,
1003 2397 1040 2440 cu

58 2471 120 2534 »isse
136 2481 165 2532 te
182 2473 283 2531 celare
298 2471 337 2529 de
358 2470 506 2547 phaleris
528 2486 620 2544 quum
642 2470 698 2528 abs
719 2476 747 2526 te
754 2466 939 2539 appellatus
962 2474 1052 2534 esset,

58 2570 165 2628 legasse
180 2553 293 2613 habere
308 2569 394 2613 sese
415 2553 497 2626 apud
511 2552 602 2611 alium
619 2566 743 2625 quoque
763 2565 817 2608 eas
837 2546 980 2607 habuisse
1002 2548 1050 2606 de

58 2637 165 2707 ositos,
187 2655 227 2699 ne
243 2652 304 2710 qua
318 2633 487 2694 invenirent
487 2652 531 2694 ur.
552 2635 643 2694 Istius
659 2641 768 2694 tantam
791 2629 886 2690 luisse
908 2628 1051 2703 sagacita-

58 2734 108 2791 ιιι,
123 2727 156 2778 ιι
171 2735 224 2778 eas
240 2734 296 2792 per
306 2716 410 2777 illum'
403 2735 503 2791 ipsum
519 2717 698 2790 inspiceret,
712 2713 764 2774 ubi
780 2721 864 2772 erant
879 2711 1052 2786 depositaez

58 2817 97 2859 um
114 2818 148 2861 se
163 2800 393 2875 deprehensum
405 2816 516 2874 negare
532 2817 594 2860 non
610 2797 764 2874 potuisse=
786 2796 828 2854 ita
848 2796 885 2881 ιιι
911 2809 944 2854 se
960 2793 1052 2852 invito

58 2882 174 2944 ›haleras
189 2884 305 2943 ablatas
319 2882 422 2956 gratis.

116 2966 192 3027 lllll
224 2965 275 3026 30.
307 2966 386 3037 lam,
408 2973 439 3025 ut
455 2965 530 3024 haec
544 2963 645 3024 omnia
659 2961 793 3036 reperire
814 2976 849 3018 ae
871 2956 1053 3030 perscrutari

58 3050 142 3108 aluus
157 3049 210 3122 sit,
225 3046 358 3120 iudices,
384 3056 431 3107 est
445 3063 557 3121 operae
580 3046 715 3121 precium
736 3055 933 3117 cognoscere
966 3035 1048 3114 Ciby

58 3137 118 3190 atne
136 3141 206 3192 sunt
228 3133 336 3191 lratres
358 3129 496 3204 quidam,
520 3129 725 3203 Tlepolemus
740 3136 770 3186 et
794 3124 900 3182 Hiero:
927 3136 1053 3214 quorum
1134 3192 1135 3196 Ἰ

58 3211 159 3273 lterum
174 3215 288 3287 ungere
303 3211 413 3287 opinor
429 3226 447 3269 e
464 3226 535 3270 cera
549 3210 669 3270 solitum
684 3225 768 3280 esse,
787 3208 913 3265 alterum
925 3220 996 3264 esse
1010 3203 1054 3298 pi·

58 3300 156 3356 torem.
189 3297 291 3356 Hosce
307 3294 424 3375 opinor,
441 3292 570 3369 eitvrae
585 3309 676 3366 quum
690 3291 721 3349 in
736 3287 941 3383 suspicionem
955 3302 1054 3346 venus

58 3386 107 3439 tent
118 3378 181 3441 suis
198 3377 316 3440 civibus
333 3370 436 3483 lunum
451 3371 605 3450 expilasse
618 3371 783 3448 Apollinis,
798 3370 911 3430 veritos
925 3380 1053 3444 poenam
