2356 3854
16 207 20 223 ‹
132 180 195 244 aas
272 142 276 147 ’
372 178 446 238 rao
462 178 745 242 unumunurm
760 179 912 241 omum.

130 332 265 392 deantur.
310 327 358 388 19.
381 327 426 388 Sit
441 327 545 402 igitur,
561 327 692 402 iudices,
708 338 844 390 sanctum
858 331 942 404 apud
958 346 1032 403 νοε,
1050 330 1135 391 huma·
1169 333 1175 389 Γ.

128 413 272 473 nissimos
287 409 440 483 homines,
461 410 520 470 hoc
540 414 648 484 poetae
662 428 787 485 nomen,
810 412 894 486 quod
916 412 1001 472 nulla
1014 428 1135 489 umquam
1171 469 1174 473 .

128 493 268 556 barbaria
282 493 414 553 violavit.
458 492 539 553 Saxa
553 501 583 552 et
596 492 775 553 solitudines
792 493 861 554 voci
873 495 1080 569 respondent,
1097 496 1135 556 be·
1171 502 1175 573 j

130 578 205 639 stiae
219 592 313 650 saepe
327 576 474 635 immanes
490 585 579 636 cantu
594 573 757 636 flectuntur
777 584 867 650 atque
885 574 1072 638 consistunt=
1093 594 1134 638 nur

128 658 254 721 instituti
274 659 365 718 rebus
382 658 503 732 optimis
521 674 585 719 non
603 661 760 731 poetarum
778 674 855 719 voce
869 665 1070 719 moveamuri
1084 660 1135 731 ,Hu-

127 757 242 802 merum
258 739 547 814 Oolophonibcivem
567 757 638 800 esse
654 740 758 800 dicunt
772 757 874 813 suum,
904 740 972 801 chii
988 758 1074 803 suum
1087 742 1135 802 viu·

128 825 238 897 dicant,
256 821 408 883 Salaminii
421 831 571 897 repetunt,
588 821 747 900 Smyrnaei
764 840 836 883 vero
852 841 942 883 suum
958 840 1032 908 esse
1047 824 1134 897 cunin
1170 886 1175 895 ,χ

127 915 221 978 mant,
246 906 349 979 itaque
369 904 458 965 etiam
480 907 637 966 delubrum
658 907 724 965 eius
740 900 902 980 iri'oppido
918 906 1133 967 dedicaveruuh
1169 916 1175 976 Ῑ

128 986 266 1067 permulti
286 987 336 1047 alii
359 994 515 1062 praeterea
537 995 672 1063 pugnant
692 987 770 1048 inter
791 1004 826 1048 se
845 996 937 1063 etque
960 988 1132 1050 contendunt
1173 1002 1175 1007 ’

126 1075 176 1133 ΙΧ.
196 1072 276 1144 Ergo
297 1070 338 1128 illi
360 1071 505 1142 alienum,
532 1069 604 1145 quia
623 1073 714 1144 poeta
734 1069 804 1145 luit,
825 1081 897 1145 post
915 1079 1053 1132 mortem·
1067 1070 1132 1133 euru

128 1160 288 1230 expetunt:
307 1169 364 1212 nos
379 1152 459 1211 hunc
475 1153 575 1213 tivum
591 1161 621 1211 et
636 1152 688 1227 qui
704 1154 856 1213 voluntate
871 1162 901 1213 et
914 1155 1038 1228 legibus
1053 1162 1132 1217 notio

128 1246 182 1307 est,
198 1234 416 1308 repudiamus?
432 1235 609 1308 praesertim
624 1252 714 1309 quum
730 1251 819 1295 omne
834 1236 904 1296 olim
917 1236 1054 1297 studium
1064 1244 1131 1312 atque

129 1334 216 1378 omne
230 1316 383 1390 ingenium
398 1316 557 1377 contulerit
567 1317 696 1377 Archias
712 1319 752 1377 ad
767 1318 872 1392 populi
882 1319 1016 1379 Romani
1030 1320 1132 1395 glorian
1172 1362 1174 1373 .

68 1458 71 1465 ,
127 1400 307 1473 laudemque
330 1399 562 1459 celebrandam?
580 1400 654 1458 Nam
676 1407 706 1460 et
720 1400 883 1461 Cimbricas
903 1418 956 1462 res
973 1402 1133 1463 adolescens

128 1482 222 1555 attigit
235 1489 265 1540 et
278 1480 339 1555 ipsi
353 1481 396 1540 illi
410 1480 441 1540 C.
458 1481 564 1555 Mario,
583 1483 634 1556 qui
650 1482 755 1543 durior
768 1484 897 1544 adhaec
914 1484 1019 1545 studia
1032 1484 1127 1547 videbe

126 1574 182 1636 tur,
199 1565 348 1624 iucundus
360 1563 423 1624 fuit.
440 1563 501 1624 20.
516 1565 621 1640 Neque
632 1565 711 1625 enim
722 1567 883 1641 quisquam
895 1575 944 1627 est
952 1574 1018 1647 tam
1029 1581 1134 1629 eversu

127 1646 254 1708 alliusis
270 1649 322 1721 qui
336 1663 397 1706 non
409 1647 545 1707 mandari
560 1647 700 1708 uersibus
711 1657 866 1708 aeternum
878 1665 1006 1710 suorum
1019 1650 1135 1711 laborum

126 1730 214 1790 facile
231 1731 426 1804 praeconium
447 1729 585 1804 patiatur.
629 1731 861 1791 Themistoclem
877 1730 978 1805 illum,
1006 1746 1136 1793 summm

124 1813 253 1872 Athenis
267 1810 379 1885 virum,
391 1811 508 1872 dixisse
522 1812 618 1883 aiunt,
638 1831 730 1888 quum
745 1830 785 1873 ex
800 1831 837 1875 eo
854 1814 1138 1891 quaereremque

125 1911 265 1956 acroama
280 1902 334 1955 aut
344 1898 427 1956 otius
440 1911 537 1956 rocem
550 1897 733 1956 lrbmttmime
747 1898 878 1970 audiet,
893 1901 971 1968 aas,
995 1916 1017 1958 a
1031 1916 1086 1975 quo
1096 1912 1137 1958 tut

124 1981 216 2036 uirtm
236 1981 341 2052 optime
354 1968 590 2052 praedicaretur.
633 1979 739 2053 ltaque
757 1980 807 2038 ille
820 1979 935 2057 Marius
950 1980 1025 2040 item
1046 1978 1137 2051 eximie

125 2059 158 2118 L.
173 2059 296 2118 Plotium
312 2060 429 2132 dilexit,
452 2061 538 2120 cuius
553 2060 672 2134 ingenio
688 2062 813 2136 putabat
828 2078 877 2134 ea,
903 2079 984 2138 quae
1006 2070 1135 2138 gesserat,

126 2156 220 2215 posse
242 2141 395 2204 celebrari.
438 2141 488 2201 21.
510 2142 741 2203 Mithridaticum
758 2160 832 2204 vero
854 2144 984 2220 bellum,
1011 2160 1137 2221 magnum

125 2232 216 2298 utque
231 2222 354 2283 difficile
375 2225 448 2284 etin
470 2226 562 2283 multa
576 2225 720 2286 varietate
737 2235 818 2287 terra
834 2226 972 2302 marique
988 2239 1136 2299 versatum,

124 2314 217 2367 toturn
234 2308 272 2367 ab
290 2306 350 2367 hoc
369 2322 549 2383 expressum
571 2318 631 2367 est:
661 2310 713 2384 qui
727 2308 795 2369 libri
809 2326 869 2369 non
885 2311 978 2370 modo
994 2311 1030 2370 L.
1045 2310 1136 2372 Lucul-

123 2390 200 2459 lum,
216 2390 411 2450 fortissimum
426 2398 456 2450 et
470 2390 669 2451 clarissimum
683 2392 795 2464 virum,
817 2410 920 2452 verum
937 2392 1032 2453 etiam
1048 2390 1137 2469 populi

124 2471 251 2530 Romani
270 2489 379 2532 nomen
399 2473 558 2534 illustrant.
600 2474 735 2549 Populus
756 2473 836 2534 enim
852 2475 1013 2536 Romanus
1037 2472 1139 2552 aperuit

73 2555 83 2562 '
123 2553 248 2613 Lucullo
266 2553 433 2629 imperante
447 2556 574 2616 Pontum
592 2566 621 2617 et
634 2557 727 2632 regiis
741 2558 895 2631 quondam
911 2559 1027 2633 opibus
1042 2568 1071 2619 et
1082 2559 1139 2633 ipa

123 2644 231 2696 natura
251 2638 373 2712 egregie
397 2640 553 2698 vallatum:
580 2639 686 2713 populi
708 2640 836 2700 Romani
862 2639 1018 2700 exercitus
1046 2641 1139 2702 eodem

123 2717 201 2778 duce
221 2735 282 2779 non
298 2722 428 2779 maxima
450 2738 541 2781 manu
562 2721 795 2782 innumerabiles
810 2722 1027 2783 Armeniorum
1047 2722 1139 2799 copias
1172 2756 1175 2799 t

122 2800 213 2862 ludit:
238 2803 345 2877 populi
360 2804 486 2866 Romani
509 2805 576 2864 laus
598 2811 645 2864 est
665 2806 771 2864 urbem
791 2805 1011 2865 amicissimam
1030 2806 1137 2884 cynice

121 2901 229 2946 norum
250 2884 387 2945 eiusdem
408 2884 535 2946 consilio
554 2885 690 2946 exomni
710 2885 824 2961 impetu
843 2889 926 2962 regio
944 2894 1043 2964 atque
1060 2887 1135 2949 totius

121 2968 192 3027 belli
212 2984 265 3027 ore
284 2984 320 3026 ac
341 2968 479 3028 faucibus
497 2978 631 3043 ereptam
652 2985 722 3030 esse
742 2976 834 3043 atque
851 2978 1021 3030 servatam:
1048 2978 1136 3031 nostm
1170 3020 1175 3037 .

123 3066 245 3125 semper
268 3050 380 3110 leretur
404 3058 434 3110 et
458 3049 681 3126 praedicabitur
695 3051 729 3110 L.
748 3051 874 3112 Lucullo
896 3050 1064 3114 dimicante
1082 3065 1138 3113 cum

121 3130 286 3192 interiectis
302 3133 431 3194 ducibus
452 3134 602 3207 depressa
619 3133 752 3194 hostium
774 3130 882 3194 classis
907 3143 939 3195 et
962 3132 1138 3195 incredibilis

123 3216 204 3286 apud
215 3216 368 3289 Tenedum
379 3233 481 3292 pugna
493 3217 542 3275 illa
553 3216 686 3276 navalis:
698 3222 802 3276 nostra
813 3224 884 3277 sunt
895 3225 1036 3293 tropaea,
1048 3225 1138 3278 nostra

122 3307 321 3371 monumenta,
338 3299 433 3359 nostri
448 3298 598 3373 triumphi.
632 3297 714 3371 Quae
730 3315 857 3372 quorum
872 3298 1004 3374 ingeniis
1022 3300 1136 3360 ellerun

77 3580 151 3600 Α
