2356 3854
351 143 545 249 caes-v.
562 154 761 267 §.re-'aa
967 174 970 181 “
994 179 1057 247 401
1134 173 1139 178 ’

26 327 129 398 fideli,
153 343 214 387 non
230 326 371 388 eredidit=
386 328 425 388 de
437 327 544 401 armis,
567 329 607 387 de
622 330 712 403 ferro,
726 330 765 389 de
778 329 900 391 insidiis
915 332 1015 392 celare
1030 341 1060 393 te

27 409 149 471 notuit?
169 408 218 471 19.
231 413 271 471 At
291 427 382 485 quam
401 409 510 470 festive
530 409 643 471 crimen
658 411 841 472 contexitur!
870 414 934 473 Tua
955 421 1000 489 te,
1014 413 1059 474 in·

27 492 104 568 quit,
119 494 242 565 eadem,
264 509 344 567 quac
363 509 475 569 saepe,
487 493 611 553 fortuna
627 494 774 554 servavit:
790 493 939 569 negavisti
953 504 1014 556 tum
1028 507 1056 558 te

26 573 182 648 inspicere
201 576 291 635 velle.
333 577 399 635 Vll.
424 575 501 648 Quid
523 583 651 650 posteat
672 592 710 635 an
730 576 890 638 Deiotarus
911 595 986 652 rex,
1006 581 1057 640 iilo

25 664 166 732 tempore
182 659 394 732 non‘periecta
408 675 451 732 re,
468 659 610 719 continuo
627 657 741 719 dimisit
755 659 941 719 exercitum?
953 662 1058 723 Nullus

27 749 94 800 erat
109 741 186 800 atius
201 740 363 801 insidiandi
376 742 486 802 loeus?
506 742 547 801 At
560 742 668 802 codem
683 750 730 816 te,
745 757 837 815 quum
852 743 1059 820 coenavisscs,

26 821 193 883 rediturum
209 824 340 898 dixeras,
355 824 458 899 itaque
477 821 584 882 iecisti.
619 825 733 884 Horam
744 840 835 883 unam
851 831 903 884 aut
915 825 992 885 duas
1007 843 1058 888 eo-

27 906 99 966 dem
110 906 179 967 ioco
193 915 335 1002 armatos,
350 914 383 966 ut
393 904 533 966 coilouati
548 907 673 979 fuerant,
688 905 818 966 retinere
832 922 973 980 magnum
984 909 1060 970 suita

29 987 150 1062 Quum
142 1008 172 1048 m
187 988 329 1051 convivio
345 986 470 1048 comiter
485 997 515 1048 et
529 989 661 1049 iucunde
685 989 814 1060 fuisses,
833 995 910 1048 tum
916 987 987 1050 illuc
1000 989 1059 1086 isti,

27 1079 61 1132 ιιι
76 1073 209 1132 dixeras
246 1071 334 1144 Quo
326 1088 356 1130 m
372 1063 439 1131 idco
456 1071 630 1131 Deiotarum
643 1072 733 1133 telem
741 1087 821 1168 ,erga
834 1079 864 1131 tc
875 1071 1058 1146 cognovisti,

29 1153 129 1230 qualis
142 1171 199 1213 rex
210 1153 352 1212 Attalus
344 1170 374 1211 m
389 1154 420 1212 P.
430 1152 606 1214 Africanum
621 1154 683 1227 fuit,
700 1171 750 1215 cur
741 1153 1060 1229 magnificentissima

27 1237 125 1308 dona,
147 1245 181 1296 ut
202 1236 510 1332 scriptumlcgimus,
531 1239 690 1311 usquead
711 1237 902 1298 Numantiam
921 1237 1001 1298 misit
1020 1250 1059 1297 ex

10 1320 121 1391 faesia,
147 1335 226 1391 quae
245 1317 407 1379 Africanus
429 1318 615 1416 inspectante
639 1321 774 1381 exercitu
794 1322 920 1396 accepit.
971 1320 1058 1394 Quod

10 1408 123 1476 ἾΙιιιιιιιι
147 1416 294 1474 praesens
308 1401 482 1462 Deiotarus
489 1403 573 1478 regio
596 1412 626 1464 et
643 1404 744 1464 animo
765 1413 796 1465 et
818 1421 902 1479 more
924 1403 1058 1477 fecisset,

28 1484 104 1545 tum
120 1483 290 1544 cubiculum
307 1483 485 1545 discessisti.
527 1487 578 1548 20.
600 1487 750 1562 Obsecro,
766 1487 891 1561 Caesar,
906 1494 1011 1562 repete
1024 1487 1059 1545 it·
1088 1501 1093 1510 ·

29 1566 88 1626 lius
105 1567 249 1640 temporis
263 1565 449 1641 memoriam,
465 1577 626 1641 poneante
638 1573 745 1631 oculos
756 1570 839 1631 iilum
851 1569 939 1642 diem,
957 1570 1058 1630 vuttns
1125 1586 1129 1597 ι

23 1647 181 1735 dominum
194 1658 225 1710 te
241 1649 417 1710 intuentium
435 1658 527 1725 atque
543 1652 753 1712 admirantium
767 1653 939 1712 recordare.
981 1652 1059 1712 Num

32 1748 108 1806 quae
122 1732 308 1828 trepidarint
321 1749 391 1791 num
408 1749 460 1805 qur
451 1731 637 1807 tumultuet
650 1751 722 1792 num
734 1735 808 1808 quid
819 1735 879 1792 nisi
870 1733 1058 1827 moderate,

30 1814 87 1874 uisi
105 1815 222 1890 quiete,
243 1813 303 1874 nisi
323 1831 363 1875 ex
384 1813 513 1873 hominis
534 1815 708 1888 gravissimi
720 1823 752 1875 et
768 1813 952 1875 sanctissimi
966 1812 1058 1874 disci·

30 1899 133 1972 plina?
153 1897 230 1971 Quid
248 1897 338 1972 igitur
359 1911 470 1956 causae
485 1897 652 1971 excogitari
667 1905 769 1972 potest
783 1913 837 1957 cur
852 1905 882 1957 te
896 1897 990 1959 lotum
1003 1913 1057 1957 vo·

28 1979 124 2053 tuerit,
142 1989 302 2041 coenatum
317 1978 447 2061 notuerit
463 1979 626 2040 occidere?
649 1978 700 2040 21
712 1981 744 2039 In
762 1987 932 2055 posterum,
950 1978 1055 2055 inquit,

28 2063 108 2125 diem
122 2064 251 2137 distulit,
268 2073 316 2136 ιι,
337 2050 449 2138 quini
483 2065 655 2143 ,castellum
669 2062 814 2123 Luceium
829 2070 950 2124 ventum
965 2070 1057 2135 esset,
1093 2075 1098 2081 ·

26 2142 66 2208 iti
83 2148 216 2220 cogitata
232 2146 417 2242 perficerent
428 2160 432 2165 ·
518 2145 608 2205 video
626 2163 751 2207 causam
767 2144 827 2206 inci
841 2144 986 2219 mutandi,
1001 2146 1055 2205 sed
1074 2210 1079 2225 Ι

25 2236 128 2291 tamen
144 2238 213 2289 aeta
227 2247 277 2290 res
294 2228 439 2299 crimina¹
458 2228 529 2303 rest.
564 2228 668 2302 Quum,
684 2229 790 2304 inquit,
805 2245 929 2308 vomere
943 2236 973 2288 tc
989 2235 1059 2301 post

23 2322 157 2375 caenam
173 2314 250 2373 velie
265 2312 414 2386 dixisses,
434 2313 465 2371 in
479 2312 621 2372 balneum
636 2323 665 2374 te
682 2315 795 2374 ducere
810 2320 989 2387 coeperunt
1016 2310 1057 2369 ibi

20 2396 110 2457 enim
134 2390 219 2455 erant
237 2395 377 2455 insidiae.
418 2397 459 2454 Αι
479 2402 508 2456 te
530 2396 636 2456 eadem
658 2405 710 2457 tua
730 2398 850 2456 fortuna
861 2395 1007 2455 servavit
1027 2391 1057 2452 in

17 2479 170 2553 eubiculo
182 2479 270 2538 matie
285 2477 398 2538 dixisti.
418 2479 455 2537 Di
470 2487 499 2538 te
512 2479 663 2554 perduint,
679 2478 805 2553 fugitive
817 2487 824 2539 t
838 2478 880 2539 ita
894 2477 1057 2549 nonmodo

17 2578 161 2639 nequam
173 2561 379 2638 etimprobus‚
396 2561 451 2620 sed
468 2563 568 2623 fatuus
581 2569 611 2622 et
621 2579 726 2623 amens
742 2579 786 2623 es.
802 2561 959 2635 Quidaitte
971 2559 1058 2635 signa

14 2649 125 2707 aenea
139 2643 169 2703 in
186 2643 303 2704 insidiis
322 2652 474 2717 posuerat,
490 2661 597 2717 quaec
611 2645 720 2706 balneo
733 2645 764 2705 in
777 2645 947 2706 cuhIculum
961 2651 1057 2702 trans-

14 2727 67 2789 ire
87 2743 151 2786 non
167 2732 318 2802 possent?
339 2725 443 2784 Habes
466 2726 589 2787 crimina
599 2728 793 2789 insidiarum:
806 2727 876 2795 nihil
889 2726 969 2788 enim
983 2723 1059 2784 dixit

11 2809 170 2886 amplius.
185 2812 332 2882 ‚Horum,
345 2807 450 2882 inquit,
467 2825 547 2868 eram
562 2811 715 2871 conscius.
759 2810 837 2883 Quid
852 2817 935 2871 tumt
951 2810 995 2868 lta
1008 2806 1059 2864 iile
1142 2848 1144 2861 .

15 2897 158 2956 demens
170 2900 251 2963 crat,
268 2899 302 2951 ut
317 2908 398 2962 cum,
416 2907 506 2964 quem
522 2893 678 2952 conscium
692 2892 766 2953 tanti
783 2890 909 2952 sceleris
923 2890 1057 2958 haberet,

17 2996 40 3039 a
61 2991 100 3037 se
117 2975 298 3036 dimitteret?
310 2976 436 3034 Romam
452 2972 541 3032 etiam
558 2974 694 3047 mitteret,
708 2973 761 3033 ubi
775 2981 805 3033 et
818 2972 1058 3032 inimicissimum

17 3061 123 3122 sciret
144 3075 215 3118 esse
235 3066 376 3130 nepotem
391 3073 479 3116 suum
496 3057 571 3116 etc.
586 3056 760 3127 Caesarem,
782 3053 831 3114 cui
846 3053 970 3115 iecisset
984 3050 1058 3112 insi-

18 3143 121 3204 dias?
142 3140 318 3217 praesertim
338 3156 431 3214 quum
447 3137 474 3198 is
492 3156 572 3200 unus
586 3147 672 3200 esset
687 3137 739 3212 qui
754 3144 862 3211 posset
876 3137 915 3196 de
931 3136 1058 3197 absente

19 3243 60 3286 se
78 3224 238 3284 indicaret
257 3221 306 3282 ιι.
324 3223 362 3281 Et
373 3223 479 3281 iratres
494 3238 596 3296 meos,
610 3219 716 3296 inquit,
734 3220 816 3293 quod
832 3227 918 3280 erant
932 3217 1057 3290 conscii,

17 3309 56 3370 ιιι
80 3307 203 3366 vincula
223 3305 361 3368 coniecit.
405 3304 502 3378 Quum
521 3304 611 3379 igitur
633 3320 690 3367 eos
704 3301 844 3373 vinciret,
859 3319 938 3378 qnos
954 3318 1056 3365 secum

79 3403 136 3447 cxc.
158 3403 247 3446 οιιι.
813 3386 854 3450 26

991 3540 1112 3691 §t
