2356 3854
365 155 770 241 xonus-semmae.
959 178 962 187 ·
1020 143 1099 253 'aon¹

74 289 216 394 ntuli-eo,
237 306 289 380 llui
309 305 368 366 hos
382 304 517 379 dimovit,
540 307 641 381 potius
659 324 749 381 quam
761 309 805 368 ab
821 309 867 385 iis,
892 311 989 386 quiin
1008 321 1036 374 te
1051 315 1096 390 ip

83 385 140 468 *3¹¹9
152 387 368 462 incubuerunt,
383 397 413 448 te
429 389 592 463 depulsum
607 397 706 464 putas.
752 389 802 452 18.
824 393 886 453 Sed
903 402 1003 456 tamen
1020 396 1096 459 haee

87 452 191 559 ibren
210 470 306 546 prima
325 487 393 531 eum
411 470 533 532 Plancio
554 473 675 546 generis
696 473 788 533 vestri
809 475 1000 552 familiaeque
1023 496 1096 541 oon-

93 540 179 626 trun,
194 571 254 630 qua
267 552 369 616 abste
396 552 533 616 vincitur.
577 556 636 616 Gur
656 556 736 615 enim
756 572 817 616 non
838 559 984 620 confitear
1012 564 1095 637 quod

77 634 198 707 ,lirense
212 644 280 698 esti
314 637 377 698 Sed
393 654 455 697 non
469 637 519 697 hie
533 638 630 713 magis
645 654 736 714 quam
752 655 842 713 egoa
858 643 934 702 meis
949 646 1096 719 competi·
1138 710 1140 715 ,

87 706 183 812 ¹titilus
209 729 240 782 et
262 720 339 781 alias
368 728 400 781 et
422 720 453 779 in
474 723 650 801 consulatus
672 720 818 796 petitione
837 723 990 785 vincebar.
1033 726 1097 788 Sed

85 800 383 879 menrasense,
411 819 491 878 quae
508 803 659 879 despicis,
681 803 752 864 huie
770 804 935 880 suffragata
950 806 1024 868 sint:
1050 810 1095 870 sie

73 883 360 948 auneonreramus.
394 885 450 947 Est
462 893 545 946 tuum
563 902 673 949 nornen
684 895 812 962 uuaque
831 887 942 949 familia
956 894 1096 951 consula-

70 969 338 1056 maurannetus
351 967 442 1044 igitur
456 971 528 1044 quin
544 985 665 1043 omnes,
685 972 736 1044 qui
752 973 853 1032 lavent
867 971 1028 1046 nobilitati,
1045 974 1096 1049 qui

70 1053 101 1113 td
111 1061 217 1129 putant
232 1068 304 1113 esse
320 1051 565 1128 pulcherrimum,
581 1054 632 1128 qui
647 1052 846 1129 imaginibus,a
860 1054 911 1130 qui
923 1055 1096 1117 nominibus

70 1135 176 1198 mltis
191 1137 350 1207 ducuntur,
368 1144 398 1195 te
412 1135 540 1194 aedilem
556 1135 702 1197 iecerint?
741 1136 890 1212 Equidem
905 1155 965 1200 non
981 1140 1096 1200 dubito.

70 1214 170 1281 Setini
186 1235 292 1295 parurn
312 1216 397 1278 multi
411 1227 481 1278 sunt
495 1219 546 1293 qui
561 1218 746 1281 nobilitatem
757 1229 869 1296 ament,
887 1238 958 1281 num
973 1221 1032 1282 ista
1047 1229 1097 1283 est

70 1309 171 1364 nostra
183 1304 296 1378 eulpa?
329 1301 447 1362 Etenim
462 1302 501 1363 ad
517 1311 608 1376 eaput
621 1314 652 1364 et
664 1302 705 1362 ad
722 1304 834 1365 iontem
849 1305 969 1378 generis
984 1304 1095 1366 utrius·

70 1401 128 1463 que
143 1384 313 1445 veniamus.

145 1468 231 1529 Vlll.·
249 1464 299 1529 19.
335 1467 380 1528 Tu
399 1485 434 1529 es
454 1485 473 1528 o
493 1466 658 1543 municipio
679 1469 891 1544 antiquissimo
911 1470 1094 1543 Tusculano,

70 1569 101 1613 rx
127 1564 191 1627 quo
211 1550 360 1626 plurimae
385 1560 455 1612 sunt
484 1551 613 1612 familiae
635 1553 827 1623 consulares,
854 1551 884 1611 in
911 1554 1022 1627 quibus
1047 1561 1095 1615 est

70 1634 154 1697 usn
183 1632 334 1695 luventiar
371 1642 416 1695 tot
446 1651 484 1694 ex
507 1631 633 1708 reliquis
661 1633 832 1707 municipiis
862 1637 1002 1695 omnibus
1033 1652 1095 1696 non

70 1724 148 1780 nanta
164 1715 215 1777 irie
231 1725 279 1778 est
295 1715 660 1792 epraeleotura-Atiuali,
673 1733 732 1776 non
750 1725 810 1775 tam
825 1716 942 1789 prisea,
957 1734 1018 1776 non
1034 1725 1094 1777 mm

70 1807 222 1872 tonorata,
238 1807 376 1860 nontam
392 1800 575 1860 suburbana.
612 1798 760 1872 Quantum
775 1797 923 1857 interesse
933 1798 980 1858 vis
995 1799 1095 1875 adro-

70 1885 177 1946 ionem
191 1882 336 1957 petendi?
362 1883 492 1942 Primum
508 1891 607 1942 utrum
623 1880 720 1954 magis
736 1880 839 1940 lavere
851 1888 940 1954 putas
954 1879 1095 1942 Atinates

70 1984 102 2029 tn
116 1962 310 2028 Tusculanos
327 1964 413 2027 suist
444 1966 540 2025 Alteri
559 1998 602 2011 -
617 1963 697 2024 seire
711 1963 790 2024 enim
807 1962 866 2022 hoc
883 1972 1008 2045 prepter
1022 1961 1095 2024 viei-

70 2050 188 2111 ritatem
210 2048 298 2109 laoile
312 2064 439 2124 possum
453 2081 504 2121 —‚
520 2063 613 2122 quum
628 2046 718 2107 huius
734 2045 918 2108 ornatissimi
933 2055 1024 2121 atque
1040 2064 1096 2122 op·

70 2133 129 2195 imi
142 2132 212 2204 viri,
227 2132 280 2192 Gn.
297 2131 459 2204 Salumini,
475 2138 589 2206 patrem
606 2129 744 2204 aedilem,
759 2146 851 2204 quum
866 2139 1037 2204 praetorem
1053 2131 1096 2188 vi-

70 2216 193 2288 lerum,
207 2215 291 2290 quod
309 2214 424 2290 primus
444 2213 494 2274 ille
515 2231 576 2275 non
596 2215 688 2274 modo
713 2214 744 2272 in
771 2229 837 2273 eam
860 2213 1015 2284 familiam,
1040 2211 1096 2272 sed

70 2299 154 2360 stiam
174 2297 204 2357 in
226 2299 447 2372 praetenturam
469 2299 549 2357 illam
568 2298 673 2357 sellam
693 2298 828 2357 eurulem
852 2295 1016 2366 attulisset,
1041 2294 1095 2354 mi·

70 2382 193 2449 mudum
205 2380 238 2440 in
253 2382 376 2442 modum
393 2380 493 2442 laetati
508 2390 593 2441 sunt:
614 2382 778 2440 alteros-
792 2380 902 2452 oredo,
918 2376 990 2453 quia
1003 2379 1096 2439 reler-

70 2474 126 2527 mru
152 2473 201 2525 est
217 2463 412 2539 municipium
427 2464 654 2524 consularibus=
681 2479 751 2522 nam
767 2464 935 2522 malevolos
949 2478 1010 2523 non
1026 2477 1096 2522 esse

70 2555 149 2609 serto
168 2546 234 2607 seio
269 2579 305 2591 -
335 2564 499 2622 numquam
521 2544 654 2607 intellexi
677 2545 888 2606 vehementius
912 2546 1096 2620 municipum

70 2646 193 2691 snorum
207 2629 324 2691 honore
338 2629 453 2690 laetari.
496 2626 546 2690 20.
572 2630 726 2690 Habemus
745 2630 805 2689 hoe
820 2646 894 2689 nos=
915 2629 1028 2688 habent
1042 2645 1095 2687 no·

70 2720 129 2775 stra
142 2712 318 2787 municipia.
349 2712 427 2786 Quid
441 2727 498 2785 ago
513 2712 552 2771 de
567 2728 624 2784 me,
641 2713 680 2771 de
691 2714 781 2772 tratre
794 2728 863 2772 meo
880 2712 1008 2785 loquare
1019 2726 1096 2783 quo·

70 2810 139 2868 rum,
155 2795 325 2855 honoribus
348 2796 414 2870 agri
435 2793 495 2868 ipsi
515 2810 612 2867 prope
633 2795 732 2854 dicam
752 2804 933 2869 montesque
950 2795 1097 2852 laverunt.

70 2877 142 2939 ilum
157 2879 281 2955 quando
298 2877 388 2938 vides
404 2878 606 2936 Tusculanum
621 2876 751 2950 aliquem
767 2878 805 2936 de
816 2878 856 2935 Μ.
872 2877 985 2936 catone
1001 2873 1052 2931 illo
1066 2872 1099 2930 in
1124 2877 1126 2883 '

70 2960 148 3023 omui
162 2961 273 3022 virtute
284 2960 438 3035 principe,
458 2976 529 3018 num
546 2960 584 3017 da
597 2958 641 3016 Ti.
658 2957 847 3018 Coruncanio
862 2956 1017 3029 municipe
1030 2969 1098 3027 suo,

70 3060 137 3105 num
154 3045 195 3104 de
209 3051 254 3105 tot
265 3042 379 3103 Fulviis
394 3042 535 3116 gloriaris
553 3042 675 3101 verbum
689 3057 779 3100 nemo
791 3039 871 3099 lacit.
900 3037 980 3098 sitin
994 3051 1098 3111 quom-

70 3142 201 3202 annrque
217 3125 393 3200 Arpinatem
405 3123 566 3194 incideris,
587 3125 676 3184 eliam
691 3122 719 3184 si
734 3122 829 3195 nolis,
854 3121 910 3181 erit
926 3129 1025 3180 tamen
1036 3117 1100 3196 tibi,

71 3208 201 3270 enasse
223 3210 311 3270 stiam
333 3210 372 3268 de
388 3206 478 3266 nobis
497 3205 628 3279 aliquid,
650 3206 707 3265 sod
727 3213 809 3265 certe
830 3205 868 3264 de
887 3203 921 3263 0«
934 3201 1031 3263 Mario
1046 3219 1100 3264 au·

75 3290 226 3353 rliendum.
261 3290 392 3352 Primum
408 3289 497 3363 igitur
510 3288 560 3348 hie
573 3287 676 3347 habuit
695 3287 794 3348 studia
810 3303 934 3348 suorum
948 3285 1099 3347 ardentias

74 3378 103 3434 tn
114 3384 212 3447 taum,
234 3382 347 3449 quanta
366 3371 592 3469 iqhominibus
611 3370 671 3431 iarn
692 3368 1014 3510 saturatiselffnoribus
1028 3384 1100 3430 osse

140 3472 195 3515 erc.
215 3471 305 3517 onir.

1100 3596 1156 3632 ,Ι
