2356 3854
142 162 184 227 ut
367 155 457 216 mc.
477 153 736 212 vnauuunor.
754 122 789 210 u.
810 153 881 212 me
896 153 948 212 iv
997 108 1057 182 '-
1167 160 1170 183 ι

142 324 232 385 pura,
250 322 267 367 ο
283 313 397 365 inorest
420 301 493 361 nihil
508 301 629 360 nimium
644 310 732 361 vetus
746 318 802 375 pro
805 303 907 361 s.eram
938 301 1017 362 Sunt
1031 311 1149 364 vestrum

142 390 273 463 aliquam
287 387 383 456 mulli,
407 384 504 458 quiL.
518 385 657 443 Pisonem
679 392 861 456 cognorunt,
880 383 1019 444 huiusL
1036 384 1146 460 Pisonis,

143 472 193 549 qui
209 477 329 562 praetor
347 429 415 538 tu'it,
436 474 559 560 patrem.
591 466 640 539 Ei,
664 483 755 539 quum
772 474 854 525 esset
868 464 898 523 in
911 466 1063 541 Hispania
1076 483 1144 541 prae

141 562 203 625 tor,
229 551 332 627 quain
349 548 505 622 provincia
522 546 643 608 oceisus
661 556 721 619 est,
748 548 852 607 nescio
879 565 939 622 quo
957 558 1066 623 pacto,
1090 551 1141 609 dnn
1166 556 1170 609 s

141 634 231 695 armis
247 639 418 704 exercetur,
438 633 546 690 anulus
568 647 693 702 aeneus,
720 647 810 705 quem
829 630 974 703 habebat,
997 634 1150 701 fructosa

141 715 342 779 comminutus
354 722 410 773 est.
433 715 528 787 Quum
550 715 640 772 vellet
655 712 713 771 sibi
727 714 850 772 anulum
870 715 986 787 lacere,
1007 715 1138 774 auriliceu
1165 709 1167 713 ⁴

141 799 229 859 iussit
249 797 352 856 vocari
372 797 402 855 in
427 797 523 856 lorum
543 797 582 854 ad
600 797 704 854 sellam
719 796 875 854 Cordubae
898 803 928 855 et
948 796 976 854 ei
994 799 1141 873 palamep,

141 880 245 955 pendit
258 897 379 939 aurum·
400 881 551 938 hominem
565 877 595 935 in
612 879 677 937 loro
698 876 780 936 iubet
803 879 908 942 sellam
929 895 1046 950 ponere
1065 887 1092 938 et
1107 878 1136 936 le

141 979 210 1022 cere
226 962 348 1021 anulum
363 962 502 1020 omnibus
519 959 742 1035 praesentibus
779 959 907 1018 Nimium
928 961 1060 1021 lortassc
1078 960 1135 1019 uiua
1162 1016 1170 1021 .

140 1044 249 1119 aliquis
263 1045 343 1103 hunc
356 1043 536 1116 diligentem.
556 1042 708 1100 Hactenus
725 1041 941 1116 reprehendet,
956 1042 1046 1117 siqui
1061 1044 1134 1102 volet·

140 1127 212 1185 nihil
230 1126 369 1200 amplius.
401 1127 514 1183 Verum
529 1124 584 1183 luit
601 1125 628 1182 ei
646 1124 883 1183 eoncedendum.
910 1124 1005 1184 Filius
1027 1118 1137 1184 enimlt‘

138 1208 256 1267 Pisonis
274 1215 351 1278 erat,
370 1206 450 1279 eiuS,
467 1205 519 1280 qui
535 1205 651 1280 primus
667 1207 704 1266 de
715 1205 852 1279 pecuniis
866 1207 1043 1279 repetundis
1059 1209 1133 1281 legar

140 1289 212 1367 tulit.
238 1287 287 1350 57.
317 1252 487 1348 Ridiculum
501 1295 548 1350 est
561 1305 608 1346 me
622 1305 702 1348 nunc
717 1290 755 1349 dc
769 1291 863 1347 Verre
879 1288 996 1363 dicere,
1013 1287 1132 1365 quamde

138 1372 247 1432 Pisone
260 1370 349 1444 Frugi
365 1371 505 1429 dixerim:
529 1387 632 1430 verum
644 1380 899 1445 tameuquantum
914 1370 1032 1432 intersit
1046 1372 1130 1431 vidae

138 1456 198 1514 Iste
220 1471 311 1528 quum
329 1453 444 1526 aliquot
463 1454 626 1512 abacorum
644 1454 755 1511 laceret
768 1470 843 1512 vasa
860 1470 966 1525 aurea,
988 1471 1049 1524 non
1069 1454 1131 1513 lala

138 1537 215 1595 ravit
229 1536 302 1610 quid
319 1552 378 1594 non
396 1536 486 1595 modo
501 1535 530 1593 in
548 1534 664 1605 Sicilia,
688 1551 792 1593 verum
815 1535 902 1594 ctiam
922 1537 1038 1597 Romae
1058 1536 1085 1595 in
1100 1534 1131 1593 iu

138 1618 217 1678 dicio
231 1620 363 1678 audiret:
386 1617 435 1677 ille
456 1616 486 1675 in
507 1616 572 1677 auri
596 1617 750 1676 semuncia
774 1626 863 1676 totam
880 1616 1057 1691 Hispaniam
1073 1616 1132 1678 scira

137 1701 231 1762 voluit
253 1703 332 1761 unde
353 1700 484 1775 praetori
507 1700 614 1759 ariulus
631 1701 724 1759 fieret
756 1700 912 1770 Nimirum,
934 1710 967 1760 ut
981 1701 1030 1761 hic
1044 1713 1131 1777 nomer

137 1801 225 1844 suurn
244 1782 467 1858 comprobavit,
484 1782 528 1842 sio
546 1783 596 1842 ille
612 1798 791 1876 cognomen3

218 1867 322 1924 XXVI.
354 1867 440 1924 Nullo
464 1866 554 1925 modo
570 1881 698 1938 possum
714 1862 812 1923 omnia
826 1863 912 1923 istius
928 1866 1008 1924 lacta
1021 1874 1071 1924 aut
1088 1876 1131 1921 nte

137 1947 232 2007 moria
247 1948 394 2020 consequi
409 1955 460 2005 aut
481 1947 616 2007 oratione
637 1945 804 2020 complecti
774 1947 979 2005 ttlenera‘
971 1962 1040 2021 ipsa
1061 1943 1145 2019 eupit¹

136 2028 334 2088 brevitert
293 2029 458 2101 attingere,
492 2038 525 2088 ut
548 2029 596 2087 hio
628 2031 718 2088 modo
750 2045 798 2086 me
828 2029 1012 2088 commonuit
1034 2024 1132 2088 Pisonis

136 2112 259 2180 anulus,
287 2111 369 2182 quod
392 2118 487 2168 totum
513 2109 680 2169 ellluxerat.
724 2111 817 2182 Quam
837 2111 936 2170 multis
956 2111 1047 2171 istum
1066 2118 1131 2185 puta·

135 2192 175 2252 tis
195 2190 366 2251 hominibus
383 2191 521 2251 honestis
534 2192 572 2250 de
587 2192 687 2267 digitis
713 2195 819 2252 anulos
842 2193 1026 2253 abstulisset
1061 2193 1132 2252 Nuar-

137 2291 227 2349 quam
256 2273 416 2345 dubitavit,
444 2275 714 2349 quotienscumque
735 2275 864 2334 alicuius
889 2284 940 2335 aut
961 2292 1079 2349 gemma
1095 2277 1133 2332 aul

136 2359 225 2416 anulo
242 2358 408 2416 delectatus
423 2364 478 2415 est.
511 2356 688 2416 Incredibile
710 2357 822 2429 dicam,
844 2359 899 2416 scd
920 2357 960 2417 ila
976 2358 1133 2430 olerumut

136 2437 235 2511 ipsum
250 2447 501 2513 negaturumnon
515 2438 648 2498 arbitrer.
681 2437 731 2499 58.
762 2440 857 2511 Quum
871 2440 1011 2502 Valentio
1027 2437 1132 2501 elusin-

135 2520 257 2593 terpreti
278 2521 407 2594 epistola
422 2523 586 2595 Agrigento
612 2523 711 2583 adlata
731 2530 827 2594 esset,
855 2540 928 2582 casu
951 2525 1070 2598 signum
1090 2523 1133 2581 istc

135 2603 342 2662 animadvertit
358 2603 388 2662 in
404 2606 525 2664 cretula.
545 2604 659 2665 Placuit
669 2604 710 2664 ei·
726 2603 877 2678 quaesivit
890 2607 971 2666 unde
990 2615 1073 2667 esset
1084 2601 1130 2678 epi·
1147 2622 1150 2633 ·

136 2686 222 2744 stola
237 2685 413 2759 Respondit,
428 2685 602 2782 Agrigento.
624 2689 684 2747 Iste
698 2688 738 2745 ad
747 2704 826 2761 quos
839 2690 957 2748 solebat
970 2689 1083 2749 litteras
1093 2700 1131 2745 ιιι

133 2767 187 2838 sit,
206 2775 238 2827 ut
251 2767 278 2826 is
293 2770 400 2827 anulus
415 2770 455 2827 ad
470 2785 504 2827 se
520 2786 554 2843 pr
555 2769 615 2843 imo
628 2786 750 2844 quoque
765 2772 1084 2865 temporeadlerretur
1102 2769 1136 2827 tu

133 2849 238 2910 litteris
252 2848 339 2909 istius
346 2840 433 2924 patri
452 2851 586 2923 familias,
601 2853 633 2911 L.
647 2850 733 2925 Titio,
751 2850 809 2911 civi
825 2855 971 2925 Romano,
987 2855 1093 2913 anulus
1106 2850 1136 2909 dt
1158 2872 1163 2885 ·

125 2933 225 3007 'digito
242 2934 392 2993 detractus
409 2942 464 2992 est
496 2935 549 2995 llla
565 2933 716 2994 veracius
734 2934 882 3008 cupiditas
896 2935 1081 3000 incredibilis
1092 2939 1137 2994 est

132 3015 206 3074 Nam
220 3025 252 3075 ιιι
273 3014 303 3073 in
325 3016 443 3090 singula
463 3016 632 3087 conclavia,
656 3033 735 3088 quae
754 3016 811 3076 iste
833 3034 893 3077 non
919 3019 1011 3078 modo
1025 3019 1137 3086 Romae,

133 3098 189 3155 sed
207 3100 236 3155 in
254 3100 392 3158 omnibus
409 3097 487 3157 villis
508 3099 612 3170 habet,
633 3097 765 3158 tricenos
787 3101 882 3159 lectos
903 3100 1017 3195 optime
1038 3107 1138 3162 stratos

135 3191 201 3236 cum
217 3181 342 3245 caeteris
360 3180 543 3242 ornamentis
567 3179 697 3239 convivii
719 3190 889 3255 quaereret,
913 3182 1037 3243 nimium
1059 3182 1141 3243 mulla

133 3273 307 3353 comparare
324 3263 484 3323 videretur.
523 3264 610 3322 Nulla
629 3263 765 3322 domus
758 3281 787 3322 in
804 3263 906 3323 Sicilia
925 3267 1065 3340 locuples
1086 3262 1141 3336 luit

19 3388 20 3396 ,
131 3339 205 3398 ubi
198 3348 254 3399 rste
271 3360 329 3402 uon
342 3346 501 3406 textrinum
516 3345 682 3406 instituerit
706 3344 756 3406 59.
786 3345 894 3406 Mulier
912 3356 960 3407 est
981 3348 1142 3422 Segestana
