2356 3854
248 182 266 220 ··
303 142 555 250 ¹cuuac--rc
577 181 752 254 ιιι-ιι.
932 130 937 146 ’
990 198 1053 267 toa

107 337 240 400 xxxix
263 336 452 412 Quamquam
465 335 600 397 huiusce
603 337 647 397 rei
658 345 795 413 potestas
811 339 908 401 omnis
919 343 949 400 ιιι
964 342 1052 404 vobis

60 439 77 482 a
94 429 160 495 est,
181 419 314 481 iudicas·
337 428 430 480 totam
451 436 515 480 rem
534 419 687 494 publicam
705 437 760 481 vos
775 422 807 480 ιιι
822 423 880 484 hac
895 440 990 485 causa
1009 436 1052 487 te

60 505 116 575 tis,
139 518 198 563 vos
213 501 398 587 gubernatis.
436 502 512 564 siu.
530 501 656 562 Catilina
670 519 740 562 cum
753 520 810 564 suo
825 504 953 567 consilio
968 509 1051 568 nela-

60 603 134 646 rum
156 580 326 660 hominurn,
347 602 426 661 quos
447 601 551 645 secum
572 585 689 659 eduxit,
712 585 770 645 hac
784 587 823 647 de
839 605 874 648 re
886 598 994 663 posset
1007 591 1051 651 iu-

60 686 133 743 ιιι,
150 670 414 747 condemnaretb.
429 669 601 728 Murenam=
617 685 643 727 si
634 667 826 742 interlicere
840 679 955 745 posset,
971 673 1051 733 ocei-

60 762 115 812 ’.οι
159 751 267 812 Petunt
287 751 367 812 enim
389 752 523 812 rationes
545 750 640 823 illius,
665 759 698 810 ul
723 751 843 811 orbetur
864 753 976 815 auxilio
999 772 1051 815 res

60 837 158 909 blica,
166 843 199 894 ut
208 834 360 895 minuatur
370 843 475 894 contra
485 851 572 893 suum
584 832 736 893 furorem
727 842 943 907 imperatorum
951 851 1049 911 copia,

66 916 175 977 maior
189 919 317 978 facultas
336 916 464 977 tribunis
485 916 584 991 plebis
611 916 698 976 detur
721 916 852 990 depulso
873 918 1049 979 adversario
1130 939 1135 961 ¹

60 1000 185 1062 litionis¹
203 1016 240 1060 ac
261 1000 435 1060 discordiae
455 999 673 1058 concitandae·
692 1000 815 1058 Idemne
833 998 924 1074 igitur
942 1000 1051 1063 delecti

64 1082 219 1159 piissimis
245 1099 284 1142 ex
307 1081 464 1143 ordinibus
489 1081 698 1146 honestissimi
717 1090 809 1156 alque
834 1081 1051 1161 sapientissimi

59 1165 286 1237 iiudicabunt,
308 1165 392 1240 quod
405 1165 457 1224 ille
475 1163 753 1242 importunissimus
768 1165 932 1238 gladiator,
952 1165 1050 1227 hostis

72 1248 218 1325 publicae
232 1248 398 1308 iudicaret?
425 1245 475 1307 84.
487 1247 561 1306 Mihi
572 1247 694 1320 credite,
705 1247 832 1325 iudices,
845 1249 875 1307 in
886 1248 944 1308 hac
956 1265 1060 1309 causa,

60 1350 79 1391 n
96 1334 197 1392 solum
208 1331 290 1390 deL.
302 1331 456 1402 Murenae,
474 1347 580 1391 verum
594 1330 684 1390 etiam
698 1332 738 1390 de
750 1338 853 1391 vestra
867 1332 964 1393 salute
979 1349 1048 1392 sen·

60 1415 143 1475 itiam
161 1414 275 1475 teretis
312 1415 346 1472 ln
363 1413 524 1474 discrimen
543 1423 710 1475 extremum
724 1414 879 1475 venimus
909 1414 981 1474 nihil
1002 1423 1051 1476 est
1123 1486 1125 1490 .

60 1516 75 1557 n
91 1499 176 1559 unde
189 1513 247 1581 nos
259 1497 430 1556 reficiamus
445 1505 496 1557 aut
509 1497 560 1557 ubi
571 1497 649 1572 lapsi
660 1496 848 1558 resistamus.
869 1499 936 1559 Non
950 1499 1049 1583 solum

60 1580 184 1641 nuenda
197 1597 258 1641 non
275 1588 345 1639 sunt
359 1579 485 1654 auxilia,
502 1597 581 1654 quae
598 1581 760 1650 habemus,
781 1581 942 1641 sedetiam
959 1570 1048 1654 nova,

60 1664 126 1724 lieri
142 1664 250 1738 possit,
267 1663 480 1736 comparanda.
508 1664 613 1722 Hostis
629 1672 677 1722 est
690 1662 768 1723 enim
784 1679 845 1722 non
860 1664 944 1743 apud
957 1665 1048 1722 Anie-

60 1764 95 1819 m,
112 1747 198 1821 quod
213 1747 292 1805 bello
307 1744 424 1804 Punico
435 1746 649 1818 gravissimum
664 1744 763 1804 visum
777 1752 833 1816 est,
849 1745 927 1804 sed
920 1761 950 1803 ιιι
963 1744 1048 1816 urbe,

59 1830 129 1889 loro
141 1828 231 1888 -di-
238 1828 437 1887 immonalest
455 1828 520 1886 sine
531 1827 643 1901 gemitu
655 1827 715 1893 boc
730 1825 790 1885 dici
801 1843 862 1885 non
878 1834 1048 1901 potest-2

59 1930 78 1984 n
93 1928 184 1972 nemo
200 1911 289 1972 etlam
303 1910 333 1968 in
346 1911 397 1969 illo
410 1910 543 1968 sacrario
555 1907 600 1967 rel
611 1908 761 1983 publicae,
776 1908 807 1967 ιιι
822 1909 899 1983 ipsa,
915 1908 1049 1984 inquam,

60 1994 103 2055 ria
119 2011 181 2055 non
197 2011 285 2054 nemo
301 1991 399 2053 hostis
420 2000 476 2051 est.
517 1991 555 2052 Di
575 1991 672 2052 faxint
688 1999 723 2051 ut
741 2007 828 2051 meus
848 1992 980 2066 collega,
1000 1990 1049 2051 vir

60 2077 218 2148 tissimus,
243 2076 303 2136 hoc
318 2073 463 2136 catilinae
478 2091 516 2134 ne
518 2075 624 2134 larium
640 2074 829 2135 latrocinium
844 2083 978 2134 armatus
992 2091 1048 2149 op·
1112 2084 1116 2091 ’

60 2164 142 2220 ιιιιιι
173 2161 238 2234 Ego
259 2167 397 2234 togatus,
420 2158 509 2218 vobis
526 2158 678 2233 bonisque
694 2157 833 2219 omnibus
849 2157 1048 2253 adiutoribus,
1133 2232 1136 2237 Ι

60 2261 86 2317 c,
102 2245 186 2319 quod
198 2249 381 2316 ‘conceptum
391 2258 442 2302 res
454 2240 576 2316 publica
591 2241 756 2316 periculum
765 2239 904 2325 parturit,
918 2238 1048 2300 consilio

60 2327 180 2387 tcutiam
195 2335 225 2386 et
241 2324 454 2399 comprimam!
484 2321 536 2384 85.
552 2323 614 2384 Sed
630 2324 703 2400 quid
717 2325 837 2383 tandem
854 2308 915 2397 fie't,
930 2339 958 2383 st
948 2321 1048 2382 haec

60 2427 124 2486 ρει
139 2411 177 2469 de
192 2408 330 2469 manibus
344 2407 457 2468 nostris
473 2405 504 2465 in
524 2423 593 2466 eum
615 2423 740 2479 annum,
768 2405 820 2481 qui
840 2406 1046 2481 consequitur,

60 2488 237 2553 lundarint‘l
266 2491 353 2550 Unus
374 2490 431 2551 erit
450 2490 558 2549 consul
577 2498 608 2550 et
627 2489 654 2549 is
675 2505 734 2547 non
755 2488 786 2548 in
808 2487 1047 2550 administrando

60 2578 113 2649 llo,
135 2575 242 2635 sedin
263 2571 444 2634 sufficiendo
467 2574 585 2646 collega
606 2579 783 2646 occupatus.
811 2571 900 2632 Hunc
916 2571 1049 2646 iamqui

60 2659 192 2734 pedituri
207 2656 276 2731 sint,
286 2655 365 2695 ****
375 2656 426 2715 illa
441 2655 537 2730 pestis
552 2655 700 2726 immanis,
711 2655 889 2732 importrura
904 2652 1048 2716 Catilinae

60 2751 208 2816 rrumpet,
227 2756 288 2814 qua
304 2739 429 2814 ροιιιιι·
447 2746 477 2798 et
492 2737 553 2796 iam
567 2739 682 2812 populo
699 2739 836 2798 Romano
851 2737 996 2815 minuturi
1017 2736 1048 2797 in

59 2841 110 2884 ros
134 2823 328 2884 suburbanos
352 2828 478 2917 repento
497 2820 667 2880 advolabit=
693 2819 892 2880 versabitur
884 2836 914 2879 ιιι
939 2817 1056 2879 eastris⁴
1136 2846 1140 2857 ι

60 2923 110 2979 οι,
130 2905 161 2967 in
175 2906 259 2967 curia
273 2906 370 2976 timor,
386 2904 417 2964 in
434 2904 501 2963 loro
516 2903 694 2999 coniuratio,
713 2903 745 2962 in
761 2919 870 2976 campo
886 2900 1048 2968 exercitus,

67 2990 147 3063 agris
163 2989 303 3050 vastitas·
330 2987 411 3047 omni
430 2987 557 3045 autem
549 3004 578 3044 m
597 2986 672 3046 sede
692 3000 729 3044 ac
741 2977 849 3045 locol
847 2998 947 3042 errurn
963 2980 1049 3040 flam·

60 3087 161 3146 umque
174 3079 353 3132 metuemus
384 3067 489 3142 Quae
482 3084 541 3126 ιιιιι
558 3068 610 3128 diu
625 3075 853 3142 comparantur,
869 3065 977 3127 eadem
990 3062 1050 3131 ista

60 3154 137 3227 unia,
153 3154 189 3215 ιι
209 3162 315 3215 ornata
337 3151 401 3213 suis
423 3149 585 3244 praesidiis
604 3150 661 3210 erit
680 3166 731 3210 res
752 3148 890 3224 publica,
915 3145 1005 3207 lacile
1019 3154 1049 3209 el

60 3236 246 3309 agistratuum
252 3234 389 3297 consiliis
402 3242 432 3294 et
442 3233 627 3308 privatorum
638 3231 793 3305 diligentia
804 3231 1048 3305 comprimentur

104 3321 162 3380 XL.
176 3320 226 3382 8ιι
250 3319 333 3392 Quae
348 3334 441 3393 quum
455 3317 496 3376 ita
511 3314 586 3386 sint,
603 3314 734 3386 iudices,
750 3312 879 3389 primum
892 3331 937 3376 ror
927 3313 1048 3390 publi·

60 3412 83 3457 ιι
95 3417 192 3478 causa,
208 3420 271 3478 qua
284 3402 366 3462 nulla
379 3416 431 3460 res
445 3398 587 3474 cuiquam
602 3398 702 3473 potior
716 3397 808 3460 debet
821 3414 902 3472 esse,
919 3414 977 3460 vos
990 3411 1048 3472 pro
