2356 3854
298 134 301 141 ι
387 198 389 203 ·
432 184 778 291 cat).·1-a.s.1-a
1060 181 1124 250 397

90 333 271 410 aequiorem
287 350 377 410 quam
390 349 444 394 reo
458 337 601 409 praebent
616 358 672 390 -ι
695 337 752 397 sed
768 344 834 407 tna,
850 337 881 397 C.
898 336 1018 408 Caesar,
1035 353 1122 412 prae·

91 427 180 479 stans
202 417 426 492 singularisque
446 427 554 479 natura
575 418 656 478 hunc
679 417 751 479 milti
773 426 884 481 metum
899 419 1013 479 minuit.
1056 419 1122 479 Non

91 501 175 560 eninr
187 509 247 561 tam
258 502 348 561 timeo
361 501 434 575 quid
445 509 479 583 tu
490 502 528 562 de
543 517 615 574 rege
627 499 781 574 Deiotaro,
794 518 885 576 quarn
902 501 1034 576 intelligo
1048 500 1123 576 quid

92 584 134 643 de
153 593 181 643 te
206 593 344 643 caeteros
368 583 444 644 velis
464 584 610 645 iudicare.
653 581 682 647 5.
704 583 831 643 Moveor
845 583 933 644 etiam
948 584 1007 643 loci
1022 582 1122 658 ipsius

92 666 271 740 insolentia,
296 667 380 742 quod
401 674 512 726 tantam
534 682 667 740 cansam,
688 675 803 740 quanta
824 667 906 726 nulla
925 683 1068 741 umquam
1090 665 1122 726 in

92 749 317 824 disceptatione
339 757 459 811 versata
480 757 543 821 est,
569 749 639 811 dico
666 748 744 809 intra
770 747 956 809 domesticos
980 749 1120 823 parietes,

91 833 166 892 dico
181 841 267 892 extra
281 843 464 894 conventum
481 840 511 893 et
528 848 594 892 earn
609 831 825 905 frequentiam,
846 831 877 890 in
893 848 953 905 quo
968 840 1121 893 oratorum

92 915 195 975 studia
210 915 263 974 niti
278 918 392 975 solent:
407 916 438 973 in
456 914 514 975 tuis
529 915 643 986 oculis,
659 915 689 974 in
706 925 756 976 tuo
772 930 825 975 ore
840 915 986 988 vultuque
1001 914 1122 987 acquie-

92 1013 160 1070 sco,
175 1007 204 1057 te
216 1012 307 1057 unum
324 997 453 1071 intueor,
467 998 506 1056 nd
520 1005 652 1058 teunum
666 997 764 1057 onmis
780 1003 898 1071 spectat
911 995 1018 1059 oratio.
1040 995 1123 1069 Quae

92 1080 167 1139 mihi
178 1081 218 1140 ad
230 1095 317 1154 spem
330 1080 511 1140 obtinendae
524 1080 657 1140 veritatis
668 1079 848 1154 gravissima
863 1087 942 1151 sunt,
955 1079 995 1139 ad
1010 1082 1123 1148 motuni

90 1163 185 1221 animi
208 1162 298 1222 etad
318 1178 439 1222 omnem
459 1163 601 1236 impeturn
630 1162 751 1225 dicendi
773 1163 1060 1238 contentionemque
1080 1163 1122 1222 le-

92 1245 190 1304 viora.
233 1244 263 1304 6.
280 1245 365 1304 Hanc
379 1244 474 1316 enim,
494 1246 524 1305 C.
538 1244 664 1316 Caesar,
680 1262 802 1306 causam
820 1245 890 1306 siin
907 1249 972 1308 loro
989 1245 1122 1305 dicerem

88 1328 203 1386 eodem
221 1325 361 1393 audiente
377 1336 406 1388 et
421 1327 610 1403 disceptante
626 1336 669 1403 te,
693 1338 834 1404 quantam
849 1330 922 1389 mihi
937 1329 1123 1390 alacritatem

70 1408 199 1487 populi
219 1409 348 1470 Romani
367 1426 536 1472 concursus
559 1412 704 1473 adferret!
720 1413 800 1508 Quis
820 1413 899 1473 enim
920 1413 995 1473 civis
1011 1411 1040 1472 ei
1056 1411 1121 1487 regi

91 1509 154 1551 non
171 1494 300 1564 faveret,
322 1493 410 1553 cuius
434 1511 553 1554 ornnem
574 1503 702 1556 aetatem
719 1496 750 1553 in
765 1431 872 1571 populi
889 1497 1016 1556 Romani
1031 1495 1120 1556 bellis

92 1583 303 1650 consumptam
324 1592 394 1636 esse
418 1577 625 1638 meminisset?
644 1578 820 1673 Snpecturem
842 1579 970 1650 curiam,
989 1579 1122 1640 intuerer

93 1659 206 1731 lorum,
229 1660 347 1717 caelum
369 1659 502 1733 deniqne
519 1661 669 1720 testarer
662 1672 772 1733 ipsum.
817 1660 876 1731 Sic,
896 1677 987 1735 quum
1003 1669 1033 1720 et
1048 1663 1120 1720 deo-

93 1757 158 1798 rum
174 1741 385 1800 immortalium
407 1749 436 1800 et
457 1743 563 1814 populi
577 1743 706 1801 Romani
728 1750 761 1801 et
779 1750 906 1802 senatus
925 1741 1074 1802 beneficia
1091 1741 1122 1801 in

92 1839 196 1898 regern
205 1823 378 1883 Deiotarum
394 1824 581 1894 recordarer,
597 1824 677 1883 nullo
694 1824 785 1886 modo
800 1822 874 1883 mihi
890 1824 1004 1884 deesse·
1014 1830 1122 1897 posset

94 1906 200 1966 oratio.
244 1903 273 1966 7.
296 1905 379 1977 Quae
402 1905 544 1979 quoniam
561 1905 736 1979 angustiora
752 1905 885 1980 parietes
901 1906 1015 1966 faciunt
1028 1907 1121 1965 actio-

94 2005 152 2064 que
168 1989 316 2048 maximac
333 2002 444 2048 causae
463 1987 633 2061 debilitatur
648 1988 732 2061 loco,
754 1996 836 2049 tuum
852 1997 912 2062 est,
929 1990 1054 2063 Caesar,
1070 1986 1123 2064 qui

89 2087 147 2145 pro
172 2071 272 2131 multis
295 2087 389 2145 saepe
412 2052 531 2144 dixisti,
560 2071 633 2145 quid
656 2061 728 2131 mihi
748 2087 827 2131 nunc
849 2071 941 2132 animi
964 2072 1003 2134 sit
1028 2073 1069 2132 ad
1092 2080 1121 2132 te

90 2154 192 2229 ipsum
206 2153 330 2226 referre,
347 2170 408 2228 quo
425 2150 544 2216 lucilius
560 2171 653 2228 quum
666 2156 805 2228 aequitas
827 2164 877 2214 tua
894 2164 957 2216 tum
978 2153 1121 2217 audiendi

88 2236 248 2312 diligentia
264 2235 380 2296 minuat
395 2237 474 2299 hane
489 2237 745 2333 perturbationem
759 2254 866 2297 meam.

153 2319 216 2379 Sed
233 2328 403 2395 antequam
416 2321 454 2379 de
470 2320 663 2381 accusatione
676 2320 744 2395 ipsa
760 2320 839 2393 dico,
855 2322 894 2381 de
908 2328 1121 2381 accusatorum

85 2420 148 2479 spe
162 2419 265 2477 pauca
279 2403 393 2463 dicam:
416 2404 467 2478 qni
486 2421 576 2478 quum
594 2403 751 2464 videantur
768 2419 870 2477 neque
884 2403 1005 2480 ingenio
1021 2418 1121 2479 neque

82 2503 149 2549 usu
164 2494 256 2560 atque
271 2487 487 2548 exercitatione
502 2504 601 2547 rerum
613 2488 724 2556 valere,
740 2493 839 2545 tamen
856 2488 896 2547 ad
909 2488 986 2548 hanc
998 2502 1121 2546 causam

81 2587 151 2633 non
174 2570 242 2628 sine
259 2568 360 2644 aliqua
382 2585 438 2643 spe
457 2576 487 2628 et
502 2568 682 2644 cogitatione
698 2575 853 2629 venerunt.
897 2571 946 2632 lll.
961 2570 991 2633 8.
1010 2571 1121 2629 Iratum
1168 2636 1173 2642 ,

80 2663 114 2716 te
131 2651 200 2726 regi
216 2652 359 2712 Deiotaro
375 2653 471 2711 luisse
485 2669 545 2711 non
563 2662 647 2713 erant
662 2653 772 2714 nescii:
788 2654 940 2714 adlectum
955 2654 1037 2730 illum
1055 2650 1120 2725 qui·

80 2736 221 2799 busdam
232 2733 432 2797 incommodis
444 2743 474 2792 et
484 2735 668 2796 detrimentis
680 2743 806 2811 propter
817 2737 1018 2798 offensionem
1031 2732 1122 2793 animi
1168 2764 1171 2769 >

79 2820 131 2887 tui
154 2816 369 2891 meminerant,
393 2825 485 2891 teque
501 2834 593 2890 quum
607 2818 676 2877 huic
697 2819 813 2891 iratum,
834 2827 897 2880 turn
917 2819 974 2880 sibi
992 2816 1121 2875 amicum

79 2919 162 2965 esse
184 2910 404 2976 cognoverant,
431 2900 576 2974 quodque
596 2901 678 2975 apud
698 2899 797 2973 ipsum
819 2910 847 2961 te
865 2903 903 2961 de
922 2909 972 2960 tuo
985 2897 1121 2973 periculo

82 2986 243 3056 dicerent,
265 2987 332 3045 iore
346 2983 493 3059 putabant
509 2991 542 3062 ut
558 2983 587 3040 in
604 2984 777 3043 exulcerato
796 2982 895 3042 animo
913 2982 1001 3040 laeile
1018 2980 1127 3038 fictum

82 3071 204 3133 crimen
219 3067 372 3128 insideret.
408 3067 502 3139 Quam
517 3065 557 3125 ob
571 3082 635 3124 rem
647 3067 708 3124 *hoc
723 3080 780 3125 nos
796 3064 923 3139 primurn
939 3069 1028 3134 metu,
1049 3062 1121 3120 Cae-

83 3170 156 3225 sar,
176 3167 231 3225 pcr
245 3152 336 3212 tidem
349 3159 379 3212 et
396 3149 596 3210 constantiam
611 3156 641 3208 et
655 3147 843 3207 clementiam
857 3154 938 3206 tuam
952 3145 1060 3217 libera,
1083 3162 1121 3206 ne

82 3235 227 3297 residere
246 3235 277 3296 in
300 3243 329 3295 le
353 3236 443 3294 ullam
467 3243 582 3307 partem
607 3229 782 3291 iracundiae
811 3228 1013 3304 suspicemur.
1065 3229 1122 3288 Per

85 3321 247 3380 dexteram
262 3317 351 3379 istam
372 3327 402 3378 te
423 3332 486 3389 oro,
509 3332 598 3391 quam
619 3312 683 3388 regi
704 3314 845 3375 Deiotaro
870 3313 986 3387 hospes
1007 3310 1121 3387 hospiti

86 3400 271 3477 porrexisti,
285 3400 388 3475 istam,
404 3401 544 3476 inquam,
559 3399 713 3460 dexteram
728 3412 788 3457 uon
802 3403 863 3455 tam
876 3394 1006 3457 inbellis
1021 3409 1121 3471 neque
