2356 3854
122 203 184 267 116
321 201 371 259 nn
385 199 540 259 ιιιιιιιιο
557 201 611 259 on.
626 197 778 257 romanu
796 172 956 257 οιιιιιο.’

122 367 190 411 rere
206 365 368 423 possumus
385 347 548 421 veritatem,
562 356 652 422 atquc
663 347 722 406 hoe
737 346 864 414 facilius,
882 347 966 420 quod
982 360 1018 405 ea
1033 344 1132 416 omnia,

124 449 203 507 quae
217 448 236 491 a
252 447 299 489 me
311 431 411 490 adhuc
426 430 598 503 dictasunt,
618 428 730 489 iidem
722 429 771 488 isti
788 445 859 488 vera
874 444 952 488 esse
961 427 1131 496 concedunt,

122 524 153 575 et
167 512 373 573 necessarium
394 513 504 573 bellum
521 528 591 573 esse
610 521 640 572 et
655 527 796 607 magnum
817 519 846 570 et
863 511 893 568 in
910 527 971 571 uno
987 510 1040 570 Cn
1056 510 1132 570 Pom-

123 594 194 671 peio
211 612 327 655 summa
341 610 411 655 essa
426 594 535 654 omnia
567 594 616 655 52.
636 594 736 666 Quid
728 581 817 668 igitur
833 594 874 652 ait
886 591 1090 653 Hortensius?
1107 591 1134 652 Si

122 677 176 740 uni
192 677 290 737 omnia
304 677 461 737 tribuenda
478 677 551 747 sint,
566 658 775 750 dignissimum
790 686 861 736 esse
874 674 1067 748 Pompeium,
1078 655 1134 737 sed

52 768 58 777 '
123 761 164 821 ad
177 778 269 820 unum
283 769 382 820 tamen
399 760 498 819 omnia
513 758 622 819 deterri
642 764 702 818 non
720 767 872 833 oportere
907 757 1091 818 Obsolevit
1078 774 1134 823 ram

123 843 182 902 ista
202 843 313 914 oratio,
336 859 369 901 re
389 845 482 902 multo
503 841 598 916 magis
617 859 711 915 quam
725 839 827 900 verbis
844 841 981 900 refutata.
1024 841 1095 899 Nam
1108 849 1135 900 tu
1168 836 1170 845 '

122 924 219 997 idem,
233 925 272 997 iQ.
286 925 443 997 Hortensi,
466 926 557 984 multa
571 941 626 998 pro
644 934 695 985 tua
711 939 828 984 summa
843 922 932 997 copia
947 938 984 982 ac
1000 921 1134 998 singulari

108 1009 265 1068 'facultate
280 1007 400 1067 dicendi
416 1006 491 1067 etin
506 1015 613 1067 senatu
629 1016 733 1067 contra
750 1006 847 1065 vimm
862 1007 986 1076 fortem,
1003 1008 1042 1065 A.
1057 1004 1132 1065 Gabi·

123 1091 215 1161 nium,
233 1090 363 1163 graviter
378 1097 543 1162 ornateque
558 1089 669 1162 dixisti,
686 1106 776 1163 quum
791 1087 818 1149 is
833 1089 871 1148 de
886 1088 1132 1163 unoimperatorc

124 1182 229 1232 contra
250 1174 421 1245 praedones
440 1172 652 1231 constituendo
674 1175 772 1246 legem
795 1173 1035 1245 promulgasset,
1057 1179 1086 1230 et
1102 1187 1132 1230 ex

123 1254 183 1313 hoc
196 1254 265 1327 ipso
281 1256 348 1312 loco
363 1255 512 1326 permulta
526 1252 596 1313 item
612 1265 718 1316 contra
734 1271 800 1315 eam
816 1255 913 1327 legem
926 1253 1024 1314 verba
1039 1252 1130 1313 fecisti

123 1335 182 1396 53„
196 1335 293 1407 Quina
311 1344 380 1408 tum,
397 1352 451 1408 per
466 1337 541 1395 deos
555 1336 754 1397 immortales!
777 1336 803 1396 si
818 1338 887 1411 plus
902 1337 986 1410 apud
1002 1337 1130 1410 populun

123 1418 292 1477 Romanum
313 1417 475 1477 auctoritas
497 1426 549 1478 tua
571 1436 661 1493 quam
680 1419 778 1493 ipsius
799 1419 904 1495 populi
918 1419 1048 1479 Romani
1062 1420 1128 1479 salus
1167 1462 1170 1485 ι

125 1508 155 1559 et
170 1516 243 1559 vera
257 1516 351 1560 causa
365 1500 524 1568 valuisset,
544 1501 636 1561 hodie
649 1502 727 1560 hanc
743 1501 867 1576 gloriam
883 1510 974 1574 atque
989 1501 1050 1560 hoe
1063 1499 1128 1560 orbis
1167 1549 1170 1556 .

124 1590 222 1642 terrae
236 1582 396 1657 imperium
409 1590 600 1643 teneremus?
623 1586 672 1643 An
685 1584 739 1644 tihi
753 1595 814 1645 tum
828 1583 986 1659 imperium
999 1578 1064 1644 hoc
1073 1597 1127 1645 esse
1164 1629 1167 1637 .

101 1740 104 1749 Ι
124 1664 290 1738 videbatur,
307 1683 400 1739 quum
412 1665 653 1740 populi-Romani
665 1667 763 1740 legati,
782 1675 961 1740 quaestores
973 1675 1127 1741 praetores
1165 1660 1170 1732 ζ

125 1765 186 1821 que
200 1747 417 1823 capiebantur?
435 1767 527 1824 quum
543 1766 582 1808 ex
597 1749 736 1809 omnibus
752 1749 916 1823 provinciis
932 1753 1127 1810 commeatio
1163 1744 1170 1825 §J

124 1831 242 1904 privato
268 1841 299 1892 et
322 1832 443 1907 publico
469 1832 723 1906 prohibebamur?
755 1848 847 1907 quum
868 1830 909 1891 ita
929 1834 1037 1892 clausa
1056 1827 1127 1890 nobis
1163 1878 1169 1894 ,

124 1922 209 1973 erant
222 1914 316 1974 maria
331 1914 439 1986 omnia,
454 1923 488 1975 ut
500 1924 601 1989 neque
615 1915 763 1990 privatam
776 1931 840 1974 rem
850 1914 1077 1975 transmarinam
1088 1927 1126 1972 ne
1143 1912 1148 1921 '
1163 1910 1170 1981 ,‘

125 2013 185 2069 que
198 1997 350 2069 publicam
365 1996 425 2056 iarn
440 1996 524 2057 obire
536 2005 721 2071 possemus?
1165 1990 1170 2002 ⁴

206 2079 312 2137 XVlll.
334 2076 384 2139 54.
412 2079 496 2151 Quae
518 2079 624 2140 civitas
645 2089 733 2140 antea
749 2097 891 2154 umquam
909 2081 979 2152 luit,
1000 2096 1060 2140 non
1074 2075 1126 2137 dico

49 2156 55 2170 ¹
123 2159 361 2232 Atheniensium,
375 2177 454 2235 quae
466 2163 540 2222 satis
551 2163 611 2222 late
623 2163 775 2238 quondam
787 2179 869 2223 mare
880 2164 1017 2223 tenuisse
1029 2162 1128 2230 dicitur,
1167 2210 1170 2217 .

124 2259 184 2303 non
205 2242 513 2318 Karthaginiensium,
541 2245 591 2320 qui
613 2248 790 2320 permultum
812 2247 911 2306 classe
932 2261 968 2304 ao
990 2242 1128 2304 maritimis
1167 2242 1170 2315 ᾗ

123 2327 215 2387 rebus
233 2327 399 2398 valuerunt,
415 2344 477 2386 non
492 2327 688 2400 Rhodiorum,
706 2344 834 2403 quorum
849 2345 948 2403 usque
959 2329 1001 2389 ad
1012 2336 1129 2389 nostran
1165 2338 1167 2342 ⁴

123 2506 267 2564 umquam
286 2502 376 2552 antea
392 2503 452 2553 tam
471 2494 586 2565 tenuiS,
608 2502 667 2552 tam
689 2481 784 2568 parva
803 2495 903 2554 insula
918 2492 974 2554 luit
993 2509 1071 2567 quae
1083 2505 1129 2550 non
1166 2540 1170 2552 ,

122 2580 229 2646 portus
246 2590 319 2633 suos
337 2583 367 2634 et
386 2591 477 2648 agros
493 2584 522 2635 et
538 2575 669 2650 aliquam
687 2585 801 2650 partem
815 2575 949 2649 regionis
965 2584 1057 2650 atque
1073 2586 1129 2636 orac
1167 2571 1170 2579 ’

122 2653 288 2714 maritimae
303 2672 358 2729 per
372 2673 407 2716 se
421 2656 489 2730 ipsa
504 2658 701 2718 detenderet?
727 2659 768 2719 At
781 2659 903 2718 hercule
918 2658 1036 2733 aliquot
1048 2669 1128 2718 annos

123 2735 283 2797 continuos
299 2745 367 2796 ante
382 2739 479 2813 legem
496 2739 650 2799 Gabiniam
666 2741 715 2799 ille
732 2743 863 2815 populus
877 2742 1046 2815 Romanus,
1059 2738 1128 2800 cuius

122 2820 280 2894 usquead
301 2828 435 2881 nostram
450 2823 624 2882 memoriam
640 2840 749 2882 nomen
771 2823 913 2884 invictum
934 2823 965 2883 in
987 2788 1127 2884 nav'alibus

122 2901 237 2978 pugnis
245 2904 451 2977 permanserit,
464 2922 573 2979 magna
584 2922 620 2964 ac
632 2907 723 2965 multo
739 2906 869 2965 maxima
884 2915 969 2982 parte
980 2924 1043 2968 non
1054 2904 1127 2966 modo

121 2980 272 3058 utilitatis,
291 2986 347 3046 sed
362 2985 513 3061 dignitatis
531 2997 621 3062 atque
635 2987 752 3062 imperii
767 2989 878 3049 caruit·
904 2989 956 3050 55.
978 3007 1051 3062 nos,
1069 3001 1127 3063 quo·

121 3083 187 3126 rum
197 3067 328 3130 maiores
337 3069 521 3130 Antiochum
525 3087 632 3165 regem
645 3073 744 3130 classe
756 3071 952 3146 Persemque
954 3075 1125 3163 superarunt
1148 3140 1157 3161 Ι

122 3150 324 3244 omnibusque
343 3153 501 3213 navalibus
524 3152 633 3249 pugnis
647 3154 930 3228 Karthaginienses,
952 3149 1124 3216 hominesin

122 3231 276 3323 maritimis
291 3236 381 3295 rebus
403 3235 670 3296 exercitatissimos
692 3235 977 3312 paratissimosque,
1000 3239 1122 3299 vicerunt

122 3309 144 3369 ii
159 3314 285 3373 nullom
300 3318 391 3377 loeo
383 3335 443 3377 ram
456 3319 660 3392 praedonibus
676 3335 771 3393 pares
781 3335 851 3379 esse
863 3329 1053 3394 poteramns=
1072 3329 1121 3382 not

124 3393 176 3509 qui
196 3404 282 3456 antea
303 3416 364 3458 non
381 3403 474 3461 modo
495 3401 609 3462 ltaliam
624 3410 716 3461 tutam
737 3401 938 3476 habebamus,
963 3406 1020 3464 sed
1038 3408 1120 3463 omnes
1165 3426 1170 3479 i
