2356 3854
132 173 198 241 4³4
274 176 312 233 IN
327 175 368 232 M.
382 173 581 235 ANTONIUIII
595 173 735 259 operto
750 173 968 234 PHILIPPICA
981 174 1019 231 II.
1170 40 1176 263 I

132 330 159 391 si
171 325 316 385 vaiuisset
331 339 367 383 ae
381 339 441 382 non
457 321 477 381 ii
492 324 620 382 maxime
633 321 719 395 mihi,
735 339 865 397 quorum
881 339 941 396 ego
957 326 1039 384 vitae
1052 340 1142 384 consu
1172 370 1176 383 .

131 411 239 500 lebam,
253 422 310 480 spe
323 405 470 465 victoriae
478 407 547 465 etati
555 405 754 478 obstitissent,
767 412 800 464 ut
810 404 1028 479 atinomittam
1040 414 1144 467 tueerte

131 504 294 563 numquam
307 486 337 546 in
347 487 405 546 hoc
413 486 519 546 ordine
530 490 578 547 vet
588 487 689 561 potius
704 504 871 562 numquam
885 487 917 547 iu
929 489 1074 549 haeurbe
1080 506 1144 547 mau-

132 575 238 633 sissos.
259 571 299 628 At
313 586 387 630 vero
403 570 456 628 Cn.
471 569 605 643 Pompeii
621 572 803 630 voluntatem
825 587 845 629 a
860 587 912 630 me
925 571 1082 632 alienabat
1094 588 1146 632 ora·
1174 646 1176 651 Ι

131 656 172 716 tio
180 650 261 713 'mea
283 653 332 713 An
345 652 396 712 ilie
406 668 589 726 quemquam
603 653 672 725 plus
683 652 808 712 dilexit?
822 669 894 712 eum
904 655 973 715 ulio
985 664 1039 715 aut
1052 669 1147 715 senno·
1174 670 1176 739 ;

131 753 186 813 nes
199 744 251 796 aut
262 734 389 795 consilia
403 734 527 807 oontuh‘t
540 733 686 807 saepius?
698 735 780 808 quod
794 733 921 808 quidem
938 746 1148 811 eratmagnum
1173 762 1176 769 ·

132 822 170 881 de
185 834 302 878 summa
319 832 354 877 re
377 817 497 891 puhtiea
520 816 735 877 dissentientes
755 817 785 875 in
806 818 918 876 eadem
935 819 1146 880 consuetudine

131 900 279 963 amicitiae
298 914 483 985 permanere.
506 897 568 959 Sed
580 907 610 959 et
626 915 684 972 ego
699 899 772 973 quid
789 899 839 958 iiie
854 908 886 959 et
900 911 1017 962 eontra
1031 903 1078 961 itte
1091 901 1147 975 quid

132 1001 189 1058 ego
205 981 347 1043 sentirem
364 989 395 1041 et
408 989 577 1054 spectarem
592 981 723 1041 videbat.
752 982 816 1054 Ego
833 982 1043 1045 incolumitati
1057 984 1147 1043 civium

77 1117 79 1119 ,
133 1066 269 1141 primum,
279 1073 313 1123 ut
326 1071 433 1137 postea
446 1061 582 1136 dignitati
595 1078 773 1137 possemus,
786 1064 836 1123 iiie
851 1068 1019 1138 praesenti
1033 1064 1147 1140 dignitati

132 1149 234 1224 potius
248 1147 433 1207 consulebat.
452 1145 539 1218 Quod
552 1145 926 1221 autemhabebatuterqus
935 1148 1145 1223 quidsequre·

132 1241 188 1302 tur,
204 1229 317 1289 ideireo
333 1227 517 1289 tolerabiti0r
530 1236 594 1287 erat
605 1235 709 1288 nostra
724 1229 888 1289 dissensio.
925 1230 986 1291 89.
1003 1231 1079 1304 Quid
1091 1246 1148 1290 uero
1174 1290 1176 1313 Ι

132 1313 182 1371 itte
197 1310 358 1384 singularis
371 1312 417 1369 vir
431 1326 467 1369 ao
481 1327 578 1384 paene
590 1311 711 1371 divinus
723 1312 762 1370 do
777 1325 824 1369 me
836 1314 979 1374 senserit
996 1313 1094 1375 sciunt
1110 1311 1148 1386 qui
1173 1320 1176 1381 t

133 1411 200 1455 eum
213 1394 251 1451 de
267 1391 439 1451 Pharsalica
460 1393 531 1466 suga
549 1393 685 1466 Paphum
703 1392 855 1469 persecuti
877 1404 965 1456 sunt.
998 1398 1147 1470 Numquam
1174 1390 1176 1397 '

132 1477 170 1535 ab
185 1492 222 1535 eo
243 1475 408 1535 mentiode
423 1490 471 1535 me
485 1473 543 1535 nisi
558 1475 739 1547 honorifica,
762 1474 821 1535 nisi
843 1477 944 1550 piena
967 1475 1147 1539 amantissimi

133 1557 285 1627 desiderii,
304 1573 396 1631 quum
410 1572 458 1616 me
473 1556 588 1616 vidisse
602 1559 672 1631 ptus
687 1561 837 1630 fateretur,
852 1574 891 1619 se
905 1562 1090 1636 speravisse
1101 1575 1146 1619 ne·

131 1640 217 1703 liora.
239 1640 275 1699 Et
290 1640 358 1701 'eius
374 1639 429 1699 viri
444 1640 565 1699 nomine
578 1656 626 1700 me
644 1640 908 1716 inaestimandae,
926 1646 1021 1705 euius
1033 1661 1080 1704 me
1093 1641 1145 1702 nni

132 1741 215 1795 oum,
232 1732 261 1785 te
276 1733 426 1785 sectorem
440 1738 512 1785 esse
526 1724 660 1785 fatearet
693 1725 771 1785 XVI.
792 1723 855 1784 Sed
879 1727 1043 1789 omittatur
1057 1727 1145 1787 belim

132 1806 220 1878 iilud,
236 1806 267 1866 in
283 1822 343 1879 quo
358 1815 390 1868 tu
404 1805 525 1868 niqum
541 1807 618 1885 setin¹
625 1805 717 1869 fuisti.
742 1808 786 1867 Ne
799 1805 878 1866 ioeIs
892 1809 1026 1882 quidem
1039 1824 1143 1884 respon·

133 1891 226 1959 debo‚
244 1887 353 1964 quibus
369 1890 460 1946 mein
476 1888 583 1948 eastrIs
599 1906 688 1949 usum
702 1896 772 1949 es'se
787 1888 900 1950 dixisti.
931 1892 1033 1953 Erunt
1047 1891 1141 1967 quidet

133 1973 183 2032 illa
197 1980 296 2031 eastra
315 1973 404 2045 ptem
419 1987 525 2033 curae:
546 1987 651 2033 verum
673 1980 772 2033 tnnren
787 1972 947 2046 homiues,
976 1971 1139 2049 quumvis'u

133 2054 260 2114 turbidis
275 2055 367 2114 rebus
379 2052 453 2127 sint,
468 2063 583 2124 tamen,
600 2056 626 2115 si
640 2056 732 2116 modo
753 2053 893 2117 homines
910 2068 1002 2130 sunt,
1018 2056 1138 2119 interdiu

133 2134 240 2197 animis
255 2139 436 2196 relaxantur.
478 2135 529 2197 40.
548 2137 635 2210 Quod
653 2145 752 2199 autem
766 2137 847 2197 idem
864 2142 1053 2202 maestitiam
1066 2154 1137 2202 mean

133 2220 341 2293 reprehendit,
363 2218 443 2279 idem
458 2216 568 2292 iocum,
585 2235 694 2294 magno
710 2229 888 2295 argumento
906 2233 960 2287 est
975 2241 1026 2285 me
1040 2224 1069 2285 in
1082 2231 1137 2283 utro·

135 2319 193 2376 que
210 2303 305 2365 tuisse
320 2303 516 2363 moderatum.
1159 2306 1164 2321 ⁴

215 2384 403 2447 Hereditates
424 2385 496 2444 mihi
516 2384 634 2459 negasti
654 2385 767 2447 venire.
796 2383 919 2447 Utinam
938 2388 1002 2449 hoo
1017 2397 1096 2450 tuum
1106 2402 1138 2445 re·

132 2483 197 2526 rum
214 2467 327 2527 crimen
348 2474 445 2528 esset!
467 2469 571 2541 plures
591 2468 679 2527 amici
698 2469 756 2529 mei
778 2476 808 2529 et
827 2472 1002 2546 necessarii
1020 2472 1138 2532 viverent

134 2548 195 2607 Sed
212 2550 263 2620 qui
285 2549 363 2611 istuo
381 2549 434 2608 tibi
449 2550 532 2613 venit
550 2551 580 2610 in
600 2557 753 2613 mentem?
775 2551 847 2624 ‘ugo
867 2553 953 2615 emm
969 2555 1097 2630 amplius
1108 2566 1138 2611 so·

133 2629 960 2706 stertiumdueentiensaceeptumhareditatihusrettuii.
977 2637 1139 2716 Quamqunn

132 2711 162 2771 in
178 2713 236 2772 hoe
256 2729 367 2786 genere
383 2716 480 2775 fateor
493 2715 659 2777 tetieIoreur
677 2732 748 2777 esse
764 2724 802 2777 te.
839 2716 889 2777 Me
905 2734 1001 2779 nemo
1019 2719 1077 2779 nisi
1088 2714 1139 2776 nui·

133 2812 187 2856 eus
200 2795 270 2857 terit
285 2795 436 2869 heredem,
454 2805 486 2859 ut
500 2806 568 2859 eum
584 2800 634 2859 iiio
647 2799 816 2870 eommodo‚
835 2799 863 2857 si
878 2802 967 2873 quod
983 2811 1059 2875 erat,
1074 2794 1139 2861 enini

133 2878 253 2952 quidam
274 2880 362 2940 dolor
381 2879 569 2954 iungeretur:
589 2878 678 2952 teis,
701 2897 791 2955 quem
810 2889 842 2945 tu
858 2880 964 2947 vidisti
988 2896 1137 2962 nunquan

130 2959 164 3019 L.
192 2962 324 3023 Rubrius
349 2963 474 3025 eastnas
500 2964 571 3027 iecit
595 2964 747 3025 heredem.
800 2961 851 3027 41.
874 2964 914 3027 Et
945 2967 1070 3039 quidem
1091 2962 1138 3021 vide

132 3060 222 3115 quam
245 3053 273 3106 te
295 3048 399 3107 amarit
417 3045 462 3119 is,
480 3046 532 3121 qui
549 3046 637 3107 uibus
658 3054 762 3109 aterne
778 3044 868 3109 inerit
887 3045 1035 3120 ignoras:
1064 3043 1138 3113 rmus

131 3123 223 3185 tilium
243 3128 409 3202 praeteriit,
430 3130 464 3203 Q.
477 3129 570 3202 Fufii,
592 3127 798 3191 honestissimi
821 3128 935 3202 equitis
951 3130 1082 3193 Romani
1094 3125 1136 3186 sri-

133 3222 191 3277 que
211 3209 420 3283 amantissimi,
449 3228 537 3285 quem
559 3213 657 3286 putam
685 3212 828 3271 heredem
848 3227 977 3287 semper
1000 3215 1139 3277 factumn

131 3291 174 3357 te,
191 3306 280 3361 quem
301 3309 465 3367 numquam
484 3295 601 3355 viderat
619 3302 670 3355 aut
684 3304 767 3356 uerte
780 3308 948 3368 numquam
967 3296 1139 3359 saturaverat

133 3365 203 3435 ierit
215 3371 367 3433 heredem.
392 3375 491 3436 Velim
506 3377 576 3437 mihi
593 3377 693 3450 diras,
709 3376 767 3437 nisi
784 3378 948 3449 utotestum
964 3387 1030 3453 est,
1043 3379 1074 3437 L.
1085 3376 1139 3434 iu·
