2356 3854
389 126 584 223 cnecon.
599 167 624 227 s.
641 169 794 223 lli—151.
896 121 897 125 Ν
1067 148 1144 224 99“

80 310 248 375 onerariam
261 310 423 372 maximam
437 311 568 385 publice,
583 327 674 385 quarn
687 311 774 372 Verri
790 313 958 373 dederunt?
987 315 1104 388 Negare

79 412 136 456 non
163 402 316 469 poterunt.
358 393 554 473 Frumentum
573 394 611 453 ab
635 393 672 452 iis
699 395 900 469 sumpseritne
929 395 959 454 C.
980 399 1104 472 Verres,

81 477 159 554 quod
173 479 292 553 populo
305 477 443 537 Romano
451 475 599 549 mitteret,
618 475 707 536 sicuti
719 477 917 552 superiores?
936 480 1103 554 Negabunt.

81 560 154 635 Quid
168 558 296 620 militurn
313 567 365 619 ant
379 561 536 619 nautarum
551 574 607 633 per
626 558 785 619 triennium
801 560 958 621 dederint?
984 560 1106 623 Nullum'

81 646 178 704 datum
194 641 306 704 dicent
334 641 442 702 Fuisse
456 643 630 702 Messanam
646 642 778 701 omniurn
794 642 881 704 istius
903 646 1048 727 furtorum
1066 662 1103 706 ac

81 727 258 802 praedarum
271 725 470 800 receptricem
488 740 600 799 negare
612 741 672 785 non
688 728 843 799 poterunt:
866 729 1014 800 permulta
1028 730 1105 787 mul-

83 808 115 870 tis
132 807 264 869 navibus
280 807 362 868 illinc
377 816 550 883 exportata:
571 808 649 867 hanc
665 823 772 867 navem
793 808 925 882 denique
942 811 1102 871 maximam

82 890 295 953 aMarnertinis
317 892 433 966 datam,
458 900 597 953 onustam
618 889 761 951 comisto
779 893 1103 966 prolectamdatebun-

81 984 130 1038 tur.
162 972 233 1036 151.
263 974 359 1047 Quam
384 975 424 1034 ob
443 991 506 1035 rern
521 974 580 1035 -tibi
600 975 679 1034 habe
698 990 772 1034 sane
792 974 880 1057 istam
901 975 1103 1035 laudationem

82 1056 336 1118 Mamertinorum:
359 1057 584 1133 Syracusanam
606 1057 728 1133 quidem
752 1056 918 1128 civitatem,
945 1067 978 1117 ut
996 1059 1053 1118 abs
1074 1067 1103 1119 te

82 1141 195 1201 adlecta
215 1148 277 1214 est,
304 1139 346 1201 ita
365 1140 396 1198 in
415 1149 445 1200 te
463 1157 534 1200 esse
554 1139 713 1201 animatam
739 1140 891 1200 videmus:
920 1140 1002 1215 apud
1024 1157 1102 1215 quos

82 1222 164 1284 etiarn
179 1223 289 1284 Verria
302 1223 353 1282 illa
367 1222 518 1297 flagitiosa
530 1224 649 1283 sublata
658 1233 738 1284 sunt.
768 1223 885 1283 Etenim
899 1222 1019 1283 minime
1031 1240 1102 1284 con·

83 1305 231 1381 veniebat,
247 1305 416 1367 eideorum
430 1298 564 1365 hon'ores
579 1305 699 1380 haberi,
722 1305 773 1381 qui
794 1306 955 1366 simulacra
976 1308 1101 1368 deorum

83 1388 260 1450 abstulisset.
293 1388 532 1448 Etiam'hercule
555 1389 628 1450 illud
647 1389 679 1450 in
694 1389 899 1466 Syracusanis
924 1390 1029 1451 merito
1055 1384 1129 1450 rc?

82 1471 322 1545 prehenderetur,
341 1471 377 1544 si,
395 1489 487 1547 quum
502 1471 582 1532 diem
598 1475 707 1532 festum
722 1473 861 1533 ludorum
880 1472 917 1532 de
936 1472 1021 1533 lastis
1037 1472 1102 1535 s'uis

83 1555 271 1615 sustulissent
283 1554 513 1615 celeberrimum
527 1563 557 1615 et
567 1556 801 1626 sanctissimum,
820 1556 902 1631 quod
917 1572 954 1615 eo
969 1557 1037 1629 ipso
1053 1557 1102 1616 dic

83 1635 248 1712 Syracusae
259 1644 282 1697 'a
294 1634 438 1699 Marce'llo
457 1645 565 1713 captae
586 1655 657 1698 esse
677 1638 831 1710 dicuntur,
853 1637 945 1696 iidem
965 1638 1044 1697 diem
1059 1639 1101 1699 le·

82 1726 152 1779 stum
165 1719 274 1782 Verris
288 1720 410 1781 nornine
425 1729 563 1796 agerent,
581 1738 675 1796 quum
688 1720 746 1780 iste
759 1737 778 1780 a
793 1719 1005 1797 Syracusanis,
1022 1736 1102 1792 quae

81 1800 125 1863 ille
137 1803 335 1865 calamitosus
350 1803 416 1864 dies
431 1803 600 1878 reliquerit,
617 1802 790 1862 ademisset.
822 1804 863 1861 At
883 1801 983 1862 videte
1006 1802 1101 1861 homi—

81 1884 121 1945 nis
133 1886 353 1961 impudentiam
369 1896 461 1962 atque
476 1884 696 1960 adrogantiam,
711 1884 844 1958 iudices,
860 1883 913 1958 qui
927 1901 988 1944 non
1004 1886 1102 1946 solum

83 1968 182 2043 Verria
192 1970 270 2029 haec
284 1969 383 2047 turpia
401 1987 437 2031 ac
453 1970 580 2030 ridicula
595 1986 634 2029 ex
645 1968 776 2029 Heraclii
791 1968 921 2043 pecunia
939 1967 1101 2048 constitue·

81 2050 124 2125 rit,
140 2067 253 2112 rerum
271 2052 359 2114 etiarn
373 2053 527 2113 Marcellia
542 2053 604 2114 tolli
618 2051 787 2128 imperarit,
811 2059 844 2112 ut
863 2050 892 2111 ei
913 2067 1000 2137 sacra
1022 2054 1102 2112 lace-

82 2143 139 2198 rent
158 2135 337 2211 quotannis,
360 2137 448 2198 cuius
469 2153 563 2211 opera
577 2134 709 2196 omniurn
730 2152 878 2197 annorum
903 2150 990 2196 saera
1011 2137 1101 2195 deos·

84 2232 135 2289 que
147 2218 265 2294 patrios
283 2218 460 2280 amiserant:
482 2218 548 2280 eius
570 2229 669 2281 autern
687 2218 817 2280 familiae
840 2217 906 2278 dies
928 2220 1022 2278 lestos
1047 2217 1101 2278 tol-

85 2296 183 2376 lerent,
198 2318 255 2380 per
275 2319 365 2387 quam
380 2312 518 2366 caeteros
536 2318 660 2382 quoque
680 2305 776 2363 festos
792 2301 857 2362 dies
875 2307 1103 2375 recuperarent.

488 2568 691 2579 ι-ι-ιιι--ιο--ι
