2356 3854
112 117 191 228 seo
282 142 285 147 ’
389 167 462 227 rao
481 168 537 228 cn.
558 168 719 228 annucio
736 162 897 229 onorio:

112 319 320 381 mortalitatem
341 319 508 379 adsecutos
533 319 645 393 putavi.
686 319 752 394 Ego
781 318 911 380 verosi
939 327 1002 380 tum
1026 320 1126 384 iiiorun
1168 336 1172 376 :

111 401 272 475 impiorum
289 403 368 462 ferro
386 417 422 460 ac
434 418 524 462 manu
539 401 763 483 concidissem,
782 401 812 461 in
829 411 1012 477 perpetuum
1026 421 1074 464 res
1087 422 1127 480 po·
1168 421 1172 458 ·.

110 485 190 544 blica
205 484 293 544 civiie
313 484 500 560 praesidium
516 486 622 546 salutis
636 501 711 544 suae
723 484 922 560 perdidisset
964 486 1044 559 Quin
1058 490 1127 548 edan
1169 502 1172 542 r

112 567 139 630 si
153 584 202 627 rne
217 569 264 627 vis
278 567 379 642 aliqua
390 567 487 627 morbi
500 577 552 628 aut
566 577 672 628 natura
686 568 755 644 ipsa
770 568 1030 643 consumpsisset,
1046 579 1128 631 umor
1170 584 1172 593 ’

110 652 222 710 auaritia
234 652 420 724 posteritatis
434 658 539 712 essent
554 651 722 724 imminuta,
746 651 830 726 quod
851 660 1046 727 peremptum
1066 663 1131 716 essa
1170 652 1172 660 ⁴

109 751 178 794 mea
190 742 285 795 morte
299 735 331 794 id
345 736 526 809 exemplum,
545 735 643 809 qualis
658 736 774 795 iuturus
792 733 824 794 in
839 750 887 794 me
899 734 1063 797 retinendo
1077 738 1131 798 iuis·

111 826 158 878 set
175 825 300 880 senatus
314 820 510 893 populusque
525 818 689 878 Ronranus.
732 820 781 876 An
797 817 823 878 si
838 835 988 894 umquam
1005 819 1082 883 vitae
1093 835 1132 881 cu·

112 899 225 976 piditas
246 901 339 960 inme
355 901 477 974 suisset,
498 916 555 974 ego
578 916 684 959 mense
705 900 866 960 Decembri
887 902 949 960 mei
970 904 1132 964 consuistis

111 985 245 1043 omnium
259 984 478 1059 parricidarum
488 986 547 1043 tela
559 990 784 1067 commossem?
796 1000 885 1058 quae,
898 986 926 1044 si
933 984 1133 1062 vigintiquies·

110 1083 175 1126 sem
191 1068 272 1142 dies,
296 1067 327 1125 in
343 1069 469 1127 aliorum
485 1065 615 1140 vigiliam
638 1068 797 1127 consulum
811 1067 1012 1128 recidissent„
1056 1069 1132 1142 Quum

112 1152 151 1211 ob
174 1167 238 1209 rem
263 1149 289 1209 si
312 1150 391 1209 vitae
409 1149 558 1223 cupiditas
580 1158 686 1211 contra
707 1149 945 1224 rempublicam
964 1159 1018 1212 est
1042 1150 1132 1226 turpis,

111 1241 192 1293 certe
207 1234 300 1292 multo
316 1233 420 1292 mortis
432 1232 583 1306 cupiditas
607 1248 674 1293 mea
695 1233 811 1308 turpior
830 1233 942 1294 inisset
957 1250 1033 1295 cum
1050 1234 1132 1311 perni-

110 1315 157 1375 cie
172 1314 313 1374 civitatis.

172 1396 222 1458 91.
243 1397 318 1456 Nam
336 1397 419 1471 quod
434 1406 463 1457 te
477 1413 548 1458 esse
563 1398 594 1458 in
610 1415 644 1457 re
659 1398 781 1472 publica
795 1400 925 1459 liberum
940 1415 980 1459 es
994 1400 1134 1476 gloriatus,

109 1480 141 1541 id
157 1496 214 1553 ego
231 1489 261 1540 et
276 1481 372 1539 fateor
387 1488 418 1540 et
432 1482 528 1540 laetor
543 1490 573 1541 et
588 1481 641 1542 tibi
656 1483 744 1543 etiam
760 1483 791 1543 in
810 1483 870 1542 hoc
888 1485 1046 1556 gratulorz
1068 1484 1134 1560 quod

109 1579 158 1621 me
173 1573 273 1623 autem
288 1565 421 1638 negasti,
443 1564 473 1622 in
495 1581 532 1624 eo
547 1581 649 1641 neque
662 1574 691 1625 te
712 1582 814 1641 neque
830 1582 1023 1641 quemquam
1038 1567 1134 1627 diutius

109 1645 208 1723 patiar
222 1663 332 1707 errare.
376 1647 537 1707 XXXVIII.
557 1648 633 1708 Nam
650 1649 767 1723 siquis
789 1649 904 1710 idcirco
926 1650 1047 1726 aliquid
1062 1652 1098 1711 de
1110 1650 1134 1707 ii

108 1730 225 1790 bertate
239 1747 307 1791 mea
322 1731 508 1792 deminutum
524 1739 618 1806 putat,
631 1733 713 1806 quod
732 1749 791 1792 non
806 1732 845 1792 ab
857 1734 1006 1794 omnibus
1021 1733 1132 1805 eisdem,

109 1830 127 1872 a
143 1815 254 1888 quibus
270 1821 359 1875 antea
374 1815 482 1877 solitus
497 1822 564 1875 sum
585 1815 761 1889 dissentire,
784 1815 984 1889 dissentiam,
995 1832 999 1841 ’
1011 1819 1132 1892 primun,

109 1894 136 1955 si
150 1897 229 1957 bene
246 1898 284 1957 de
305 1914 352 1958 me
370 1898 484 1958 meritis
498 1907 614 1972 gratum
629 1914 676 1958 me
691 1899 835 1972 praebeo,
849 1914 911 1959 non
923 1899 1037 1960 desino
1050 1899 1131 1959 incur·

108 1994 175 2038 rere
196 1980 227 2040 in
246 1980 357 2040 crimen
378 1981 508 2041 hominis
537 1981 659 2045 nimium
680 1981 822 2041 memoris
845 1980 1038 2056 nimiumque
1056 1980 1130 2057 grati:
1170 2006 1172 2042 :

21 2124 23 2135 ,
110 2060 270 2123 sinautem
289 2063 453 2137 aliquando
469 2063 536 2124 sine
551 2066 612 2124 nilo
629 2065 673 2124 rei
689 2065 830 2139 publicae
852 2064 1037 2127 detrimento
1052 2062 1129 2138 respi-
1167 2086 1171 2123 J

110 2143 158 2204 cio
175 2146 264 2206 etiarn
277 2148 405 2206 salutem
421 2164 514 2222 quum
528 2163 626 2207 meam
643 2156 704 2208 tum
716 2163 861 2220 meorum,
878 2157 965 2209 certe
978 2166 1039 2208 noa
1054 2146 1126 2208 modo

108 2245 171 2288 non
192 2246 260 2290 sum
280 2229 566 2304 reprehendendus,
593 2231 649 2290 sed
670 2231 759 2292 etiarn
775 2230 801 2291 si
816 2247 906 2290 ruere
921 2233 1052 2306 veliem,
1072 2226 1126 2288 boni
1162 2235 1172 2296 ξι

110 2311 166 2371 viri
178 2329 226 2373 me
240 2323 272 2373 ut
283 2313 314 2372 id
326 2330 365 2373 ne
377 2316 508 2374 iacerem
520 2320 673 2388 rogarent.
694 2313 744 2374 92.
759 2315 822 2374 Res
839 2330 913 2374 vero
927 2315 1003 2388 ipsa
1018 2314 1125 2390 publica
1161 2323 1172 2381 t,

108 2393 136 2452 si
158 2395 243 2471 loqui
260 2406 382 2472 posset,
402 2407 505 2472 ageret
519 2413 652 2470 mecum,
670 2405 718 2470 ut,
743 2396 883 2471 quoniam
903 2397 964 2456 sibi
981 2399 1125 2458 servissem

108 2492 238 2551 semper,
254 2496 418 2554 numquam
433 2479 518 2553 mibi,
535 2482 649 2541 inactus
664 2488 763 2540 autern
778 2496 817 2538 ex
833 2494 904 2539 sese
918 2497 993 2553 non,
1010 2490 1044 2542 ut
1055 2493 1142 2554 opor·
1166 2509 1172 2556 p

107 2559 225 2632 tuisset,
240 2563 337 2623 iactos
352 2573 381 2624 et
392 2564 513 2636 uberes,
535 2565 591 2623 sed
602 2578 711 2638 magna
727 2563 891 2623 acerbitate
912 2564 1079 2637 permixtos
1091 2570 1123 2620 to·
1171 2572 1172 2594 ³

106 2641 222 2715 lissenr,
234 2651 267 2703 ut
282 2645 342 2704 iam
355 2646 427 2705 mihi
444 2646 599 2719 servirem,
617 2648 807 2728 consulerem
821 2645 913 2704 meis=
929 2642 967 2706 sc¹
981 2665 1042 2708 non
1053 2642 1121 2705 modo
1164 2684 1169 2719 ι

107 2726 182 2787 satis
198 2725 312 2786 habere
328 2744 346 2787 a
362 2744 426 2800 nne,
449 2729 505 2787 sed
527 2729 617 2790 etiam
638 2729 736 2791 vereri
758 2745 797 2787 ne
812 2744 920 2803 parurn
935 2730 1012 2789 mihi
1028 2746 1078 2806 pro
1089 2740 1123 2792 et,
1164 2738 1172 2774 r

107 2817 251 2884 quantam
273 2826 292 2869 a
312 2827 360 2870 me
380 2810 519 2884 haberet,
541 2813 735 2873 reddidisset.
779 2810 829 2871 93.
854 2811 954 2884 parda
984 2813 1012 2872 si
1037 2813 1125 2872 norun
1166 2833 1172 2872 r

106 2910 164 2968 ego
181 2894 254 2953 niirii
270 2895 385 2968 cogito,
401 2903 432 2955 et
448 2894 528 2954 idem
546 2912 613 2955 sum
627 2896 657 2955 in
674 2911 706 2954 re
723 2893 861 2970 publica,
885 2894 937 2968 qui
955 2896 1000 2956 iui
1016 2906 1124 2982 semper2
1168 2916 1171 2953 3

105 2984 247 3038 tamenne
261 2978 428 3038 libertatern
440 2977 578 3052 requires
593 2986 711 3038 meam?
734 2994 825 3051 quam
845 2985 878 3037 tu
894 2979 990 3053 ponis
1005 2980 1036 3038 in
1049 2987 1123 3047 eo,s1
1168 2999 1172 3037 i

48 3085 49 3089 ¹
106 3075 229 3135 semper
240 3077 309 3121 curn
319 3061 368 3136 iis,
381 3062 562 3137 quibuscum
574 3061 739 3137 aliquando
750 3060 974 3132 contendimus,
990 3062 1123 3137 depugna»
1169 3079 1172 3117 ε

106 3155 183 3201 mus.
207 3143 295 3216 Quod
310 3154 357 3205 est
368 3146 458 3220 longe
474 3160 575 3205 secus.
599 3145 685 3206 Stare
696 3145 776 3204 enim
789 3159 897 3203 omnes
908 3144 1060 3206 debemus
1070 3152 1126 3204 tnn-
1170 3146 1172 3197 i

107 3225 315 3291 quaminorbe
324 3228 477 3303 atiquorei
484 3227 633 3303 publicae,
643 3226 695 3304 qui
704 3224 1125 3303 (ιιιοιιίιιιιιιιοιειιιιιι,ειιιι«ιοι
1170 3243 1172 3283 i

105 3301 200 3376 lisere
214 3318 338 3381 partem,
354 3313 393 3370 a'd
406 3327 498 3385 quam
510 3328 568 3372 nos
581 3307 662 3371 iliius
670 3311 782 3372 utilitas
791 3311 941 3385 salusque
949 3304 1125 3371 converterit

56 3442 60 3449 ,
167 3383 298 3448 XXXiX.
321 3392 387 3466 Ego
405 3402 505 3453 autern
522 3395 574 3454 cn.
589 3393 780 3469 Pompeium,
803 3409 865 3453 non
884 3393 958 3453 dico
980 3401 1125 3456 aucum
