2356 3854
120 171 184 236 442
274 170 311 228 IN
325 168 364 227 M.
379 166 577 226 ANTONIUM
589 165 729 225 ultano
743 166 958 229 PHILIPPICA
973 171 1011 228 11.

121 324 211 392 deos,
232 332 337 378 omnes
359 317 495 375 homines
517 323 547 376 et
567 332 638 375 esse
652 314 791 374 inimIcos
803 324 834 376 ct
848 317 971 376 tuturos
989 320 1090 379 sclasl
1108 322 1142 380 hl

122 417 210 479 quum
231 399 396 458 insolenter
416 397 515 457 statim
540 398 630 457 heluo
650 397 761 457 Invasit
782 397 812 456 in
837 398 908 458 eius
932 399 991 458 viri
1008 402 1142 473 fortunas,

121 483 207 543 cuius
222 482 329 541 virtute
345 479 505 541 terribilior
521 490 585 540 erat
597 483 729 555 populus
744 481 905 540 Romanus
925 485 1044 543 exteris
1060 485 1144 559 genli-

119 566 186 638 hus,
202 564 314 624 lustitia
328 565 447 623 cariori
460 564 578 622 XXVII.
590 563 622 621 ln
639 563 704 622 eius
719 562 807 636 igitur
818 563 878 622 vlri
890 564 1004 637 copias
1018 583 1106 640 quum
1116 583 1144 626 se

120 648 219 707 subito
240 646 468 720 iugurgitasset,
496 646 668 705 exsultabat
699 647 809 718 gaudio
838 659 982 721 persona
1008 649 1047 708 de
1065 648 1144 708 mimo

120 730 212 790 modo
230 745 334 802 egens,
352 736 475 803 repente
490 729 587 787 dives.
609 728 680 797 Sed,
699 736 730 787 ut
744 735 792 788 est
806 729 893 802 apud
907 734 1039 802 6666666
1052 731 1145 790 66666

121 828 226 886 quem,
246 816 323 872 male
347 818 439 886 parta
458 815 535 871 mole
557 812 736 870 ditabatur·
780 811 829 872 66.
854 811 1046 873 Incredibile
1066 830 1099 873 ac
1112 814 1144 872 sl·

120 894 191 953 mile
204 893 335 968 portenti
350 902 409 964 est,
428 910 559 966 quonam
577 894 668 952 modo
685 892 810 951 illatam
826 895 922 952 mulla
938 911 1037 967 quant
1051 894 1143 971 paucis

119 994 181 1049 non
198 976 267 1035 diro
283 975 448 1045 mensibus,
467 977 523 1034 sed
539 974 647 1034 diebus
661 973 809 1034 effuderit.
848 975 1012 1038 Maximus
1028 979 1088 1038 uiui
1100 995 1141 1036 nu·

15 1100 18 1105 ,
119 1074 221 1118 merus
237 1059 305 1130 luit,
322 1073 516 1131 permagnum
536 1056 639 1132 optimi
654 1056 776 1131 pondus
789 1059 922 1130 argenti,
942 1061 1089 1132 preciosa
1100 1074 1140 1117 ve·

120 1143 184 1213 stis,
196 1141 288 1200 multa
303 1147 334 1199 ct
347 1141 428 1199 lauta
440 1140 578 1213 supellex
593 1138 790 1212 almagnifica
805 1139 908 1198 multis
923 1141 1020 1216 locis,
1038 1142 1140 1203 nonilla

120 1224 241 1297 quidem
264 1220 412 1282 luxuriosi
432 1220 577 1293 bominis,
596 1221 650 1280 sed
672 1229 769 1280 tamen
789 1222 994 1282 abundantis.
1045 1226 1138 1284 Horum

119 1304 227 1378 paucis
248 1303 357 1363 dIebus
378 1301 451 1376 nihil
473 1312 546 1362 erat.
594 1300 644 1363 ol.
665 1302 748 1375 Quae
772 1302 948 1378 Charybdis
965 1314 1030 1366 tam
1044 1310 1140 1366 vorant

119 1384 290 1459 charybdin
314 1386 404 1444 dicut
426 1384 551 1457 quaesi
572 1385 642 1455 luit,
666 1385 721 1444 luit
739 1384 848 1443 animal
863 1402 981 1445 unum:
1008 1388 1138 1458 Oceanus,

119 1466 237 1525 medius
252 1465 351 1537 fidius,
369 1465 421 1545 vix
432 1465 553 1525 videtur
567 1475 610 1526 tot
625 1475 749 1526 restam
764 1465 948 1543 dissipatas,
965 1479 1028 1530 tam
1047 1470 1139 1531 distau-

118 1548 199 1608 libus
214 1547 244 1606 in
259 1549 334 1607 locis
351 1547 467 1622 positas
484 1555 544 1607 tam
556 1549 616 1608 cito
627 1549 790 1608 absorbere
805 1551 962 1622 potuisse.
1004 1552 1081 1612 Nihil
1092 1556 1140 1611 crat

120 1632 269 1701 elarrsnrn,
286 1630 358 1690 nihil
372 1629 572 1703 obsignatum,
589 1631 661 1690 nihil
676 1632 828 1706 seriptum.
872 1632 1065 1706 {Apothecae
1076 1642 1139 1694 totae

119 1712 315 1787 nequissimis
329 1711 501 1772 hominibus
517 1713 775 1772 condonabantur.
796 1712 867 1772 Alia
883 1714 973 1775 mimi
987 1717 1139 1790 rapiebant,

38 1836 44 1841 -
118 1796 177 1855 666
191 1796 313 1854 mimae=
331 1796 441 1855 domus
458 1803 523 1856 crat
535 1794 716 1855 aleatoribus
730 1796 858 1865 referta,
875 1797 975 1869 plena
989 1799 1139 1858 ebriemur:

118 1885 199 1937 totos
218 1878 284 1936 dies
305 1878 465 1952 potabatur
481 1886 573 1951 atque
588 1878 618 1936 id
641 1878 716 1937 locIs
732 1877 886 1951 pluribus=
908 1882 1139 1953 suggerebantur

120 1959 209 2018 etiam
226 1974 319 2032 saepe
335 1990 376 2000 -
389 1978 450 2020 666
467 1959 546 2019 enim
563 1976 685 2033 semper
697 1961 754 2018 iste
769 1959 843 2017 lelix
853 1992 896 2003 -
912 1961 1137 2023 6666661666-

118 2040 172 2098 ria.
223 2041 428 2116 conchyliatis
455 2043 507 2101 66.
529 2041 664 2115 Pompeit
692 2039 914 2115 peristromatis
944 2060 1103 2104 servorum
1118 2044 1137 2101 in

117 2121 202 2182 cellis
224 2124 319 2182 lectos
341 2131 452 2184 stratos
472 2125 602 2183 videres.
645 2124 738 2195 Quam
762 2123 801 2180 ob
823 2139 889 2181 rem
904 2123 1045 2187 desinite
1059 2123 1137 2186 mirari

117 2204 195 2264 6666
210 2211 268 2263 tarn
285 2207 423 2265 celeriter
437 2222 508 2265 esse
530 2215 719 2278 consumpto.
761 2206 826 2264 Non
843 2205 940 2266 modo
957 2205 1136 2287 unius-patri·

117 2288 250 2347 monium
270 2288 409 2361 quamvls
430 2289 577 2362 amplum,
595 2296 628 2346 ut
641 2286 714 2347 illud
728 2287 795 2358 luit,
820 2287 998 2367 sedlurbcs
1021 2299 1052 2351 et
1065 2302 1145 2364 regul.

118 2370 255 2429 celeriter
274 2379 356 2430 tanta
379 2371 513 2443 nequitia
527 2371 675 2439 devorare
695 2368 855 2443 potuisset.
898 2372 944 2430 At
965 2371 1050 2434 idem
1064 2373 1137 2432 aedes

117 2449 207 2509 etiarn
219 2461 248 2511 et
258 2452 372 2511 hortos.
401 2451 452 2514 68.
470 2452 666 2511 Oaudaeiam
683 2454 857 2510 immanem!
881 2459 915 2512 tu
931 2453 1027 2515 etiam
1041 2448 1137 2529 ingredi

116 2531 197 2617 illam
212 2533 336 2593 donnum
350 2550 444 2594 ausus
460 2542 517 2594 est
536 2543 567 2594 tu
581 2534 654 2593 illud
669 2532 893 2618 sanctissimum
909 2533 1009 2597 limen
1024 2538 1136 2598 intraret

83 2628 86 2633 ·
116 2622 149 2674 tu
163 2613 280 2673 illarum
295 2615 413 2676 aedium
426 2616 474 2676 dis
489 2617 648 2691 penalibus
662 2632 697 2676 os
712 2615 954 2689 impurissimum
970 2621 1136 2681 ostenderet

117 2696 213 2769 Quam
229 2696 351 2765 domum
365 2699 496 2771 aliquant
512 2701 564 2758 dIu
578 2716 665 2759 nerno
682 2698 819 2772 aspicere
834 2705 968 2773 poterat,
986 2719 1077 2763 uerno
1088 2700 1136 2761 sine

116 2777 248 2839 lacrimis
269 2781 450 2853 praeterire,
474 2781 532 2841 bac
553 2790 582 2842 te
603 2782 633 2840 in
651 2783 742 2842 domo
758 2788 817 2841 torn
841 2780 894 2840 diu
912 2783 1077 2846 deversari
1090 2794 1135 2841 noa

115 2863 231 2936 pudet?
251 2861 281 2920 in
298 2878 371 2936 qua,
400 2863 538 2938 quamuis
554 2863 625 2925 nihil
641 2864 759 2937 66ρί66,
776 2871 877 2921 tamen
890 2864 970 2926 nihil
985 2869 1042 2927 tibi
1057 2866 1134 2942 potest

116 2960 187 3004 6666
201 2946 374 3004 iucundum.
415 2947 547 3006 XXVIII.
564 2949 611 3004 An
626 2955 667 3016 tu,
690 2946 741 3003 illa
758 2946 790 3003 in
809 2943 967 3008 vestibulo
989 2960 1088 3011 rostra
1100 2949 1133 3024 [aa

116 3027 225 3104 spolia]
241 3044 334 3101 quum
348 3029 504 3102 aspexisti,
524 3029 645 3087 domurn
661 3038 741 3088 tuam
756 3034 785 3086 tc
801 3026 931 3088 Introire
947 3023 1132 3105 putaleiui

117 3123 176 3166 666
195 3117 305 3182 potest.
337 3111 480 3184 Quamvis
495 3112 575 3170 enim
590 3110 657 3170 sine
672 3116 781 3183 mente,
796 3108 863 3169 siue
876 3125 981 3174 sensu
996 3115 1052 3188 sis,
1065 3122 1131 3175 ntes,

117 3193 215 3248 tannen
227 3200 256 3250 ct
273 3200 302 3251 te
318 3202 347 3252 et
363 3202 414 3253 tua
431 3203 460 3254 et
477 3202 545 3253 tuos
560 3192 650 3252 nosti.
680 3194 743 3252 ileo
753 3207 827 3250 vero
844 3199 874 3251 ta
889 3210 1043 3270 umquam
1055 3203 1131 3265 6660

116 3267 289 3339 vigilantem
310 3291 410 3350 nequa
430 3276 460 3334 in
484 3274 600 3337 somnis
623 3276 714 3335 eredo
739 3289 831 3347 posse
852 3285 957 3338 mente
969 3277 1130 3339 consistere·

115 3343 249 3412 Necesse
262 3362 325 3426 est,
342 3357 480 3430 quamvis
498 3360 550 3429 sis,
570 3365 602 3416 ut
616 3373 666 3429 es,
682 3356 856 3417 uiuolentus
871 3365 904 3418 et
919 3361 1046 3434 lurens,
1059 3365 1130 3433 quau
