2356 3854
96 482 101 491 .
341 423 384 504 lt.
413 421 549 503 ιιιιιι
575 421 784 504 cruentus
836 544 847 553 ..

58 579 98 671 lN
115 578 421 697 llmlltltttllt
439 578 618 674 tltllttt
634 579 897 712 PlllllPPlCli
910 580 1076 687 Ptttlll.

391 939 727 1002 ARGUMENTUM.
800 889 808 902 ·

116 1084 346 1135 Interiectoldibus
360 1083 433 1133 Mart.
454 1083 532 1150 [anno
550 1076 576 1150 p.
596 1101 621 1135 u.
642 1102 663 1135 c.
682 1083 755 1150 alu]
774 1084 801 1134 C.
818 1082 933 1145 Caesare,
949 1083 981 1133 tt.
1000 1085 1078 1135 Auto-

58 1157 116 1212 tius,
136 1153 233 1216 collega
249 1153 304 1200 eius
321 1153 347 1200 in
364 1152 506 1214 consulatu,
524 1154 572 1203 sibi
587 1163 710 1213 metuens,
727 1167 776 1201 non
794 1151 875 1209 solum
894 1154 923 1202 eo
942 1153 984 1201 die
997 1151 1077 1210 latuit,
1152 1215 1153 1218 Ἴ

58 1237 135 1270 'erum
153 1222 226 1268 etiam
244 1221 307 1268 texit
331 1219 441 1282 aliquam
465 1223 509 1271 diu
533 1223 638 1272 consilia
654 1237 716 1281 sua,
741 1221 900 1271 simulatione
922 1221 955 1271 ad
977 1227 1078 1284 tempus

58 1290 247 1338 acommodata.
282 1287 406 1338 Postridie
421 1290 480 1338 ldus
496 1298 578 1340 actum
601 1296 638 1340 est
654 1304 711 1340 cum
729 1304 758 1339 ec
778 1290 809 1340 de
828 1290 953 1338 communi
972 1295 1075 1338 concor-

58 1360 89 1406 lia
108 1373 155 1421 per
172 1355 316 1404 consulares
334 1358 414 1405 viros:
432 1365 489 1422 post
509 1359 576 1407 diem
594 1361 704 1417 tertium,
724 1359 767 1421 qui
786 1358 834 1407 luit
848 1357 914 1406 XVl.
934 1357 990 1406 llal.
1004 1358 1077 1421 Apa,

58 1441 73 1474 n
89 1427 177 1474 aedem
196 1424 301 1473 Telluris
320 1433 454 1474 convocato
471 1435 559 1475 senatu
579 1426 674 1487 Cicero,
692 1436 811 1490 quantum
830 1427 927 1491 inipso
943 1425 998 1486 init,
1017 1427 1077 1474 iecit

58 1495 210 1542 nodamenta
219 1494 288 1556 pacis
309 1494 540 1556 discordiarumque
559 1497 704 1545 memoriam
728 1510 826 1544 omnem
842 1504 926 1544 vetere
939 1494 1077 1544 Athenien-

60 1563 112 1610 ium
131 1563 245 1624 exemplo
267 1560 391 1610 oblivione
408 1565 560 1626 sempiterna
584 1564 714 1612 delendam
732 1564 838 1611 censuit.
875 1554 988 1620 Quo'die
1003 1576 1077 1625 prae·

58 1631 114 1678 lare
131 1630 163 1678 de
177 1645 202 1676 re
220 1629 320 1692 publica
339 1629 438 1677 loeutus
454 1632 587 1690 Antonius,
605 1632 816 1693 consequentibus
831 1630 907 1677 etiam
919 1628 1008 1678 diebus
1026 1644 1075 1679 non

58 1699 124 1746 lubia
143 1713 203 1744 suae
219 1697 353 1746 voluntatis
371 1705 519 1760 argumenta
538 1698 598 1746 dare
615 1700 686 1746 visus
703 1706 754 1745 est:
772 1698 850 1745 misso
867 1710 946 1759 parvo
961 1695 1077 1758 flliopa·

61 1768 83 1814 is
101 1767 188 1814 obside
207 1766 232 1812 iu
250 1763 408 1828 Capitolium,
422 1763 449 1813 C.
463 1764 577 1813 Cassium
593 1767 658 1828 ipse,
669 1765 701 1817 tt.
712 1764 816 1813 Brutum
827 1763 946 1826 Lepidus,
962 1762 1077 1826 pontifex

58 1834 232 1891 naximus‚alii
243 1833 307 1880 alios
319 1847 351 1881 ex
362 1831 563 1881 interlectoribus
575 1832 697 1892 Caesaris,
710 1834 815 1896 quipost
821 1832 875 1880 eius
886 1845 982 1891 necem,
988 1831 1077 1894 populi

58 1911 71 1950 t
90 1901 191 1949 Antonii
208 1901 316 1949 maxime
334 1899 444 1948 consulis
458 1909 535 1962 metu,
552 1901 578 1949 in
591 1899 742 1964 Capitolium
758 1915 785 1949 se
804 1899 966 1958 contulerant,
984 1912 1077 1948 coenae

58 1971 224 2021 idhibuemnt.
261 1967 312 2017 Sed
330 1967 412 2016 fictam
430 1982 564 2031 personam
583 1969 706 2018 sustinere
722 1969 767 2017 din
784 1983 858 2017 nemo
876 1975 966 2032 potest.
994 1967 1076 2026 Quum

58 2039 196 2096 laesuram,
221 2050 372 2099 quamquam
394 2036 516 2105 inditore
529 2039 633 2087 *civitate
648 2036 772 2109 singulari
793 2044 917 2101 potestate
939 2050 1013 2086 usum
1037 2034 1077 2084 lu-

58 2123 106 2156 tere
126 2114 208 2155 tamen
231 2104 313 2154 efferri
333 2102 483 2168 placuisset:
507 2107 550 2167 qui
573 2105 630 2155 icus
647 2105 770 2155 malorum
784 2106 894 2154 omnium
909 2103 957 2153 tuit
983 2127 1020 2160 -4
1039 2104 1076 2151 sic

58 2177 114 2223 nim
132 2184 267 2238 tyrannum
280 2189 329 2222 non
349 2172 429 2223 fuisse
446 2171 618 2236 iudicabatur,
643 2189 700 2222 nam
715 2182 878 2239 tyrannorum
896 2185 1002 2234 corpora
1018 2184 1076 2234 prc-

58 2245 198 2292 iciebautur
210 2243 340 2291 inhumata
352 2266 396 2302 -ῃ,
409 2242 521 2291 laudavit
532 2257 589 2292 eunt
599 2243 630 2291 de
646 2257 715 2291 more
733 2243 858 2291 Antonius
876 2239 989 2288 iniero:
1009 2253 1076 2287 com-

58 2314 242 2373 oemoratisque
257 2311 332 2359 rebus
350 2311 381 2358 ab
397 2326 426 2360 eo
452 2308 531 2376 gestis
554 2311 721 2374 maximisque
737 2324 796 2375 erga
813 2305 1008 2372 rempublicam
1023 2321 1077 2356 me·

58 2381 111 2439 itis,
126 2380 249 2442 explicata
266 2379 365 2428 demum
384 2389 485 2428 eruenta
500 2389 579 2439 veste,
598 2379 623 2427 in
639 2393 688 2442 qua
702 2392 790 2427 caesus
808 2385 870 2436 erat,
888 2375 973 2424 multis
985 2376 1077 2440 pugio-

58 2463 107 2496 rum
128 2449 218 2496 ictibus
231 2446 355 2510 perfossa,
373 2449 493 2497 convertit
509 2449 645 2497 orationem
662 2448 696 2496 ad
714 2447 899 2495 miserationem
916 2458 1076 2494 commoven-

58 2517 107 2565 lam
123 2517 294 2579 populumque
311 2516 361 2562 iam
377 2515 463 2564 dolore
477 2521 607 2565 incensum
623 2518 648 2564 in
667 2531 722 2566 eant
740 2515 896 2564 iracundiam
914 2513 1076 2575 furoremque
1122 2512 1127 2524 ⁸

58 2584 157 2647 mpulit,
178 2594 205 2632 ut
223 2583 307 2631 statim
324 2580 445 2645 aliunere
462 2585 496 2633 ud
513 2585 613 2634 domum
628 2584 698 2635 Bruti
714 2592 737 2634 et
752 2583 831 2634 Cassii
844 2597 902 2633 cum
918 2581 1016 2632 lacibus
1035 2595 1076 2629 ac·

58 2654 165 2700 currerit:
184 2652 250 2700 unde
266 2666 341 2715 aegre
359 2650 473 2713 repulsus
490 2660 537 2700 est.
572 2652 662 2701 Brutus
680 2661 704 2701 et
723 2651 838 2710 Cassius,
855 2652 932 2701 vitato
949 2646 1077 2714 praesenti
1151 2686 1155 2691 .

58 2720 177 2777 tericulo,
199 2720 334 2768 concitatae
356 2717 521 2775 multitudinis
548 2720 600 2768 vim
622 2721 737 2769 timentes
764 2720 916 2782 Antoniique
945 2716 1076 2781 perfidiam

58 2804 98 2837 nm
118 2789 179 2837 satis
190 2788 294 2851 experti,
314 2787 416 2834 Antium
432 2795 457 2835 et
469 2785 608 2835 Lanuvium
626 2787 786 2852 aufugerunt,
803 2802 833 2837 eo
844 2785 958 2843 consilio,
974 2791 1002 2831 ut
1017 2782 1076 2830 inda

58 2871 74 2904 n
87 2858 232 2920 provincias
249 2869 264 2904 a
282 2854 370 2909 senatu
387 2854 500 2903 decretas
517 2855 739 2917 proficiscerentur.
775 2850 923 2904 Decreverat
936 2859 1019 2911 autent
1035 2863 1075 2897 sa·
1119 2862 1122 2867 ·

58 2934 137 2981 ratus,
157 2924 279 2988 postridie
295 2937 370 2984 quam
388 2938 402 2971 e
421 2921 542 2985 Capitolio
561 2921 867 2971 Caesarisinteriectores
884 2919 1075 2977 descenderunt,

58 2993 124 3040 truto
142 2992 248 3048 Cretam,
266 2989 352 3040 Cassio
372 2989 491 3050 Africam,
510 2990 633 3039 Trebonio
649 2990 743 3047 Asiam,
760 2988 857 3038 Cimbro
876 2986 1030 3050 Bithyniam:
1042 2983 1073 3037 D.

58 3061 124 3109 lruto
144 3059 248 3109 Calliam
267 3059 422 3118 citeriorem,
441 3059 525 3107 datam
541 3073 555 3106 a
573 3056 678 3107 Caesare
697 3065 786 3114 autea,
804 3055 969 3105 confirmavit.
1004 3053 1074 3101 idem

58 3143 141 3187 amen,
156 3129 228 3189 quasi
246 3127 278 3175 ad
294 3128 426 3175 sanitatem
445 3134 583 3182 revocatus,
598 3125 702 3186 reliquis
719 3125 807 3173 diebus
821 3125 847 3171 in
864 3121 986 3186 Capitolio
1001 3134 1074 3186 prae·

58 3196 116 3244 dara
132 3205 234 3245 senatus
252 3194 364 3243 consulta
388 3193 454 3256 iecit,
468 3193 577 3257 priuiunt
592 3191 656 3242 illud
675 3208 689 3241 e
707 3193 761 3244 Ser.
779 3190 884 3255 Sulpicii
896 3190 1075 3247 seutentiam

58 3279 98 3326 tua
117 3273 176 3326 post
188 3265 247 3312 idus
260 3261 332 3315 llart.
350 3262 514 3313 immunitatis
530 3261 616 3311 tabula
634 3275 697 3310 neve
715 3259 791 3310 ullius
809 3259 924 3309 beneficii
941 3259 1075 3324 ligaretur:

58 3332 151 3396 teiude‚
169 3340 196 3380 ut
214 3332 351 3380 dictaturae
371 3344 462 3379 nomen
480 3330 505 3380 in
520 3337 668 3395 perpetuum
684 3344 698 3378 a
715 3327 853 3394 republica
865 3325 1001 3379 tolleretur.
1020 3320 1077 3374 Lux
