2356 3854
130 221 198 265 xxn
265 198 268 205 “
385 209 610 260 uunoaannm
625 209 726 258 viria
745 207 910 259 orosuoms
1050 232 1059 248 s

140 392 188 427 Anni
229 395 274 429 Ante
1106 390 1126 424 ΑΙ

130 432 203 496 Q
229 435 247 470 C.
257 437 278 471 Ν.
568 450 571 457 ·
1111 430 1125 465 C

142 508 191 572 iti
237 512 271 564 43
304 515 390 565 Cicero
404 512 568 576 Philippienm
586 513 700 575 quintam,
720 513 745 560 in
763 525 813 572 qua
831 510 981 574 legationem
1001 511 1076 557 istam
1113 508 1126 561 6

304 591 331 632 ut
349 588 451 631 senatus
469 582 494 630 et
509 579 597 644 populi
612 579 719 628 Romani
734 580 865 634 maiestate
879 579 1009 642 indignam
1025 578 1077 627 dis-

305 652 384 700 suasit
407 656 445 712 et,
469 655 497 697 ut
517 648 596 696 hostis
621 649 774 698 iudicaretur
789 647 929 705 Antonius,
952 646 1074 695 incubuit.

304 719 387 768 Pridie
410 725 493 767 tamen
515 717 580 766 Non.
603 716 655 768 Ian.
675 715 824 765 factumest
843 713 948 772 SCtum,
972 722 999 762 ut
1020 712 1074 762 Ser.

305 787 444 851 Sulpicius,
470 785 499 834 L.
519 785 592 843 Piso,
610 784 639 833 L.
660 784 790 848 Philippus
815 797 872 832 cum
895 783 1021 832 mandatis
1043 783 1077 832 ad

305 856 441 904 Antonium
460 853 677 918 proficiscerentur
694 853 767 914 eique
785 851 975 909 denunciarent,
995 865 1026 898 ne
1044 850 1074 899 D.

303 923 407 971 Brutum
426 928 592 986 oppugnaret,
611 934 642 969 ne
656 921 769 970 delectus
784 919 900 976 haberet;
923 926 948 967 et
963 927 990 967 ut
1008 927 1077 966 esset

304 993 329 1040 in
347 990 374 1043 S.
386 992 414 1042 P.
427 990 455 1048 Q.
467 989 497 1040 R.
515 997 647 1053 potestate.
683 988 719 1037 De
737 1004 767 1038 eo
782 987 843 1038 scic
861 986 955 1047 Cicero,
975 988 1001 1035 in
1015 1002 1076 1035 eon-

304 1060 398 1108 tionem
438 1055 556 1107 roductus
576 1058 607 1105 ab
625 1057 750 1121 Appuleio
769 1058 826 1105 trib.
846 1055 880 1119 pl.
901 1055 934 1104 ad
952 1054 1075 1119 populum

304 1126 398 1175 rettulit
411 1073 552 1188 Bdilippica
565 1133 649 1177 sexta.
672 1125 758 1174 Paullo
773 1132 831 1188 post
848 1138 905 1172 cum
919 1125 1002 1172 Pansa
1016 1138 1077 1172 con·
1103 1148 1105 1152 Α

305 1193 345 1242 sul
360 1201 476 1243 senatum
494 1194 526 1243 de
538 1194 622 1257 Appia
637 1194 678 1242 via
696 1205 720 1242 et
739 1193 769 1242 de
784 1193 893 1250 Moneta,
911 1205 976 1241 rinus
990 1200 1076 1241 autem

305 1263 361 1310 trib.
375 1263 410 1325 pl.
431 1262 463 1311 de
475 1262 595 1326 Lupercis
614 1262 788 1320 consuluisset,
808 1260 892 1309 Cicero
912 1260 938 1307 in
952 1260 1074 1309 sententia

305 1331 411 1379 dicenda
426 1344 543 1395 egressus
558 1338 596 1377 est
605 1329 751 1378 relationem
762 1337 785 1377 et
794 1327 1075 1392 (Philippicaaeptimc)

303 1412 390 1461 pacem
406 1414 463 1448 cum
478 1398 587 1447 Antonio
604 1397 732 1457 dissuasit,
751 1398 810 1460 quia
824 1398 904 1460 turpis
922 1405 997 1455 esset,
1016 1398 1077 1458 quia

304 1466 532 1529 periculosa‚.quia
550 1481 606 1515 esse
624 1480 673 1514 non
687 1474 781 1530 posset.
810 1464 899 1530 Legati
915 1465 946 1512 ab
958 1466 1074 1514 'Antonio

304 1533 416 1597 (praeter
441 1528 495 1583 Ser.
520 1532 674 1598 Sulpicium,
697 1535 741 1596 qui
763 1535 790 1582 in
812 1534 939 1597 legatione
963 1532 1074 1598 obierat)

304 1603 375 1651 initio
394 1602 464 1651 Febr.
483 1602 590 1651 Romam
609 1602 704 1651 reversi
722 1601 884 1650 intolerabilia
904 1601 1005 1649 Antonii
1028 1616 1075 1665 po-

304 1670 395 1719 stulata
416 1670 573 1719 rettulerunt.
609 1668 715 1719 Senatus
737 1669 872 1719 tumultum
889 1669 1074 1718 decernendum

303 1739 414 1797 censuit,
438 1755 495 1788 cum
513 1737 573 1788 belli
590 1753 681 1788 nomen
698 1738 824 1787 nonnullis
840 1737 909 1786 haud
926 1737 1073 1800 placuisset,

303 1808 373 1870 quod
396 1806 480 1857 Cicero
500 1808 564 1857 ldib.
583 1808 657 1860 Mart.
677 1805 816 1868 Philippica
834 1813 921 1859 octava
938 1805 1074 1870 reprehen-

304 1876 338 1923 dit
361 1874 508 1939 Fadumque
532 1874 651 1925 Calenum
674 1875 706 1924 de
729 1889 792 1940 pace
816 1882 932 1937 agentem
958 1874 1074 1936 aliosque

303 1943 412 1991 Antonio
438 1943 551 1993 faventes
574 1945 726 2009 obiurgavit.
761 1942 884 1991 Postridie
907 1956 964 1990 cum
981 1942 1014 1990 de
1034 1958 1074 1991 cr-

303 2010 385 2059 nando
401 2009 576 2074 Sensutpicio
591 2013 617 2060 in
632 2020 721 2060 senatu
730 2017 854 2076 ageretur,
866 2008 950 2058 (licere
964 2017 1074 2060 statuam

302 2077 444 2142 pedestrem
466 2092 570 2127 aeneam
594 2079 620 2127 in
644 2079 742 2127 Rostris
766 2079 789 2126 ei
810 2078 952 2141 ponendam
975 2081 1074 2128 censuit

302 2144 442 2207 Philippica
460 2161 534 2199 nona.
570 2146 661 2195 Postea
683 2161 740 2194 enm
761 2147 843 2195 Pansa
867 2161 919 2201 cos.
943 2146 978 2199 M.
1002 2145 1074 2197 Bruti

302 2212 337 2276 (s.
364 2213 392 2272 Q.
418 2212 550 2278 Caepionis
573 2213 661 2277 Burri)
681 2214 775 2263 litteras
803 2215 903 2280 publice
925 2214 1016 2263 missas
1041 2216 1074 2265 de

268 2323 273 2332 .
302 2282 375 2331 rebus
393 2283 419 2330 in
437 2282 582 2333 Macedonia
600 2282 704 2333 feliciter
721 2284 800 2348 gestis
818 2285 947 2332 recitasset
965 2297 1074 2346 eumque

302 2351 331 2409 Q.
348 2349 434 2399 Fufius
450 2350 556 2401 Galenus
575 2359 755 2418 oppugnasset,
773 2351 857 2401 Cicero
872 2350 1013 2412 Philippica
1029 2352 1073 2401 de-

301 2422 362 2467 cima
379 2417 498 2468 Calenum
521 2419 639 2468 refutavit
662 2428 686 2470 et
712 2421 741 2479 Q.
760 2420 891 2469 Hortensio
908 2418 1073 2470 Macedoniae

301 2501 415 2550 procos,
446 2489 490 2549 qui
511 2486 616 2537 Brutum
646 2490 671 2537 in
696 2488 862 2552 comparando
887 2488 997 2537 exercitu
1025 2489 1072 2537 ad-

300 2556 410 2613 iuverat,
441 2554 515 2605 huius
544 2557 688 2621 provinciae
716 2556 957 2615 administrationem
982 2555 1071 2605 coudr-

300 2623 416 2672 mandam
434 2637 490 2673 esse
509 2627 613 2678 censuit.
650 2627 753 2676 Etcum
774 2633 831 2674 ante
849 2624 902 2673 Kal.
922 2623 1000 2688 April.
1020 2625 1072 2674 Ro-

301 2706 366 2739 mam
389 2692 491 2741 allatum
515 2701 582 2743 esset
600 2695 632 2743 de
649 2703 728 2742 morte
747 2694 773 2744 G.
792 2692 923 2751 Trebonii,
946 2707 1021 2754 quem
1039 2694 1068 2742 P.

300 2759 428 2809 Dolabella
438 2758 557 2827 Smyrnae
572 2762 745 2811 crudelissime
757 2763 904 2812 verberibus
917 2775 946 2809 ac
959 2769 1070 2809 tormen-

300 2829 331 2877 tis
344 2830 480 2879 cruciatum
493 2830 660 2889 interfecerat,
671 2832 742 2892 isque
755 2830 836 2880 hostis
851 2829 976 2879 indicatus
992 2837 1068 2889 esset,

300 2895 385 2947 Cicero
402 2899 537 2962 postridie,
559 2914 616 2948 cum
636 2899 667 2948 de
684 2899 833 2964 imperatore
851 2898 973 2947 adversus
992 2897 1069 2946 Dola·

299 2965 389 3015 bellam
407 2976 534 3032 ageretur,
552 2967 716 3029 Philippicae
730 2966 817 3018 habuit
836 2966 998 3025 ardenniam,
1019 2981 1069 3027 qna

299 3033 325 3084 G.
345 3033 457 3084 Cassium
481 3035 642 3099 deligendum
665 3049 733 3094 esse,
760 3037 804 3100 qui
824 3033 980 3085 Dolabellam
1001 3041 1068 3082 terra

298 3106 409 3165 tuamque
426 3112 630 3167 persequeretur,
649 3103 838 3155 demonstravit.
873 3102 984 3152 Eandem
1003 3116 1066 3160 rem,

298 3172 433 3235 productus
448 3187 463 3220 a
477 3172 511 3221 M.
525 3169 632 3220 Servilio
644 3173 701 3221 trib.
711 3171 747 3236 pl.
762 3174 789 3222 in
803 3173 953 3231 contionem,
974 3184 1068 3235 magna
1104 3206 1106 3211 .

298 3239 456 3288 contentione
480 3254 629 3302 summoque
657 3240 764 3291 clamore
788 3248 821 3293 et.
834 3254 959 3288 consensu
977 3238 1067 3302 populi

297 3307 356 3369 egit.
395 3307 493 3357 Deinde
516 3319 572 3356 curn
593 3309 674 3357 Pausa
695 3323 746 3358 cos.
767 3306 906 3372 delegatis
925 3307 1067 3357 iterumad

297 3375 434 3424 Atrtonium
454 3376 486 3424 de
507 3391 570 3441 pace
590 3377 719 3426 mittendis
735 3375 886 3433 rettulisset,
911 3377 994 3438 iique,
1022 3375 1064 3436 qui

296 3442 371 3506 primi
387 3445 538 3493 sententiam
554 3444 676 3504 dixerant,
695 3444 760 3493 banc
774 3443 925 3510 legationem
938 3442 966 3492 P.
979 3441 1065 3492 Servi-
