2356 3854
251 239 254 244 .
310 186 678 254 cnP.4-cs.t-m
761 244 767 258 ,
875 138 889 266 J
943 168 1014 249 il

70 352 91 394 n
107 342 188 394 tuam
203 335 362 396 voluerunt
382 334 412 395 iu
434 336 605 408 provincia,
625 336 682 396 sed
701 333 784 395 illum
804 353 894 398 usum
913 353 983 413 pro·
1036 351 1037 355 ’

70 433 86 476 e
103 418 257 491 supplere.
291 415 340 477 10.
378 416 461 490 Quae
482 418 537 477 luit
557 433 651 478 causa
672 425 803 478 curtam
826 419 984 496 diligenter

70 497 255 573 ,provinciis
271 500 308 558 ab
325 499 526 575 emptionibus
548 507 758 563 removerent?
789 501 886 574 Haec,
907 501 982 561 iudi·
1042 485 1046 507 ¹

70 581 139 655 quod
155 581 300 654 putabant
315 580 500 656 ereptionem
515 597 594 652 esse,
609 597 669 640 non
685 582 876 657 emptionem,
891 599 983 655 quum

70 663 119 722 ,ori
146 678 202 722 suo
223 661 367 722 arbitratu
387 664 517 721 vendere
538 678 598 721 non
621 663 733 723 liceret.
764 664 797 723 In
817 664 983 739 provinciis
1025 720 1027 729 ,

70 745 183 819 gebant,
200 743 226 802 si
240 744 276 816 is,
291 744 439 818 quiesset
450 761 518 804 cum
532 744 658 818 imperio
674 759 710 804 ac
724 754 882 819 potestate,
899 748 983 821 quod

70 831 221 901 quemque
237 835 319 886 esset
335 842 434 885 emere
448 827 538 885 vellet
555 825 646 901 idque
667 826 696 885 ei
715 826 833 899 liceret,
854 830 920 889 lore
939 827 982 888 uti

72 909 202 984 quisque
218 909 315 980 vellet,
331 908 396 966 sive
408 916 490 968 esset
500 909 607 967 venale
619 907 683 966 sive
696 925 756 968 non
771 918 862 980 esset,
880 908 981 985 quanti

80 993 221 1050 auferret.
251 989 337 1049 Dicet
358 990 482 1064 aliquis:
520 988 587 1049 Noli
607 989 666 1051 isto
690 992 780 1050 modo
801 1007 890 1064 agere
914 1008 982 1051 cum

73 1095 79 1127 ε
94 1074 156 1132 noli
172 1072 237 1133 eius
252 1073 331 1131 lacta
344 1073 382 1131 ad
396 1071 537 1144 antiquae
552 1071 704 1146 religionis
719 1073 864 1134 rationem
876 1071 980 1148 exqui-

73 1156 208 1215 coucede
223 1163 254 1213 ut
269 1154 391 1227 impune
406 1153 522 1224 emerit,
537 1155 628 1215 modo
638 1163 671 1214 ut
682 1155 763 1216 bona
774 1155 890 1216 ratione
902 1172 996 1216 eme·

70 1236 117 1296 ihil
138 1252 194 1310 pro
216 1243 381 1310 potestate,
405 1235 477 1295 nihil
494 1236 532 1295 ab
546 1236 649 1308 invito,
674 1237 749 1296 nihil·
767 1254 820 1312 per
833 1237 981 1299 iniuriam.

70 1336 134 1387 ram.
162 1317 195 1378 Si
211 1317 284 1392 quid
299 1319 404 1377 venale
418 1317 519 1377 habuit
532 1319 640 1389 Heius,
659 1319 686 1380 si
700 1319 745 1393 id,
767 1320 869 1394 quanti
891 1320 979 1380 aesti-

76 1446 83 1470 ‚
99 1399 174 1460 lauti
189 1388 331 1471 vendidit,
346 1399 452 1460 desino
468 1416 613 1475 quaerere
628 1416 681 1461 cur
702 1401 818 1462 emeris.
848 1405 898 1462 vl.
932 1400 978 1462 ll.

69 1482 156 1556 igitur
170 1481 258 1541 nobis
275 1481 442 1546 laciendum
458 1489 526 1543 esti
539 1499 610 1542 num
633 1483 816 1558 argumentis
836 1486 979 1545 utendum

70 1563 248 1624 eiusmodi?
278 1563 487 1636 Quaerendum
503 1573 565 1638 est,
588 1566 695 1639 credo,
714 1566 808 1627 Heius
828 1565 886 1627 istc
909 1584 978 1626 num

69 1640 333 1717 ienum'hnbuerit,
348 1663 419 1705 num
433 1645 603 1707 auctionem
623 1647 741 1707 lecerit:
763 1647 789 1706 si
804 1648 896 1718 lecit,¹
909 1664 979 1709 num

75 1728 237 1787 dilllcultas
264 1744 331 1787 eum
353 1727 398 1787 rei
418 1729 570 1787 numeriae
590 1727 732 1798 tenuerit,
754 1736 834 1787 tanta
849 1738 980 1800 egestas,

74 1810 118 1869 vis
140 1809 297 1883 presserit,
323 1817 355 1868 ut
375 1808 539 1869 sacrarium
558 1825 647 1869 suum
666 1808 824 1884 spoliaret,
850 1817 883 1868 ut
903 1808 980 1869 deos
1038 1861 1045 1873 ,

71 1894 253 1952 evenderet.
281 1892 322 1949 At
341 1889 490 1950 hominem
506 1889 594 1950 video
607 1891 777 1951 auctionem
791 1891 901 1952 iecisse
916 1892 978 1950 uul-

70 1973 241 2033 vendidisse
261 1974 515 2046 praeteruectus
530 1988 616 2032 sues
639 1973 711 2032 nihil
730 1988 892 2052 umquam,
918 1988 980 2034 non

76 2055 105 2114 in
121 2072 191 2115 aere
208 2054 305 2114 alieno
322 2055 418 2126 nullo,
438 2054 537 2116 sedin
553 2053 616 2115 suis
631 2054 728 2117 numis
744 2055 843 2116 multis
859 2058 928 2117 esse
950 2064 980 2117 et

70 2155 90 2196 tr
102 2137 206 2197 luisse.
242 2136 274 2196 Si
294 2136 369 2196 haec
384 2144 487 2198 contra
501 2153 537 2197 ac
552 2135 619 2199 dico
636 2147 739 2198 essent
754 2137 866 2212 omnia,
876 2136 979 2199 'tamen

70 2220 154 2290 haec,
179 2234 257 2293 quae
274 2226 317 2278 tot
330 2234 426 2279 annos
441 2217 471 2278 in
492 2218 602 2281 familia
622 2220 816 2294 sacrarioque
835 2220 997 2280 maiorum

70 2303 112 2372 nl,
130 2301 317 2360 venditurum
332 2317 392 2360 non
406 2301 511 2361 luisse.
540 2300 632 2375 Quid,
654 2301 680 2361 si
702 2301 906 2375 magnitudine
927 2317 979 2376 pe-

70 2402 76 2441 r
98 2400 278 2458 persuasum
291 2388 358 2442 esti
387 2383 460 2444 Veri
482 2383 579 2442 simile
602 2391 738 2457 nonest,
766 2391 799 2443 ut
819 2383 872 2443 ille
889 2383 996 2467 homo⁸

70 2467 201 2540 nuptas,
219 2473 278 2524 tam
295 2464 441 2525 honestus
462 2464 600 2539 religioni
621 2482 695 2526 suae
718 2465 981 2540 monumentisque

70 2565 113 2606 rm
134 2545 293 2621 pecuniam
306 2550 519 2621 anteponeret·
547 2545 595 2608 12.
625 2546 701 2609 Sunt
715 2547 786 2608 ista:
810 2564 914 2609 verum
937 2556 978 2607 ta·

70 2631 239 2689 bducuntur
258 2627 395 2690 homines
416 2645 654 2704 nonnumquam
671 2630 758 2690 etiam
779 2631 817 2691 ab
837 2629 981 2692 institutis

70 2712 249 2784 ragnitudine
264 2710 420 2786 pecuniae.
452 2711 619 2772 Videamus
635 2721 746 2787 quanta
769 2712 827 2774 ista
848 2710 980 2789 pecunia

76 2810 155 2868 quae
175 2793 305 2867 potuerit
323 2792 439 2866 Heium,
462 2793 613 2854 hominem
636 2794 765 2855 maxime
788 2796 980 2869 locupletem,

70 2892 239 2949 cavarum,
264 2876 302 2935 ab
316 2875 513 2948 humanitate,
541 2891 559 2937 a
576 2875 702 2951 pietate,
725 2874 979 2950 religione'dedu-

75 2959 119 3018 lta
135 2957 264 3029 iussisti,
290 2958 412 3032 opinor,
437 2955 538 3032 ipsum
565 2957 595 3018 in
615 2958 733 3018 tabulas
748 2959 877 3017 reterre:
902 2969 980 3013 nnuc

80 3057 169 3100 sturm
183 3041 359 3111 Penxrrrtr,
379 3040 716 3112 Mrnoms,›Potrctrrr,
737 3055 773 3096 us
791 3054 846 3096 sux
861 3051 980 3096 numus

70 3125 162 3182 Vuaar
179 3139 305 3182 venorrn
319 3137 399 3180 essu.
430 3120 561 3181 Rettulit.
584 3121 690 3182 Recita
708 3135 746 3179 ex
759 3119 878 3180 tabulis.
1025 3168 1028 3173 4

70 3215 134 3266 uvat
146 3222 194 3265 me
207 3207 283 3265 haec
299 3204 454 3277 praeclara
472 3200 593 3262 nomina
606 3202 768 3271 artificum,
786 3218 864 3275 quae
878 3201 927 3263 isti
941 3202 982 3260 ad

70 3290 214 3360 ulerunt,
237 3285 341 3357 Verris
356 3283 564 3346 aestimatione
580 3285 624 3345 sic
648 3283 830 3345 concidisse.
861 3282 981 3363 Cupidi-

70 3370 199 3432 lraxiteli
225 3369 275 3430 HS
299 3367 408 3429 cloloct
439 3364 576 3426 Proiecto
600 3366 669 3427 hinc
687 3375 788 3428 natum
808 3376 870 3429 est:
900 3360 981 3426 Malu
1017 3380 1022 3388 ·
1046 3443 1053 3452 .
