2356 3854
113 137 192 214 436Ι
257 128 296 186 ΙΝ
309 127 348 187 Μ.
364 122 564 188 ANTONIUM
579 120 719 181 ORATIO
735 120 955 180 PHILIPPICA
969 122 1006 179 11.

116 281 228 352 disset,
247 275 278 335 in
298 268 487 333 matrimomo
505 269 605 331 stabili
619 278 650 329 et
670 276 751 329 certo
768 269 948 331 collocavit
992 271 1044 333 45.
1057 273 1135 333 lieno

115 375 260 436 nmquam
281 371 358 431 puer
372 362 491 428 emptus
506 352 638 412 libidinis
660 367 754 411 causa
769 359 831 411 tam
848 351 907 413 luit
920 353 955 412 in
971 354 1085 416 domini
1097 371 1137 430 oo

44 460 47 469 ·
114 450 224 506 testate
246 455 336 514 quarn
357 446 389 496 tu
411 435 443 495 iu
465 435 614 495 Curionis.
657 433 802 507 QuolIens
823 442 856 494 te
870 444 963 509 puter
981 437 1049 497 eius
1063 438 1139 498 domu

115 542 172 587 sua
183 522 291 584 eieciti
306 518 446 595 quotiens
458 518 602 579 custodes
615 515 726 592 posuit,
742 534 780 576 ne
791 516 886 577 limen
896 517 1055 580 Intrarest
1064 538 1142 595 quun

114 616 275 678 tutamen,
294 610 383 663 nocte
398 599 497 674 socia,
517 601 654 665 hortante
677 598 816 672 libidine,
844 605 1143 677 cogente-mercede,

115 705 172 765 per
188 688 307 762 tegulas
319 686 518 745 demitterere.
535 683 618 756 Quae
625 680 739 756 flagitia
750 683 864 743 domus
879 683 935 744 illa
951 686 1066 747 dlutius
1080 688 1143 745 terre

26 760 34 771 ’
115 789 178 832 non
201 769 308 845 potuit.
358 766 466 826 Scisne
488 782 536 824 me
560 766 710 825 derebus
731 764 805 825 mihi
826 767 1011 828 notIssImis
1037 768 1143 829 dIceret

115 855 291 914 Recordare
312 862 429 923 tempus
444 848 532 919 illud,
555 865 648 922 quum
667 856 752 922 pater
767 848 859 908 Curio
875 865 1029 911 maerens
1042 851 1144 911 iacebat

115 935 147 997 in
161 938 255 997 lecto:
276 934 356 993 lilius
376 947 411 990 se
429 931 470 990 ad
490 931 586 1004 pedes
601 946 687 991 meos
702 938 922 1007 prosternens,
936 934 1143 1006 lacrImenste

115 1017 188 1079 mihi
203 1015 446 1077 commendabat:
463 1014 578 1085 orabat,
595 1021 628 1073 ut
642 1021 672 1074 te
686 1021 791 1073 contm
807 1031 901 1074 suum
916 1025 1055 1090 patrem,
1071 1016 1094 1076 si
1101 1031 1141 1075 se·

116 1099 253 1163 stertium
271 1096 433 1172 sexagiens
446 1104 570 1170 peteret,
588 1095 799 1155 defenderem:
815 1105 940 1162 tanturn,
955 1099 1041 1159 enlm
1056 1116 1085 1160 se
1094 1114 1139 1172 oro

114 1192 145 1245 te
165 1182 379 1242 intercessisse
400 1179 528 1238 dicebat
570 1179 643 1252 lpse
663 1187 762 1238 autem
782 1195 890 1239 amore
911 1183 1036 1242 ardens
1049 1181 1140 1242 ‘conir-

115 1265 230 1335 mubat,
255 1263 340 1337 quod
355 1260 538 1321 desiderium
559 1260 603 1321 tui
626 1259 744 1320 discidii
756 1262 836 1324 serre
850 1278 917 1323 non
935 1273 1066 1340 posset,
1079 1261 1142 1325 scin

116 1345 256 1406 exsilium
277 1345 395 1405 iturum.
437 1343 488 1403 46.
505 1344 571 1417 Quo
585 1352 721 1418 tempore
737 1359 794 1418 ego
810 1354 932 1419 quauta
950 1351 1036 1409 mala
1049 1346 1140 1407 floren-

114 1426 250 1488 lissimae
268 1425 397 1485 familiae
412 1425 519 1485 sedavi
532 1428 582 1486 vel
598 1426 700 1502 potius
714 1425 838 1487 sustuli!
854 1427 942 1489 Patri
958 1429 1141 1505 persuasiut

116 1526 170 1570 aes
186 1509 317 1569 alienum
328 1506 382 1567 tilii
393 1506 590 1568 dissolveret:
606 1508 767 1570 redimeret
777 1510 1029 1586 adolescentem,
1043 1526 1140 1574 sumne

117 1608 175 1666 spe
191 1601 221 1653 et
235 1589 326 1650 animi
342 1597 373 1650 et
385 1588 497 1664 ingenii
514 1591 693 1665 praeditum,
712 1590 756 1652 rei
773 1591 937 1654 familiaris
955 1596 1136 1658 facultatibus

116 1690 248 1749 eumque
260 1684 311 1734 tua
325 1690 385 1733 non
400 1674 491 1734 modo
507 1673 722 1749 familiaritate,
742 1675 801 1735 sed
820 1676 919 1736 ctiam
933 1678 1141 1755 congressione

114 1757 214 1831 patrio
235 1758 299 1819 iure
321 1765 351 1817 et
370 1764 519 1830 potestate
543 1758 724 1832 prohiberet·
766 1758 851 1818 Haec
873 1768 907 1819 tu
925 1779 1028 1836 quum
1043 1774 1140 1836 perne

91 1896 94 1903 .
113 1848 183 1901 ecta
197 1838 404 1911 meminisses,
422 1838 480 1899 nIsi
495 1838 563 1912 illis,
581 1857 659 1914 quos
675 1840 823 1913 videmus,
833 1841 957 1914 ,gladiis
974 1845 1140 1913 confideret,

114 1922 284 1983 maledictis
311 1938 359 1981 me
386 1937 557 1996 provocare
577 1939 672 1983 ausus
693 1930 803 1985 esses?
830 1924 911 1984 xlx.
936 1924 1006 1989 47:
1016 1927 1078 1988 Sed
1093 1926 1138 1986 ian

114 2011 220 2079 supra
237 2012 267 2064 et
277 2003 391 2077 flagitia
404 2002 585 2079 omittamus
602 2014 672 2067 sunt
682 2007 840 2080 quaedam,
856 2023 942 2080 quae
953 2011 1084 2071 honeste
1093 2024 1137 2068 non

113 2098 243 2161 possum
258 2086 374 2146 dIcere:
391 2095 422 2146 tu
438 2095 538 2147 autem
553 2105 590 2148 eo
605 2087 735 2160 liberior,
752 2089 836 2163 quod
846 2105 886 2148 ee
899 2090 935 2150 in
953 2102 985 2153 te
996 2089 1135 2160 admisisti

115 2186 194 2243 quae
209 2186 228 2228 a
244 2169 551 2239 verecundo'Inimico
563 2170 668 2231 audire
682 2187 743 2239 non
759 2189 882 2246 posses.
917 2173 988 2234 Sed
1005 2176 1136 2250 reliquum

114 2253 193 2312 vitae
209 2269 329 2313 cursum
348 2251 463 2314 videte:
479 2270 569 2328 quem
581 2253 703 2328 quidem
716 2252 856 2315 celeriter
869 2259 1088 2334 perstringam.
1101 2255 1136 2315 Ad

112 2333 190 2393 haec
208 2335 302 2407 enirn,
325 2334 448 2409 quaein
465 2336 545 2396 civili
560 2337 654 2407 bello,
678 2336 709 2397 in
724 2336 863 2398 maximis
876 2338 925 2399 rei
941 2341 1086 2415 publicae
1097 2338 1135 2399 mi·

113 2414 202 2474 sertis
215 2417 295 2488 lecit,
312 2424 341 2476 et
352 2418 447 2490 adea,
466 2435 543 2493 quae
554 2418 664 2480 cotidie
682 2419 761 2490 lacit,
773 2420 896 2481 festinat
908 2423 1049 2498 animus.
1072 2424 1135 2496 oua

15 2551 22 2558 ,
111 2505 193 2569 peto,
213 2506 252 2570 ut,
269 2516 453 2573 quamquam
470 2503 562 2561 multo
579 2500 697 2563 notiora
709 2501 795 2562 vobis
814 2520 907 2578 quern
924 2506 1004 2567 milti
1018 2516 1093 2576 sunt,
1105 2515 1134 2565 tn·

111 2591 190 2651 men,
203 2587 237 2638 ut
251 2578 358 2651 iacitIs,
373 2589 486 2643 attente
499 2583 640 2644 audiatis.
661 2585 763 2645 ,Debet
778 2585 859 2645 enim
876 2587 995 2650 talibus
1016 2591 1047 2649 in
1061 2589 1133 2649 rebus

110 2660 245 2721 excitare
260 2659 378 2721 animos
394 2681 456 2723 non
472 2665 603 2740 cognitio
619 2670 717 2728 solum
730 2685 845 2742 rerum,
868 2671 926 2730 sed
944 2673 1040 2733 etiem
1052 2686 1133 2732 recor·

111 2740 204 2802 datio.
246 2742 378 2803 Tametsi
399 2745 568 2810 incidamus
584 2758 705 2824 oportet
719 2750 835 2823 medlo,
859 2768 898 2811 ne
918 2753 1015 2816 nimis
1031 2751 1133 2815 seroal

110 2831 247 2885 extrema
261 2825 429 2889 veniamus.
947 2891 959 2903 ,

168 2908 219 2970 48.
237 2909 362 2970 intimus
378 2920 443 2971 erat
459 2910 490 2971 in
506 2912 656 2973 tribunatu
671 2914 787 2988 clodio,
801 2915 854 2990 qui
870 2933 929 2979 sua
949 2936 1027 2995 erge
1040 2920 1130 2980 mebe-

109 2989 221 3050 neficia
245 3003 474 3056 commemorat:
492 2995 558 3055 eius
580 2995 712 3056 omnIum
736 2996 951 3060 incendiorum
972 3008 1043 3076 tax,
1065 3002 1130 3062 onus

108 3068 200 3132 etiam
219 3074 301 3135 domi
315 3077 374 3135 iam
387 3087 449 3137 turn
466 3076 610 3152 quiddam
624 3079 744 3140 molitus
761 3088 818 3140 est.
863 3081 946 3154 Quid
962 3085 1064 3146 dicam
1079 3085 1128 3157 ipse

109 3153 225 3221 opums
243 3158 390 3232 intelligit.
426 3160 501 3219 lnde
516 3160 573 3221 iter
582 3163 806 3222 Alexandream
822 3173 932 3224 contra
951 3178 1078 3229 senatus
1090 3180 1128 3223 el·

109 3234 292 3310 ctoritatem,
316 3251 421 3301 contra
442 3259 505 3302 rem
529 3244 681 3317 publicam
695 3252 725 3305 et
739 3245 920 3319 religiones:
945 3251 1006 3309 sed
1019 3248 1130 3310 habebnt

109 3310 219 3373 ducem
235 3320 407 3395 Gabinium,
429 3326 552 3399 quicum
575 3329 696 3400 quidvis
716 3327 887 3388 rectissime
901 3330 1010 3393 iecere
1031 3336 1128 3407 posset
