2356 3854
88 168 151 235 300
356 172 430 234 PRO
447 173 502 233 CN.
517 172 679 232 PLANCIO
695 171 848 232 ORATIO.

84 321 178 394 dices,
195 336 213 380 a
231 321 327 391 vobis,
343 329 377 381 ut
392 321 481 381 cuins
493 321 700 382 misericordia
718 325 801 382 satus
813 336 883 382 mea
897 323 1043 384 custodita
1055 326 1094 398 sit,

42 442 51 455 ι
84 405 112 463 ei
128 418 186 463 vos
200 410 329 463 vestram
344 403 581 464 misericordiam
594 422 643 464 me
655 405 839 480 deprecante
852 406 999 466 tribuatis.
1017 406 1094 482 Equi·

21 554 24 559 ,
83 488 153 546 dem
169 485 208 544 ad
222 485 357 559 retiquos
374 487 511 558 iabores,
533 504 612 562 quos
632 487 662 546 in
683 487 741 547 hac
756 503 850 548 causa
864 488 997 549 maiores
1014 491 1096 550 susei-

84 569 134 644 pio
150 585 239 642 quarn
260 567 449 642 incaeteris,
469 569 557 630 etiam
576 570 655 629 hanc
675 568 842 633 molestiam
860 572 1006 644 adsumo,
1029 573 1098 648 quod

83 651 155 710 mihi
169 666 229 711 non
245 652 342 710 soium
358 668 412 726 pro
431 651 482 710 cn.
497 652 618 712 Plancio
631 651 792 712 dicendum
811 660 873 723 est,
888 654 978 725 cuius
992 670 1047 730 ego
1061 672 1098 715 sa·

84 737 175 794 iutem
187 749 248 792 non
264 747 354 792 secus
368 750 404 793 ac
415 749 513 794 meam
523 735 599 794 tueri
610 734 718 806 debeo,
734 737 788 794 sed
800 734 890 794 etiam
902 752 960 811 pro
976 738 1097 812 meipso,

84 818 121 876 de
138 831 198 890 quo
210 825 405 876 accusatores
421 819 507 890 plura
519 833 616 891 paene
628 833 719 891 quam
730 818 769 877 de
780 835 814 877 re
825 834 945 893 reoque
962 819 1098 880 dixerunt

82 900 119 958 ll.
132 897 161 959 t.
176 899 371 974 Quamquam,
386 898 514 972 iudices,
525 899 551 959 si
566 898 698 974 quidest
711 899 882 973 inmoipso
894 900 1097 977 itareprehen-

84 999 167 1054 sum,
188 989 220 1041 ut
240 980 272 1041 id
291 981 329 1040 ab
350 980 410 1041 hoc
425 981 590 1042 seiunctum
615 980 669 1054 sit,
690 998 750 1042 non
772 998 820 1040 me
840 981 873 1041 id
889 1000 1004 1063 magno
1020 1000 1098 1060 opere

85 1065 258 1135 conturbata
282 1064 435 1123 nonenim
459 1063 549 1124 timeo
564 1081 618 1137 ne,
642 1063 713 1138 quia
730 1080 853 1139 perraro
875 1066 953 1140 grati
975 1068 1097 1127 homines

82 1147 280 1223 reperiantur,
294 1145 418 1217 idcirco,
437 1162 528 1221 quum
539 1164 587 1207 me
597 1144 720 1207 nimium
730 1156 848 1222 gratum
859 1147 901 1207 iili
916 1164 990 1209 esse
1005 1151 1097 1222 dicant,

83 1230 116 1289 id
135 1229 208 1288 mihi
223 1227 417 1289 criminosum
431 1245 502 1289 esse
521 1229 631 1305 possit.
674 1229 757 1303 Quae
769 1245 844 1290 vero
859 1230 901 1290 itu
917 1241 991 1292 sunt
1005 1233 1097 1308 agitate

83 1313 121 1371 ab
141 1311 214 1383 iilis,
236 1319 268 1371 ut
284 1319 336 1371 aut
354 1311 459 1370 merita
479 1311 531 1371 Cn.
552 1310 664 1372 Plancii
684 1328 757 1386 erga
776 1328 824 1371 me
844 1311 964 1373 minora
981 1331 1054 1394 esse
1066 1315 1098 1373 di·

84 1400 188 1454 cerent
202 1410 292 1468 quam
306 1408 384 1451 ame
397 1392 467 1467 ipso
481 1396 742 1468 praedicarentur,
760 1403 811 1455 aut
824 1395 851 1454 si
865 1405 973 1456 essent
987 1413 1100 1467 summa,

84 1484 231 1552 negarent
245 1491 282 1535 ea
295 1484 395 1536 tamen
412 1476 454 1535 ita
466 1476 567 1550 magni
582 1485 615 1536 ut
637 1493 693 1552 ego
713 1485 850 1552 putarem
865 1479 1017 1552 ponderis
1031 1478 1099 1554 apud

83 1576 142 1620 vos
158 1574 229 1619 esse
244 1559 369 1630 debere,
389 1558 465 1617 haec
484 1559 555 1618 mihi
573 1567 644 1621 sunt
658 1560 831 1632 tractanda,
847 1558 986 1634 iudices,
1008 1571 1039 1622 et
1051 1577 1100 1621 mo

85 1642 168 1713 dice,
184 1658 222 1702 ne
239 1641 312 1718 quid
327 1639 397 1715 ipse
410 1641 576 1716 offendam,
593 1650 623 1701 et
635 1651 698 1703 tum
713 1642 859 1718 denique,
875 1660 970 1717 quum
987 1661 1101 1720 respou-

85 1726 158 1785 dero
173 1724 366 1796 criminibus,
391 1740 431 1785 ne
451 1741 512 1785 non
531 1733 592 1785 tam
612 1725 869 1787 innocentiorem
887 1742 946 1785 sua
960 1743 1101 1802 quamre

85 1807 261 1869 cordatione
276 1824 411 1868 meorum
429 1816 600 1882 temporum
614 1809 760 1869 defensus
775 1823 846 1868 esse
860 1808 1013 1869 videatur.

145 1888 175 1951 5.
197 1891 259 1952 Sed
281 1890 354 1949 mihi
364 1888 394 1948 in
418 1907 511 1950 causa
531 1890 614 1951 facili
628 1900 721 1966 atque
740 1889 889 1965 explicata
912 1889 1103 1967 perdifficilis,

83 1972 209 2042 iudices,
228 1981 258 2034 et
272 1972 389 2033 lubrica
402 1973 589 2035 defensionis
604 1973 680 2033 ratio
695 1973 884 2048 proponitur.
916 1975 995 2034 Nam
1013 1974 1041 2034 si
1052 1983 1103 2034 tun·

84 2064 146 2115 turn
160 2057 252 2116 modo
267 2054 338 2114 mihi
353 2071 483 2116 necesse
499 2065 582 2116 esset
596 2064 700 2118 contm
715 2057 909 2116 Laterensem
925 2057 1048 2128 dicere,
1069 2065 1103 2115 u·

84 2154 152 2197 men
176 2138 209 2196 id
229 2136 330 2212 ipsum
352 2146 437 2197 esset
456 2138 486 2197 in
505 2147 586 2199 tanto
607 2156 668 2199 usu
687 2147 791 2198 nostro
814 2145 958 2213 tantaque
984 2136 1103 2199 amicitia

83 2222 253 2281 molestum.
295 2222 393 2280 Vetus
415 2228 463 2280 est
485 2220 564 2281 enim
589 2223 640 2281 lex
662 2220 713 2283 iila
733 2222 830 2281 iustae
843 2237 1003 2297 veraeque
1017 2220 1104 2283 amici·

85 2303 158 2377 tiae,
174 2319 253 2380 quae
273 2302 346 2363 mihi
362 2319 431 2363 uum
445 2303 496 2363 ilio
512 2303 569 2362 iam
585 2304 637 2364 diu
653 2313 715 2378 est,
737 2313 769 2365 ut
787 2303 868 2363 idem
887 2305 979 2365 amici
997 2317 1104 2378 semper

84 2385 191 2446 velint:
208 2403 309 2463 neque
320 2394 367 2447 est
379 2388 472 2447 ulium
488 2386 638 2446 amicitiae
650 2386 761 2447 certius
772 2385 928 2447 vinculum
941 2404 1037 2462 quam
1047 2402 1104 2446 con·

86 2483 198 2530 sensus
226 2477 255 2529 et
276 2470 408 2531 societas
430 2469 625 2530 consiliorum
644 2477 674 2529 et
688 2471 883 2530 voluntatum.
928 2469 1006 2529 Mihi
1019 2478 1105 2531 autem

83 2566 144 2610 non
159 2549 191 2609 id
204 2559 252 2611 est
261 2549 292 2609 in
305 2552 363 2611 hac
378 2567 412 2610 re
426 2551 687 2624 molestissimum,
708 2560 812 2612 contra
825 2550 911 2611 iilum
926 2551 1045 2625 dicere,
1061 2549 1105 2611 sed

83 2636 175 2711 multo
192 2632 264 2691 iilud
279 2633 390 2707 magis,
409 2634 490 2706 quod
505 2636 536 2692 iu
550 2645 697 2694 ea·causa
712 2632 999 2695 contradicendum
1014 2631 1105 2706 estin

84 2733 144 2791 qua
165 2717 314 2790 quaedam
336 2715 489 2775 hominum
505 2715 642 2791 ipsorum
655 2715 775 2778 videtur
798 2716 940 2777 iacienda
954 2735 1030 2779 esse
1044 2732 1103 2777 cou-

83 2798 185 2861 tentio.
203 2799 233 2860 6.
245 2797 366 2872 Quaerit
376 2797 455 2858 enim
469 2799 640 2860 Laterensis
658 2807 749 2875 atque
765 2800 825 2859 hoc
840 2817 903 2873 uno
919 2800 1054 2861 maxime
1064 2815 1104 2859 ur·

82 2891 141 2957 get,
158 2900 219 2958 qua
233 2898 268 2943 se
281 2880 397 2954 virtute,
413 2897 474 2957 qua
486 2883 576 2942 laude
588 2882 738 2956 Plancius⁷
753 2899 813 2957 qua
825 2881 973 2956 dignitate
992 2898 1103 2958 supera·

82 2966 127 3028 rit.
150 2967 203 3039 Ita,
223 2966 249 3027 si
266 2965 343 3025 cedo
359 2963 439 3026 iliius
456 2964 647 3038 ornamentis,
664 2981 743 3041 quae
759 2967 851 3025 multa
865 2973 895 3025 et
910 2982 1025 3040 magna
1040 2970 1101 3031 suti

82 3062 142 3107 non
165 3051 263 3110 solum
283 3048 372 3109 huius
394 3047 546 3123 dignitatis
567 3047 683 3109 iactura
702 3048 842 3108 facienda
863 3057 927 3120 est,
951 3050 1012 3109 sed
1030 3048 1101 3109 enan

82 3130 250 3202 largitionis
269 3132 446 3206 recipienda
466 3130 603 3206 suspicio
626 3139 692 3192 est:
714 3133 760 3192 sin
780 3131 862 3191 hunc
885 3128 929 3190 iili
951 3140 1103 3205 antepono,

84 3214 301 3275 contumeliosa
312 3215 452 3275 habenda
463 3223 510 3275 est
521 3215 616 3275 oratio
629 3222 658 3274 et
672 3212 834 3274 dicendum
849 3221 896 3274 est
911 3214 953 3284 id,
971 3211 1102 3288 quoditie

82 3308 131 3353 me
145 3290 273 3367 flagitat,
294 3299 491 3358 Laterensem
511 3314 529 3356 a
543 3297 664 3356 Plancio
680 3295 824 3372 dignitate
837 3312 909 3356 esse
926 3305 1099 3373 superatum.

80 3372 127 3443 Ita
140 3381 192 3435 aut
201 3377 375 3439 amicissimi
388 3378 519 3441 hominis
531 3377 713 3441 existimatio
726 3378 911 3441 offendenda
923 3388 980 3453 est,
997 3378 1025 3441 si
1034 3379 1099 3439 ulau
