2356 3854
85 175 127 240 ta
324 184 362 242 m
378 185 408 242 o.
424 184 586 244 vamum
600 184 683 243 Aer.
701 185 736 243 11.
750 185 822 243 mo.
838 185 888 242 tv.
954 143 958 149 ’
1009 210 1013 228 ·

88 351 184 396 eruere
197 350 284 408 quam
295 350 413 406 rogare.
444 334 508 391 vll.
541 332 589 393 la.
603 396 606 399 ,
622 333 709 392 Dicet
725 331 850 406 aliquis:
882 332 986 405 Quidt.
1003 341 1034 392 tu
1055 331 1092 392 ist

90 431 254 491 permagno
270 415 434 474 aestimas?
461 415 527 490 Ego
542 430 614 474 vero
632 416 672 473 ad
685 431 783 474 meam
798 414 946 475 rationem
960 431 1092 488 usumqu

91 514 191 558 meum
206 514 267 558 non
283 497 425 569 aestimo,
443 507 662 557 verumtamen
680 514 698 557 a
717 497 806 557 vobis
828 495 869 555 ita
891 495 1023 557 arbitror
1042 513 1092 570 spo

90 579 165 641 atari
179 589 335 655 oportere,
353 580 457 654 quanti
471 580 547 641 haee
562 595 666 639 eorum
682 578 805 650 iudicio,
827 577 880 652 qui
895 578 1026 640 studiosi
1041 595 1092 639 sun

89 663 196 723 barum
220 678 335 736 rerum,
360 663 565 733 aestimentur,
592 661 696 735 quanti
720 660 825 721 venire
847 662 980 731 soleant,
1003 659 1092 736 'quant‘

89 745 165 806 haec
180 745 265 820 ipsa,
279 745 306 805 si
321 747 421 820 palam
435 745 591 818 libereque
607 743 757 814 venirent,
781 741 886 802 venire
897 752 1041 818 possent,
1055 744 1092 802 de

89 829 182 902 nique
201 827 270 903 ipse
284 831 397 888 Verres
421 826 525 903 quanti
545 825 690 886 aestimet
723 826 909 899 Numquam,
931 826 958 885 si
978 824 1092 889 denariis

90 909 317 985 quadringentis
330 909 507 984 Cupidinem
521 909 602 967 illum
614 916 761 983 putasset,
777 907 981 968 commisisset
991 917 1023 968 ut
1037 923 1091 982 pro

88 1002 156 1067 pter
172 1010 241 1053 eum
259 993 288 1052 in
306 1006 476 1052 sermonem
490 992 643 1050 hominum
666 999 757 1064 atque
775 989 806 1055 in
826 998 938 1049 tantam
957 990 1091 1064 vitupera·

89 1075 201 1135 tionem
218 1074 344 1134 veniret.
377 1073 425 1134 14.
462 1073 534 1146 Quis
551 1082 684 1147 vestrum
699 1072 789 1147 igitur
803 1073 901 1132 nescit
917 1073 1021 1146 quanti
1032 1072 1091 1130 haer

88 1158 304 1227 aestimentur?
338 1158 370 1214 In
398 1156 538 1215 auctione
564 1155 682 1230 signum
707 1158 833 1214 aeneum
860 1172 934 1214 non·
949 1156 1090 1214 maximum

86 1239 140 1297 Hs·
153 1255 191 1296 xt
204 1237 323 1297 milibus
340 1238 442 1297 venire
454 1255 514 1297 non
529 1237 680 1297 vidimus?
706 1237 792 1310 Quid,
810 1237 836 1297 si
852 1237 940 1296 velim
955 1236 1090 1297 nominare

87 1319 226 1380 homiues
239 1319 291 1393 qui
302 1330 353 1394 aut
364 1337 423 1380 non
439 1320 563 1380 minoris
577 1320 726 1380 autetiam
739 1312 834 1394 pluris
852 1319 993 1392 emerint,
1008 1331 1089 1378 nome

87 1409 236 1476 possum?
250 1403 366 1462 Etenim
382 1402 433 1476 qui
446 1403 553 1462 modus
565 1403 648 1461 estin
662 1401 711 1461 his
725 1403 817 1463 rebus
832 1402 1013 1476 cupiditatis,
1028 1401 1089 1459 iden

88 1493 136 1543 est
149 1485 377 1546 aestimationis.
412 1484 541 1544 Difficile
561 1492 608 1544 est
623 1483 702 1546 enirn
717 1486 808 1544 finem
824 1486 925 1544 faeere
939 1484 1055 1559 precio,
1072 1479 1091 1540 si

87 1566 204 1625 libidini
230 1566 289 1627 ndo
318 1567 436 1628 leceris.
474 1567 573 1626 Video
599 1566 688 1642 igitur
701 1564 808 1627 Heium
832 1583 932 1641 neque
949 1569 1090 1626 'voluntate

87 1664 189 1724 neque
203 1649 380 1710 dillloultate
393 1649 497 1724 aliqua
508 1649 653 1724 temporis
669 1666 725 1710 nee
737 1649 944 1724 magnitudine
959 1647 1091 1722 pecuniae

86 1732 251 1793 adductum
271 1749 357 1806 esse,
381 1742 414 1793 ut
432 1733 509 1813 haee
527 1732 613 1806 signa
629 1734 786 1792 venderet:
805 1742 895 1806 teque
914 1731 974 1792 isto
988 1732 1091 1791 simula·

86 1814 168 1875 tione
190 1815 352 1903 emptionis
372 1816 417 1889 vi,
439 1823 540 1887 metu,
556 1815 698 1889 imperio,
720 1814 854 1874 fascibus
870 1815 908 1872 ab
923 1815 1042 1873 homine
1055 1827 1090 1879 eo,

88 1914 178 1970 quem
194 1915 255 1958 una
270 1915 338 1958 curn
353 1898 591 1962 eaeterissooiis
606 1915 666 1957 non
681 1901 780 1958 solum
795 1897 938 1972 potestati
951 1905 1034 1968 tuae,
1048 1892 1092 1954 sed

86 1978 268 2119 egamlfidei
290 1983 423 2054 populus
437 1983 593 2041 Romanus
617 1979 823 2052 commiserat,
841 1979 993 2053 eripuisse
1015 1987 1091 2051 atque

87 2076 105 2118 a
128 2068 177 2120 stu
189 2060 262 2120 isse.
929 2095 930 2099 =

170 2141 219 2203 15.
249 2142 325 2215 Quid
342 2142 412 2202 mihi
427 2151 487 2202 tam
502 2144 683 2217 optandum,
706 2143 838 2218 iudices,
861 2146 962 2219 potest
984 2141 1092 2204 esseio

84 2224 143 2283 hoc
159 2224 297 2300 erimine,
322 2240 411 2299 quam
425 2234 458 2285 ut
478 2226 554 2303 haee
575 2227 679 2285 eadem
701 2226 782 2286 dicat
803 2229 871 2302 ipse
885 2227 1000 2286 Heius?
1030 2222 1092 2284 Nihil

85 2309 240 2380 prolecto=
263 2309 319 2369 sed
340 2325 378 2368 ne
392 2306 526 2368 diflicilia
539 2316 687 2383 optemus.
719 2308 814 2369 Heius
835 2318 882 2369 est
896 2308 1092 2369 Mamertinus:

84 2389 262 2461 Mamertina
279 2391 385 2451 civitas
401 2391 491 2452 istum
507 2392 626 2465 publice
642 2392 793 2470 communi
809 2391 935 2452 oonsilio
957 2394 1024 2453 sola
1042 2392 1092 2448 lau-

85 2471 308 2534 dam-omnibus
323 2473 382 2534 iste
396 2476 524 2534 caeteris
537 2474 647 2534 Siculis
663 2474 733 2534 odio
745 2484 805 2546 est,
821 2475 859 2532 ab
874 2474 921 2533 his
937 2475 1012 2535 solis
1026 2487 1092 2532 ama·

88 2564 146 2614 tur.
161 2555 235 2616 Eius
253 2566 351 2617 autem
369 2556 537 2630 legationis,
553 2575 631 2632 quae
647 2559 686 2617 ad
700 2557 791 2616 istum
808 2557 991 2616 laudandum
1013 2555 1092 2614 missa

85 2646 140 2710 est,
155 2638 299 2714 princeps
314 2648 362 2699 est
374 2640 469 2700 Heius
484 2639 649 2700 -etenim
664 2648 711 2701 est
725 2640 840 2715 primus
856 2639 987 2701 civitatis
1002 2674 1051 2713 -,
1065 2649 1092 2695 nr

85 2721 177 2793 torte,
193 2723 264 2782 dum
278 2722 409 2796 publicis
424 2723 573 2783 mandatis
589 2725 708 2795 serviat,
725 2724 763 2783 de
778 2724 904 2799 privatis
921 2723 1038 2785 iniuriis
1056 2735 1092 2782 re·

83 2803 184 2863 tioeat.
206 2805 255 2866 16.
277 2805 360 2864 Haeo
377 2822 468 2879 quum
480 2807 590 2866 scirem
611 2816 640 2867 et
652 2808 829 2881 cogitarem,
848 2807 983 2868 commisi
998 2817 1091 2869 tamon

82 2886 217 2962 iudiceS,
234 2888 325 2947 Heio:
347 2889 478 2961 produxi
494 2906 560 2948 eum
577 2890 673 2963 prima
688 2890 818 2949 actione:
840 2907 938 2965 neque
961 2893 993 2950 id
1007 2900 1092 2951 tamer

83 2970 145 3029 ullo
161 2971 297 3045 periculo
313 2970 380 3030 leci.
415 2971 491 3044 Quid
511 2971 591 3030 enim
613 2981 732 3046 poterat
745 2973 839 3034 Heius
854 2975 1057 3047 respondere,
1079 2989 1091 3030 s

83 3061 167 3112 esset
180 3054 346 3129 improbus,
364 3053 391 3113 si
406 3055 453 3114 sui
465 3054 642 3115 dissimilis?
669 3056 747 3116 Esse
762 3057 812 3115 illa
826 3056 912 3130 signa
924 3057 1007 3116 domi
1022 3073 1092 3117 suae

82 3148 144 3190 non
163 3151 232 3196 esse
257 3138 338 3212 apud
358 3140 506 3197 Verrem?
534 3136 589 3209 Qui
610 3147 727 3212 poterat
750 3138 915 3214 quidquam
937 3140 1003 3221 eius
1024 3140 1092 3200 mod

82 3212 206 3275 dicere?
233 3220 272 3279 Ut
283 3220 373 3280 homo
385 3221 579 3296 turpissimus
594 3229 677 3281 esset
687 3221 1010 3297 impudentissimeque
1023 3240 1090 3283 men

81 3294 200 3371 tiretur,
226 3300 285 3360 hoo
311 3302 438 3373 diceret,
465 3303 515 3362 illa
538 3319 572 3362 se
594 3303 737 3364 habuisse
761 3305 880 3377 venalia
904 3321 1003 3378 eaque
1036 3323 1092 3366 sest

44 3379 48 3387 '
83 3381 186 3456 quanti
207 3382 337 3444 voluerit
357 3385 542 3457 uendidisse.
573 3386 671 3446 Homo
693 3387 775 3447 domi
792 3403 865 3446 suae
887 3385 1092 3449 nobilissimus
