2356 3854
392 171 472 230 cnr.
489 180 585 233 1-a.
604 179 742 238 ιιι-9.
941 124 945 137 ⁴
1016 168 1080 239 att
1170 214 1173 221 ι

56 318 178 381 »liorem
199 335 289 392 quam
314 334 395 391 eam,
417 336 509 394 quam
530 321 677 382 hodierno
699 322 946 386 die‘conseeutus
961 343 1005 388 es.
1048 328 1079 392 5.

56 403 141 464 toleo
158 416 253 475 saepe
265 410 335 461 ante
351 404 457 462 oculos
475 419 589 477 ponere
602 403 695 478 idque
716 405 842 467 libenter
861 410 976 469 crebris
991 428 1078 473 usur·

56 501 121 551 »are
135 483 340 556 sermonibus,
356 500 462 545 omncs
475 486 885 561 nostrorumimperatorum,
904 507 1010 554 omncs
1025 512 1079 555 ex·

56 583 178 628 ararum
194 566 325 640 gentium
341 567 680 642 potentissimorumque
692 573 881 644 populorum,
900 590 1005 636 omnes
1019 580 1082 637 cla-

56 651 237 729 issimorum
268 664 372 728 regum
396 666 446 709 res
474 660 576 723 gestas
602 667 669 711 cum
692 652 754 711 tuis
777 669 835 712 nec
851 658 1080 720 contentionum

56 731 254 807 nagriitudine
272 749 328 790 nec
350 749 473 791 numero
495 734 677 807 proeliorum
692 749 748 793 nec
765 735 909 796 varietate
923 740 1080 811 regionum

56 831 103 874 tec
119 815 276 873 celeritate
291 815 470 874 conficiendi
487 832 542 874 nec
559 815 803 876 dissimilitudine
820 816 967 878 bellorum
982 837 1079 895 posse

57 896 198 968 onicrri,
219 912 275 956 nec
290 913 363 956 vero
380 897 632 958 disiunctissimas
650 899 850 960 terrascitius
865 901 1010 974 passibus
1027 922 1076 966 cu-

56 982 191 1055 usquam
210 979 346 1058 poluisse
362 980 531 1055 peragrari,
552 998 641 1054 quam
661 982 720 1041 tuis
738 999 798 1041 non
814 981 912 1042 dicam
928 985 1078 1061 cursibuS,

56 1063 101 1122 ed
124 1061 261 1121 victoriis
284 1064 428 1127 lustratae
448 1072 527 1127 suat.
575 1065 605 1124 6.
629 1063 712 1138 Quae
734 1063 856 1137 quidem
877 1081 934 1140 ego
958 1067 1017 1133 nisi
1037 1068 1088 1137 ila,
1125 1130 1131 1138 χ

56 1161 159 1219 nagna
172 1160 244 1204 esse
259 1146 368 1214 fatear,
392 1153 425 1204 ut
445 1162 481 1204 ea
504 1145 555 1204 vix
572 1145 752 1220 cuiusquam
768 1163 854 1208 mens
869 1157 921 1209 aut
936 1149 1079 1224 cogitatio

56 1243 163 1302 apere
178 1227 284 1301 possit,
299 1243 403 1286 amens
416 1227 488 1287 sim:
511 1229 565 1288 scd
584 1236 682 1289 tamen
701 1239 771 1290 sunt
785 1229 843 1290 alia
858 1231 982 1294 maiora.
1004 1233 1080 1294 Nam

56 1309 177 1370 »ellicus
191 1309 295 1369 laudes
310 1311 409 1370 solent
423 1310 544 1385 quidam
558 1321 723 1372 extenuare
735 1312 839 1372 verbis
851 1330 967 1388 easque
978 1315 1078 1376 detra·

56 1409 123 1453 tere
138 1390 282 1465 ducibus,
300 1393 522 1453 communicare
537 1410 604 1454 cum
617 1395 725 1468 multis,
740 1412 779 1456 ne
794 1396 936 1471 propriae
951 1398 1011 1457 sint
1024 1399 1078 1458 im·

56 1482 232 1553 aratorum.
254 1476 381 1535 Etcertc
396 1473 425 1534 in
440 1477 530 1537 armis
547 1478 672 1539 militum
688 1478 792 1550 virtus,
809 1480 945 1539 locorum
964 1497 1097 1556 oppor-⁸

56 1559 170 1629 unitas,
188 1557 300 1617 auxilia
311 1559 472 1632 sociorum,
489 1562 614 1630 classes,
628 1572 813 1622 commeatus
826 1564 949 1622 multum
962 1562 1076 1635 iuvant,
1096 1637 1099 1641 ⁸

56 1640 208 1702 traximam
232 1657 304 1701 vero
329 1650 444 1716 partem
470 1643 558 1718 quasi
579 1661 636 1702 suo
652 1643 716 1726 iure
734 1645 853 1703 fortuna
867 1643 925 1702 sibi
943 1644 1077 1707 vindicat

56 1732 76 1785 tt
96 1723 242 1798 quidquid
260 1740 406 1798 prospere
420 1733 536 1798 gestum
552 1733 607 1797 est,
623 1725 651 1783 id
669 1741 864 1798 pacneomnc
879 1726 961 1788 ducit
978 1721 1076 1786 suum.

56 1803 75 1867 l.
90 1809 133 1867 At
147 1823 220 1865 vcro
237 1807 325 1866 huius
340 1805 462 1880 gloriae,
480 1807 510 1866 C.
527 1807 646 1877 Caesar,
663 1823 753 1880 quam
767 1823 802 1866 es
821 1807 922 1880 paullo
937 1815 1005 1866 ante
1020 1809 1077 1867 ad·

56 1898 154 1964 ptus,
174 1890 289 1948 socium
308 1889 402 1947 babes
418 1887 582 1948 neminem=
599 1895 693 1948 totum
710 1889 783 1962 hoc,
800 1897 1076 1963 quantumcumque

56 1980 103 2044 cst,
118 1971 201 2047 quod
218 1981 298 2031 certe
313 1971 473 2030 maximum
485 1978 540 2041 est,
556 1980 650 2031 totum
663 1979 718 2041 est,
734 1969 867 2047 inquam,
884 1980 976 2031 tuum.
996 1972 1076 2031 Nihil

56 2052 106 2114 ribi
124 2071 162 2114 ex
178 2053 235 2114 ista
249 2055 339 2113 laude
354 2052 504 2126 centurio,
523 2052 593 2112 nibil
609 2055 796 2128 praelectus,
811 2050 882 2112 nihil
897 2054 1017 2126 cohors,
1031 2054 1075 2115 ni-

56 2136 90 2196 ril
111 2146 209 2197 turma
229 2136 379 2210 decerpit:
404 2136 475 2210 quin
496 2136 585 2196 etiam
607 2136 657 2197 illa
680 2137 746 2210 ipsa
760 2153 861 2198 rerum
877 2135 1076 2201 humanarum

56 2219 185 2291 lomina,
199 2219 344 2291 Fortuna,
364 2218 394 2277 in
418 2218 505 2279 istius
527 2219 702 2281 societatem
719 2220 832 2293 gloriae
848 2235 883 2278 se
897 2236 959 2279 non
975 2219 1075 2292 offert,

56 2301 99 2363 ibi
121 2301 216 2374 cedit,
236 2311 317 2363 tuam
338 2319 371 2361 se
393 2318 463 2361 esse
484 2310 576 2362 totam
599 2310 629 2362 et
653 2304 805 2376 propriam
821 2303 940 2362 latetur.
982 2301 1075 2360 Num-

56 2401 138 2460 auam
160 2386 239 2444 enim
259 2387 411 2445 temeritas
431 2402 499 2445 cum
519 2384 668 2459 sapientia
688 2385 900 2445 commiscetur
920 2399 1021 2459 neque
1035 2385 1076 2444 ad
1112 2388 1114 2393 '

56 2468 206 2529 eonsilium
223 2468 503 2549 casusnadmittitur.
738 2540 743 2553 ¹

80 2548 83 2553 '
107 2550 158 2609 Ill.
180 2548 210 2611 8.
231 2549 379 2615 Domuisti
396 2560 501 2624 gentes
515 2550 696 2611 immanitate
709 2549 869 2623 barbaras,
885 2548 1075 2611 multitud-ine

56 2631 297 2703 numerabiles,
311 2631 388 2692 locis
402 2632 552 2717 infinitas,
576 2634 655 2694 omni
671 2632 836 2708 copiarum
853 2649 965 2707 genere
979 2633 1073 2692 abun-

56 2717 170 2775 lantes=
181 2716 240 2774 scd
253 2724 349 2775 tamen
364 2730 400 2774 ea
415 2714 521 2786 vicisti,
539 2732 617 2790 quae
633 2724 663 2775 ct
673 2725 808 2777 naturam
821 2724 850 2776 et
864 2715 1075 2777 condicionem

56 2806 78 2858 tt
97 2796 180 2857 vinci
202 2804 329 2872 possent
348 2796 509 2856 habebant.
557 2798 643 2857 Nulla
663 2806 709 2858 est
727 2798 806 2858 ellim
821 2807 903 2858 tanta
924 2797 972 2856 vis
994 2811 1074 2870 quae

56 2897 113 2940 ton
128 2881 208 2940 ferro
233 2888 264 2941 et
284 2879 399 2941 viribus
419 2877 568 2939 debilitari
587 2879 747 2952 frangique
770 2880 878 2954 possit
927 2878 1071 2937 Animum

56 2965 184 3032 vincere,
199 2961 386 3023 iracundiam
401 2961 552 3037 cohibere,
568 2960 723 3021 victoriam
737 2969 915 3035 temperare,
930 2959 1074 3019 adversa-

56 3045 122 3105 ·inm
137 3045 307 3118 nobilitate,
327 3044 464 3119 ingenio,
490 3045 598 3103 virtute
621 3050 823 3116 praestantem
839 3059 899 3102 non
915 3041 1006 3100 modo
1022 3056 1074 3098 ex-

57 3129 153 3187 ollere
167 3128 324 3199 iacentem,
347 3127 401 3186 sed
418 3125 508 3186 etium
522 3125 707 3198 amplificare
724 3125 790 3184 eius
809 3125 965 3199 pristinam
979 3120 1075 3196 digni·
1110 3154 1116 3162 «

56 3218 152 3283 atem,
174 3210 249 3270 llaec
269 3208 320 3284 qui
338 3209 423 3277 lacit,
446 3223 505 3267 non
520 3223 577 3280 ego
594 3223 663 3267 cum
678 3222 747 3269 cum
768 3206 893 3266 summis
909 3205 981 3264 viris
993 3220 1074 3264 com·

56 3309 138 3365 raro,
153 3294 210 3352 sed
226 3290 406 3352 simillimum
421 3290 480 3350 deo
498 3288 608 3350 iudico.
652 3287 682 3348 9.
698 3290 812 3364 ltaque,
829 3288 860 3349 C.
876 3289 995 3359 caesar,
1012 3287 1074 3346 bel·

56 3376 122 3435 icae
134 3383 204 3434 tuac
215 3375 322 3434 laudes
334 3373 565 3435 celebrabuntur
574 3372 644 3431 illae
656 3371 854 3446 quidemnon
866 3370 941 3430 solis
952 3371 1075 3440 nostris,

208 3646 215 3681 l
