2356 3854
362 206 445 268 CAP-
462 219 591 272 12-15.
614 218 639 277 S.
655 219 786 275 ³3—4a.
1051 209 1090 273 ll

70 355 147 428 uitia,
168 364 203 416 ut
226 356 252 416 si
274 358 396 431 quando
415 359 548 419 auditum
567 361 620 433 sit,
642 363 772 435 portenti
790 381 826 423 ac
847 365 976 440 prodigii
992 365 1089 426 simile

70 447 250 511 inmeretur,
292 438 403 514 quibus
430 443 551 501 tandem
576 450 632 515 tu,
650 444 681 502 C.
701 445 791 504 Eruci
799 472 808 517 ,·
833 448 1016 520 argumentis
1038 465 1089 507 ac-

70 530 236 582 cusatorem
259 524 431 592 censesnti
457 532 622 598 oporteret
653 525 759 586 Nonne
781 537 810 587 et
830 530 990 589 audaciam
1012 533 1087 603 eius,

71 603 116 678 qui
134 603 163 662 in
180 605 295 664 crimen
310 614 449 678 vocetur,
471 607 653 681 singularem
669 610 830 669 ostendere
844 621 873 672 et
889 629 990 672 mores
1006 614 1087 672 leros

71 687 285 760 immanemque
305 697 441 748 naturam
467 696 496 749 et
519 690 610 749 vitam
630 690 711 751 vitiis
737 691 921 768 flagitiisque
947 695 1086 754 omnibus

73 768 192 829 deditam
203 778 234 830 et
247 770 430 846 [addictam]
443 771 575 845 denique
588 772 688 831 omnia
699 774 737 832 ad
748 774 911 848 perniciem
927 776 1087 851 profligata

72 860 152 927 atque
163 852 305 927 perdita?
339 853 471 926 Quomm
494 863 524 913 tu
546 854 619 913 nihil
639 854 670 914 in
692 855 765 914 Sex.
784 858 928 916 Roscium
947 875 985 917 ne
1013 859 1089 918 obii-

73 934 160 994 ciendi
175 935 300 1010 quidem
315 953 409 995 causa
424 937 586 996 contulisti.
1108 939 1112 947 '

143 1019 224 1076 xlv.
247 1016 298 1078 39.
329 1018 446 1078 Patrem
473 1018 584 1078 occidit
610 1019 681 1080 Sex.
708 1021 849 1080 Roscius.
894 1022 949 1094 Qui
974 1023 1087 1083 homor
1148 1037 1155 1048 “

72 1101 318 1161 adolescentulus
331 1111 491 1176 corruptus
503 1111 533 1161 et
544 1103 581 1160 ab
593 1102 765 1162 hominibus
778 1121 907 1177 nequam
923 1105 1088 1165 inductus?

72 1199 159 1242 annos
178 1192 268 1244 natus
282 1183 386 1243 maior
407 1184 615 1259 quadraginta.
656 1188 753 1246 Vetus
781 1187 923 1248 videlicet
947 1188 1084 1261 sicarius,

70 1265 153 1325 homo
166 1267 270 1326 audax
292 1275 322 1326 et
336 1283 430 1342 saepe
443 1267 474 1326 in
492 1268 586 1327 caede
602 1276 751 1328 versatus.
781 1272 821 1328 At
833 1269 890 1330 hoc
907 1272 944 1329 ab
960 1286 1086 1330 accusa-

70 1357 127 1409 tore
140 1366 178 1408 ne
193 1347 254 1408 diei
270 1348 391 1424 quidem
406 1350 543 1410 audistis.
567 1351 717 1411 Luxuries
732 1351 820 1424 igitur
834 1352 986 1412 hominem
1001 1354 1085 1413 nimi-

70 1448 126 1492 rum
147 1439 177 1493 ct
198 1431 279 1491 aeris
299 1432 389 1491 alieni
409 1433 583 1508 magnitudo
606 1443 636 1493 et
656 1434 818 1494 indomitae
834 1434 923 1495 animi
938 1437 1086 1510 cupidita-

70 1524 107 1575 tes
125 1515 240 1574 adhoc
262 1517 362 1574 scelus
379 1515 581 1590 impulerunt?
600 1514 650 1576 ile
665 1516 784 1576 luxuria
797 1518 937 1592 purgavit
947 1519 1084 1591 Erucius,

70 1615 153 1672 quum
169 1596 246 1657 dixit
259 1597 339 1657 hunc
354 1615 392 1657 ne
409 1599 440 1658 in
456 1598 596 1660 convivio
613 1599 735 1674 quidem
747 1601 807 1660 ullo
822 1603 885 1660 fere
901 1601 1084 1660 interfuisse.

70 1681 137 1741 linit
158 1689 260 1741 autem
275 1697 416 1755 umquam
439 1681 550 1742 debuit.
594 1682 778 1756 Cupiditates
800 1699 891 1756 porro
914 1700 992 1755 quae
1013 1700 1085 1756 pos-

70 1773 129 1824 sunt
146 1780 220 1824 esse
232 1763 263 1823 in
280 1780 332 1834 eo,
350 1763 417 1839 qui,
438 1773 472 1824 ut
486 1764 553 1838 ipse
569 1772 728 1824 accusator
744 1764 868 1834 obiecit,
886 1765 947 1822 ruri
964 1780 1085 1836 semper

70 1846 202 1908 rabitarit
223 1854 254 1906 et
273 1846 303 1905 in
319 1864 392 1920 agro
408 1848 536 1906 colendo
557 1845 680 1915 vixerit,
706 1862 785 1919 quae
804 1846 867 1904 vita
881 1847 1009 1904 maxime
1024 1845 1085 1904 dis-

71 1939 161 1991 unctc
177 1946 196 1989 a
211 1930 376 2004 cupiditate
391 1937 437 1989 est
458 1938 572 1989 etcum
594 1927 695 1988 officio
713 1928 893 1988 coniuncta?
929 1927 980 1988 40.
1003 1928 1085 2000 Quae

70 2030 108 2073 *es
124 2012 216 2087 igitur
230 2021 343 2073 tantum
359 2013 449 2072 istum
466 2014 595 2072 furorem
613 2011 683 2071 Sex.
698 2012 811 2072 Roscio
835 2011 966 2072 obiecit?
995 2011 1083 2082 Patri,

70 2095 166 2171 nquit,
179 2112 240 2156 non
254 2096 402 2171 placebat.
421 2096 509 2174 [Patri
524 2112 584 2154 non
599 2095 738 2171 placebat
744 2102 769 2167 t]
782 2095 876 2168 Quam
889 2097 928 2154 ob
941 2101 1085 2155 causam?

70 2180 195 2240 lacesse
213 2187 260 2239 est
273 2179 354 2238 enim
376 2196 443 2239 eam
459 2195 581 2254 quoque
593 2178 702 2238 iustam
722 2188 753 2239 et
767 2196 906 2253 magnam
921 2188 950 2239 et
967 2178 1084 2253 perspi-

70 2279 148 2322 :uam
164 2261 270 2322 luisse.
302 2262 377 2320 Nam
398 2261 518 2322 utillud
533 2261 708 2321 incredibile
726 2270 787 2333 est,
809 2270 934 2322 mortem
954 2261 1084 2319 oblatam

70 2361 131 2406 isse
152 2344 232 2424 patri
253 2361 272 2404 a
293 2345 355 2405 filio
379 2344 444 2407 sine
461 2344 597 2419 plurimis
620 2353 650 2404 et
671 2345 810 2404 maximis
825 2345 942 2416 causis,
966 2341 1010 2402 sie
1025 2342 1084 2400 lroc

70 2427 122 2488 reri
138 2427 236 2487 simile
248 2444 307 2488 non
321 2436 381 2501 est,
394 2429 465 2487 odio
478 2427 572 2488 fuisse
585 2427 700 2502 parenti
715 2428 806 2486 filium
820 2427 884 2487 sine
897 2425 998 2486 causis
1010 2426 1084 2484 mul-

70 2510 96 2570 is
118 2519 149 2570 et
169 2511 288 2585 magnis
309 2520 338 2571 et
358 2510 550 2570 necessariis.
591 2509 641 2570 41.
663 2512 781 2569 Rursus
803 2509 891 2584 igitur
912 2512 1019 2570 eodem
1037 2526 1083 2566 re-

70 2601 212 2653 rertamnr
227 2602 256 2654 ct
268 2610 449 2669 quaeramus
465 2610 544 2668 quae
557 2600 640 2653 tanta
656 2593 726 2652 vitia
746 2593 855 2653 luerint
869 2594 899 2652 in
914 2593 1004 2652 unico
1022 2591 1082 2650 lilio

70 2693 155 2750 [uare
168 2676 196 2735 is
211 2677 289 2751 patri
304 2676 488 2750 displiceret.
523 2678 564 2736 At
578 2677 772 2751 perspicuum
787 2685 833 2737 est
848 2678 960 2737 nullum
977 2674 1082 2734 luisse.

70 2761 146 2819 'ater
163 2759 254 2833 igitur
271 2775 376 2819 amens
398 2759 449 2833 qui
466 2759 583 2819 odisset
597 2776 665 2818 eum
682 2759 747 2818 sine
768 2776 876 2831 causa,
903 2775 993 2834 quem
1014 2774 1083 2830 pro-

70 2848 185 2901 :rearat
223 2844 264 2902 m
284 2842 311 2902 is
335 2841 457 2915 quidem
477 2842 532 2902 luit
547 2843 678 2902 omnium
694 2842 968 2903 constantissimus.
1003 2839 1092 2909 Ergo*

70 2926 132 2985 llud
151 2925 211 2983 iarn
230 2924 427 3000 perspicuum
449 2926 585 2999 prolecto
608 2933 670 2997 est,
693 2925 720 2984 si
739 2941 839 3000 neque
865 2940 969 2982 amens
982 2941 984 2945 ·
998 2927 1084 2993 pater

70 3024 160 3082 teque
175 3007 312 3082 perditus
327 3007 408 3068 iilius
425 3007 527 3080 luerit,
556 3023 656 3080 neque
674 3007 736 3067 odii
752 3024 875 3066 causam
892 3002 969 3078 patri
984 3018 1083 3076 neque

70 3089 185 3151 celeris
204 3090 268 3159 lilio
292 3089 397 3151 luisse.
432 3090 496 3148 XV.
518 3086 569 3149 42.
591 3091 716 3159 Nescio,
743 3088 855 3163 inquit,
885 3102 964 3159 quae
989 3088 1084 3145 causa

70 3173 120 3233 dii
140 3173 244 3235 luerit:
266 3173 362 3235 luisse
382 3173 485 3255 odium
502 3171 650 3246 intelligo,
673 3171 744 3245 quia
765 3181 868 3241 antea,
890 3186 983 3243 quum
1004 3169 1082 3229 dbos

70 3256 138 3316 ilios
152 3256 295 3329 baberet,
315 3256 399 3325 illum
420 3256 562 3324 alterum,
584 3252 636 3326 qui
650 3260 786 3312 mortuus
800 3261 861 3323 est,
883 3268 987 3313 secum
1001 3251 1083 3312 omni

70 3355 196 3415 empore
215 3339 339 3399 volebat
364 3352 449 3409 esse,
475 3337 556 3394 bunc
580 3334 610 3392 in
635 3333 761 3408 praedia
786 3334 899 3417 rustica
924 3339 1081 3410 relegarat.

70 3423 146 3495 ‚ruod
167 3420 277 3481 Erucio
302 3420 461 3480 accidebat
481 3418 512 3478 in
534 3419 613 3476 mala
634 3416 855 3496 nugatoriaque
875 3417 1081 3486 accusatione,
