2356 3854
124 168 191 231 ³⁹4
417 168 494 227 Prto
508 169 544 240 Q.
559 169 717 229 LIGARIO
732 169 885 239 ortano.

125 318 260 397 queritis
273 318 415 377 exsilium
431 318 481 378 his
496 328 545 377 cst
558 322 692 393 optatius
705 334 797 393 quum
811 318 921 389 patria,
934 336 1030 391 qnam
1043 318 1146 389 domus,

125 420 217 477 quam
231 401 264 459 di
279 412 423 474 penates,
443 418 507 460 uno
521 402 574 460 illo
588 406 757 461 exsulante
799 400 833 459 Si
851 402 1005 471 fraterne,
1019 401 1048 460 si
1062 400 1147 473 presi

124 501 193 544 curn
220 485 329 543 dolore
357 484 486 556 iaciunt,
515 495 659 544 moneant
676 496 707 544 te
726 485 833 543 horum
852 485 1019 553 lacrimae,
1045 493 1147 542 moreat

123 568 239 642 pietas,
259 578 383 626 moreat
400 568 600 641 germanitas:
622 570 721 627 valeat
739 578 791 626 tna
811 583 876 624 vox
896 567 968 637 illa,
990 583 1072 641 qnae
1084 566 1146 625 ricit

122 652 166 710 'le
186 649 267 708 enim
288 651 392 709 dicere
410 651 611 710 audiebamus
630 669 689 710 nos
702 667 809 709 omnes
821 650 1028 709 adversarios
1048 658 1145 723 putare

121 732 182 791 nisi
202 733 255 806 qui
274 732 434 792 uobiscum
455 744 576 793 essent=
597 743 627 792 te
650 750 773 799 omnes,
796 734 851 806 qui
863 743 976 792 contr-u
991 744 1023 792 te
1038 749 1146 792 nones
1173 744 1176 783 ι

121 824 201 885 seut,
219 826 299 875 tuos.
342 816 481 875 Videsne
494 818 584 890 igitur
597 816 678 875 hunc
691 817 887 890 splendorem
905 818 1063 885 omnium,
1082 816 1144 874 hanc

120 897 330 957 Brocchorum
350 900 489 970 domum,
509 899 590 957 hunc
611 900 645 957 Ι..
663 900 825 969 llareium,
852 899 886 957 c.
908 900 1097 969 Caesarium,
1118 898 1143 955 Ι.

121 980 302 1052 Corfidium,
322 980 381 1040 hos
400 998 510 1040 omnes
530 982 651 1055 equites
670 984 841 1049 Romanos,
861 982 920 1054 qui
938 972 1063 1041 adsoni
1076 988 1141 1039 resto

121 1072 249 1134 mutata,
270 1080 332 1121 oon
350 1066 450 1123 solum
470 1074 561 1125 notos
580 1065 648 1135 tibi,
669 1083 775 1124 rerum
794 1069 886 1123 etiam
903 1065 1057 1138 probatos
1070 1065 1138 1131 virus,

120 1145 172 1217 qui
194 1156 294 1204 tecum
317 1147 460 1205 luerunt?
478 1150 580 1221 Atque
599 1148 648 1207 his
662 1148 877 1212 irascebamur,
899 1148 962 1207 hos
984 1147 1137 1219 requirere

119 1242 204 1297 mus,
228 1227 277 1286 hir
299 1244 360 1286 norr
380 1230 454 1288 nulli
467 1231 557 1288 etiam
573 1231 772 1289 minabantur.
816 1231 979 1289 conserva
997 1232 1084 1304 igitur
1095 1229 1134 1287 uts

119 1324 210 1378 suos,
230 1318 278 1379 ut,
303 1313 445 1382 quemad
459 1314 582 1371 modum
596 1323 725 1385 caetera,
740 1328 821 1386 quae
834 1313 918 1371 dicta
934 1324 1012 1373 sunt
1028 1333 1046 1372 a
1061 1324 1093 1381 te,
1104 1310 1134 1369 sit

118 1389 178 1447 lroc
200 1390 391 1450 verissimum
411 1395 589 1468 reperiatur.
630 1396 694 1454 ΧΠ.
714 1394 766 1455 34.
788 1395 877 1467 Quod
899 1395 929 1454 si
952 1399 1074 1469 penitus
1087 1408 1132 1468 pel·
1171 1422 1174 1462 ;

119 1470 246 1544 spicere
260 1488 373 1546 posses
388 1477 582 1536 concordiam
594 1479 791 1553 ligariornm,
803 1494 913 1537 omnes
929 1481 1044 1538 iratres
1059 1488 1130 1536 tecm
1166 1470 1168 1487 '

118 1552 273 1613 iudicares
294 1557 400 1615 luisse.
441 1562 490 1617 An
510 1569 613 1633 potest
632 1562 794 1636 quisquam
807 1560 951 1619 dubitare
968 1563 1058 1636 quin,
1076 1559 1097 1617 si
1108 1556 1129 1628 Q·

116 1634 254 1708 Ligarius
274 1638 306 1695 in
320 1639 406 1698 ltalia
428 1658 500 1701 esse
522 1644 690 1716 potuisset,
706 1644 860 1702 incudem
875 1645 1035 1704 sententia
1050 1642 1130 1702 miser
1166 1716 1171 1725 .

116 1720 251 1791 iuturus,
271 1720 302 1779 in
318 1739 378 1795 qua
396 1724 504 1785 iratres
519 1728 660 1786 luerunt?
678 1727 752 1798 Quis
765 1735 814 1785 est
828 1725 881 1798 qui
898 1726 1012 1786 horum
1027 1739 1129 1785 consen·
1166 1748 1171 1815 ἢ·

116 1804 184 1859 sum
199 1805 422 1876 conspirantem
437 1817 468 1866 et
483 1824 582 1881 paene
596 1809 759 1868 conflatum
781 1808 812 1866 in
829 1808 890 1867 hac
903 1825 1009 1883 prope
1023 1802 1129 1881 aequali·
1167 1810 1172 1839 ι

114 1891 177 1941 tate
190 1885 322 1945 fraterno
336 1904 397 1947 noo
414 1891 556 1949 noverria
569 1892 621 1964 qui
638 1893 697 1950 hoc
712 1909 773 1951 non
789 1891 911 1960 sentiat,
926 1893 1055 1966 quidvis
1069 1889 1129 1964 prius

114 1965 248 2024 loturum
263 1970 372 2039 luisse,
395 1988 485 2044 quam
504 1981 538 2032 ut
551 1974 581 2031 lri
596 1976 704 2033 iratres
717 1976 857 2034 diversas
872 1978 1047 2034 sententias
1062 1976 1128 2031 lortu

114 2060 235 2119 uosque
254 2061 476 2124 sequerentur?
494 2055 657 2115 voluntate
671 2058 761 2129 igitur
772 2073 880 2116 omues
897 2066 1002 2116 tecum
1020 2060 1130 2116 luemus

112 2134 296 2203 tempestate
311 2134 456 2209 abreptus
470 2145 518 2196 est
531 2155 626 2210 unus,
647 2141 699 2210 qni
713 2140 742 2198 si
756 2139 886 2198 oonsilio
902 2140 934 2198 id
955 2141 1087 2207 lecisset,
1098 2151 1130 2193 ιι

113 2219 161 2270 set
174 2228 280 2272 eorum
295 2216 417 2289 similis,
441 2236 520 2291 quos
540 2228 573 2279 tu
599 2230 697 2279 tamen
711 2224 816 2281 salvos
832 2214 907 2280 esse
922 2224 1060 2282 voluisti.
1096 2216 1132 2279 tl

113 2292 174 2350 Sed
190 2294 257 2354 ierit
267 2298 305 2355 ad
318 2297 437 2371 bellum,
456 2300 639 2362 dissenserit
653 2320 714 2363 nort
729 2320 748 2362 a
763 2314 793 2363 te
808 2305 922 2381 solum,
939 2304 1132 2366 verumetiam

112 2375 301 2437 omuibus:
323 2381 354 2439 hi
376 2391 405 2441 te
425 2393 513 2444 orant
532 2385 583 2443 tui.
626 2385 793 2458 Equidem,
813 2404 910 2460 quum
932 2389 998 2448 tuis
1014 2386 1132 2447 omnibus

111 2457 249 2526 negociis
267 2461 455 2536 interessem,
466 2467 612 2526 memoria
632 2477 722 2526 terreo
735 2468 836 2542 qualis
850 2467 885 2527 T.
899 2469 1047 2544 Ligarius
1062 2480 1133 2542 quae·

111 2544 176 2594 stor
188 2539 323 2600 urbanus
341 2545 429 2603 luerit
442 2564 514 2620 erga
528 2558 557 2607 te
571 2558 602 2609 et
620 2549 794 2623 dignitatem
818 2559 916 2610 tuam.
964 2553 1029 2612 Sed
1049 2562 1134 2626 pamm

110 2625 158 2675 est
175 2633 225 2714 me
239 2620 297 2716 lroc
312 2623 499 2695 meminisse,
513 2647 606 2703 spero
621 2631 710 2691 etiam
726 2641 765 2701 le,
782 2634 835 2706 qui
849 2634 1001 2694 oblivisci
1017 2635 1084 2693 nihil
1098 2647 1132 2689 so

108 2699 154 2757 les
169 2715 227 2794 rust
241 2705 380 2778 rniurias,
402 2711 542 2782 quoniam
565 2713 623 2772 hoc
638 2723 685 2773 est
698 2714 806 2785 animi,
828 2718 984 2790 quonium
1007 2719 1090 2778 etium
1101 2715 1133 2771 in·

109 2797 190 2876 germ
204 2783 255 2857 tui,
271 2795 301 2844 te
317 2788 432 2861 aliquid
447 2793 485 2850 de
500 2793 590 2853 huius
605 2796 656 2853 illo
673 2797 854 2869 quaestorio
869 2800 993 2873 officio,
1008 2800 1093 2861 etium
1105 2795 1134 2852 dt

107 2864 372 2959 olrrslquibusdom
387 2877 600 2945 quaestoribus
615 2879 872 2950 reminiscentem,
888 2882 1064 2943 recordari.
1094 2875 1131 2937 lit

106 2942 162 3002 Hrc
179 2948 268 3043 rqitur
283 2953 315 3009 T.
330 2952 477 3027 Ligarius,
493 2958 620 3032 quitum
638 2961 708 3017 nihil
724 2961 785 3033 egit
795 2961 883 3022 atiud
894 2994 942 3008 ·—
956 2981 1060 3038 neque
1070 2958 1130 3021 enin

107 3021 183 3118 liaeo
199 3030 353 3093 drvmabot
370 3068 423 3107 —‚
445 3039 503 3097 nisi
523 3047 555 3099 ut
575 3057 643 3099 eum
664 3043 835 3103 studiosum
857 3054 891 3105 et
915 3047 1038 3106 bonum
1056 3044 1127 3102 virtu

107 3105 271 3203 remeares,
281 3131 390 3175 nuncu
403 3127 432 3178 te
444 3122 574 3194 supplex
587 3124 686 3184 fratris
700 3126 827 3184 sulutem
844 3128 943 3200 petita
958 3146 1050 3203 quam
1061 3123 1125 3184 tulus

107 3181 275 3250 admonitus
299 3198 400 3257 olflcio
423 3218 515 3275 quum
538 3204 675 3278 utrisque
701 3205 748 3263 his
761 3207 921 3283 dederis,
950 3220 1016 3270 tres
1043 3213 1124 3265 frans

107 3261 237 3356 wilmus
252 3282 281 3332 et
294 3274 504 3352 integerrimos
519 3300 580 3343 oon
594 3288 693 3345 solum
708 3286 765 3344 sibi
787 3287 882 3360 ipsos
907 3308 1016 3364 neque
1036 3290 1078 3346 his
1095 3287 1123 3340 ιιι

106 3352 144 3394 uc
163 3343 272 3408 talrlrus
292 3355 365 3416 viris
386 3376 486 3434 neque
505 3365 593 3424 nobis
608 3367 791 3427 necessariis
806 3369 895 3440 suis,
918 3374 980 3431 sed
1000 3371 1119 3430 etiarnml

203 3578 253 3587 ..ι-.-
