2356 3854
267 169 350 228 cnr.
364 177 497 234 ao-aa
520 178 546 240 s.
560 155 708 235 aa—ae.'
934 172 999 239 aee

81 317 257 393 amentiam,
275 327 308 380 ut
324 320 389 380 sine
404 299 596 394 imaginibus,
612 321 681 384 elue
696 334 786 387 cantu
800 294 893 401 utque
909 329 998 403 ludis,

70 401 213 476 xsequiis,
226 402 293 463 sine
311 403 458 476 lamentis,
475 404 542 463 sine
553 405 787 480 laudationibus,
803 409 868 471 sine
881 411 997 484 lunera,
1065 416 1072 436 ⁸

70 504 75 543 r
91 501 200 546 cruore
212 494 243 546 et
255 488 328 559 luto,
344 485 585 561 spoliatusillius
597 490 732 563 supremi
744 491 997 567 dieicelebritate,

70 571 140 628 dere
156 568 246 631 etiam
257 569 370 629 inimici
385 571 498 642 solent,
521 570 728 633 ambureretur
741 575 888 635 abiectus.
932 577 998 639 Non

76 653 169 713 oredo
185 653 231 713 las
247 652 482 714 clarissimorum
494 652 627 713 virorum
642 655 756 717 formas
771 656 812 716 illi
828 659 997 721 taeterrimo
1058 650 1061 655 ’

70 735 136 796 idae
150 735 264 810 aliquid
281 735 403 796 decoris
419 737 553 812 adferre,
571 752 674 813 neque
687 739 749 798 ullo
765 739 794 798 in
808 740 876 800 loco
894 743 998 815 polius

70 837 92 878 n
108 818 175 878 eius
190 819 317 880 lacerari
334 828 425 894 quam
441 819 472 879 in
489 836 550 893 quo
566 828 651 881 esset
666 819 728 880 vila
743 822 896 905 damnata.¹

70 945 76 959 .
92 905 192 976 Dura,
207 903 327 963 medius
340 903 439 975 fidius,
455 903 528 963 mihi
541 902 601 971 iem
615 905 735 964 lonuna
750 905 858 980 populi
870 909 998 969 Romani

70 986 145 1045 detis
161 985 335 1059 videbatur,
352 1000 432 1060 quae
451 995 494 1047 tot
509 1003 606 1047 annos
621 986 704 1047 illum
723 988 753 1047 in
768 988 846 1048 hanc
862 1007 925 1050 rem
942 1008 996 1065 pu-

70 1088 75 1126 ι
103 1069 248 1129 insultare
275 1077 437 1147 pateretur.
487 1070 638 1130 Polluerat
658 1079 763 1145 stupro
787 1070 996 1134 sanctissimas

70 1168 143 1221 nes,
166 1161 290 1212 senatus
307 1151 489 1227 gravissima
503 1153 625 1213 decreta
647 1156 848 1228 perfregerat,
867 1157 997 1230 pecunia
1036 1172 1041 1181 ·

70 1234 199 1295 idioibus
216 1237 316 1309 palam
332 1235 518 1307 redemerat,
543 1246 668 1297 vexarat
687 1237 716 1297 in
739 1239 888 1301 tribunatu
909 1257 997 1300 sena-

70 1317 194 1378 omnium
216 1317 355 1378 ordinum
371 1318 525 1380 consensu
540 1335 596 1393 pro
613 1321 710 1381 salute
729 1322 773 1381 rei
789 1323 930 1396 publicae
946 1339 997 1399 ge·

70 1400 206 1471 sciderat,
224 1417 272 1460 me
288 1402 384 1476 patria
399 1405 572 1478 expulerat,
586 1404 669 1464 bona
683 1403 858 1480 diripuerat,
874 1408 996 1484 domum

70 1483 155 1557 leret,
174 1483 303 1556 liberos,
326 1487 485 1562 coniugem
506 1502 602 1546 meam
624 1497 758 1560 vexarat,
783 1489 834 1548 cn.
849 1489 995 1565 Pompeio

70 1585 112 1626 rm
123 1568 234 1627 bellum
245 1568 402 1640 indixerat,
422 1570 648 1643 magistratuum
665 1571 912 1646 privatorumque
928 1589 997 1631 oae-

70 1649 192 1722 iecerat,
210 1652 333 1711 domum
354 1652 413 1712 mei
434 1651 534 1711 fratris
554 1654 744 1726 incenderat,
757 1663 891 1714 vastarat
911 1656 997 1715 Etru·

70 1736 175 1794 multos
194 1734 319 1794 sedibus
333 1751 370 1793 ao
386 1735 514 1794 fortunis
531 1734 676 1794 eiecerat:
692 1737 842 1815 instabat,
855 1738 996 1809 urgebat:

70 1835 75 1872 ι
96 1816 162 1877 eius
180 1817 339 1877 amentiam
360 1817 483 1889 civitas,
498 1817 596 1889 Italia,
611 1817 801 1891 provinciae,
826 1834 921 1891 regna
935 1835 996 1877 non
1088 1840 1091 1846 ·

72 1909 119 1959 nt:
144 1900 353 1961 incidebantur
367 1903 427 1960 iam
441 1898 523 1959 domi
537 1901 636 1974 leges,
661 1916 740 1973 quae
755 1917 812 1960 nos
829 1901 928 1960 servis
944 1918 997 1961 no-

70 1984 238 2044 ddicerent=
253 1983 327 2043 nihil
341 1993 406 2044 erat
421 1983 610 2056 cuiusquam,
626 1984 709 2058 quod
725 1983 847 2058 quidem
863 1984 912 2063 ille
925 1986 997 2043 ada-

70 2074 94 2141 t,
118 2069 200 2142 quod
216 2084 276 2127 non
292 2069 351 2129 lroc
365 2084 445 2128 anno
463 2083 552 2127 suum
570 2068 634 2126 iore
649 2073 778 2141 putaret.
822 2066 872 2130 88.
890 2068 995 2127 Obsta-

70 2168 96 2210 ιε
111 2150 345 2226 cogitationibus
362 2167 450 2212 nemo
466 2152 587 2225 praeter'
600 2149 753 2211 Milonem.
786 2152 870 2210 lllum
886 2151 996 2226 ipsum,

77 2243 156 2294 stare
173 2242 304 2308 poterat,
321 2252 401 2296 novo
420 2233 518 2294 reditu
535 2234 704 2310 ingratiam
718 2234 806 2310 quasi
824 2234 997 2306 devinctum

70 2314 996 2400 ,baturacaesarispotentiamsuampotentiamessedicebatr

70 2419 113 2460 rm
121 2401 276 2462 animosin
284 2419 352 2463 meo
361 2419 434 2463 casu
443 2409 667 2475 contempserat
675 2424 682 2455 ι
691 2401 766 2459 lllilo
775 2418 853 2460 unus
861 2401 997 2474 urgebat
1010 2425 1013 2430 ·

70 2485 158 2543 [Xlll.
179 2484 235 2544 Hic
257 2485 505 2556 ditimmortales,
525 2493 559 2545 ut
579 2501 673 2558 supra
694 2483 775 2556 dixi,
802 2491 930 2543 mentem
955 2482 997 2543 illi
1054 2483 1060 2497 '

70 2585 83 2624 a
100 2585 136 2626 ac
152 2567 267 2627 furioso
281 2569 443 2641 dederunt,
467 2576 499 2629 ut
513 2568 582 2628 huic
597 2569 710 2628 iaceret
724 2566 862 2628 insidias.
900 2567 997 2627 Aliter

80 2650 175 2725 pestis
191 2652 241 2710 illa
256 2667 316 2711 non
331 2652 444 2726 potuit:
461 2669 625 2725 numquam
641 2651 723 2712 illum
738 2667 789 2712 res
806 2651 926 2726 publica
939 2666 995 2710 suo

70 2744 133 2794 sset
146 2736 218 2793 ulta.
254 2733 400 2807 Senatus,
415 2737 518 2806 credo,
534 2745 702 2809 praetorem
718 2751 787 2796 eum
806 2732 996 2794 circumscri-

70 2827 89 2877 t.
102 2815 146 2876 Ne
166 2834 258 2891 quum
274 2818 392 2877 solebat
408 2817 529 2891 quidem
544 2818 576 2875 id
591 2819 699 2889 lacere,
714 2819 744 2877 in
756 2817 874 2892 privato
887 2816 996 2874 eodem

70 2900 153 2976 iquid
176 2903 356 2973 proiecerat.
400 2899 450 2960 89.
471 2901 518 2959 An
544 2902 688 2960 consules
710 2901 741 2959 in
757 2908 901 2973 praetore
913 2899 996 2955 co'er-

77 2986 171 3043 lortes
187 2982 336 3044 luissent?
355 2982 485 3042 Primum
500 2982 613 3043 Milone
627 2982 732 3043 occiso
747 2981 905 3041 habuisset
922 2994 997 3038 suros

70 3070 127 3127 les:
156 3066 267 3125 deinde
290 3067 360 3142 quis
377 3068 418 3144 ,in
446 3082 483 3126 eo
507 3073 645 3140 praetore
667 3065 775 3123 consul
796 3061 883 3123 lortis
904 3068 996 3136 esset,

70 3167 128 3211 rem
140 3150 292 3209 tribunum
306 3149 444 3211 virtutem
461 3148 652 3209 consularem
666 3144 876 3208 crudelissime
905 3159 995 3202 vexa-

70 3250 111 3294 rse
131 3231 338 3293 meminisset?
362 3231 576 3307 oppressisset
590 3230 698 3302 omnia,
716 3228 897 3304 possideret,
912 3235 995 3288 tene-

70 3334 118 3392 ege
133 3332 228 3390 nova,
252 3333 331 3390 quae
346 3325 393 3378 est
407 3314 531 3375 inventa
544 3315 627 3387 apud
641 3330 709 3373 eum
727 3327 795 3371 cum
810 3310 936 3384 reliquis
952 3312 995 3371 le-

77 3400 247 3472 clodianis,
276 3415 387 3462 servos
404 3406 529 3463 nostros
546 3397 671 3459 libertos
688 3412 764 3459 suos
779 3395 918 3455 iecisset:
940 3410 995 3468 po·

70 3494 91 3537 u.
110 3496 199 3538 onir.
744 3469 785 3534 al

946 3554 1060 3673 „a
