2356 3854
341 163 422 228 chr.
442 154 574 231 tt-re'.
596 171 622 234 t.
643 174 771 232 ca—sr.
1027 169 1068 234 ot
1160 209 1173 251 ,-

72 307 190 380 iperent
205 307 301 369 oeulis
315 320 406 382 quam
420 312 552 386 populus
566 311 730 371 Romanus.
760 314 820 373 iste
834 313 909 388 petit
921 332 940 376 a
952 332 1025 392 rege
1040 328 1069 381 et
1160 304 1163 309 ⁸

70 405 120 448 :um
138 390 274 462 pluribus
288 389 389 450 verbis
403 401 503 467 rogat,
518 402 550 454 ut
564 393 594 453 id
608 395 646 453 ad
663 409 697 454 se
712 395 820 457 mittat:
842 412 953 470 cupere
969 416 1004 470 se
1023 402 1066 460 di·

70 471 95 530 :it
117 471 270 545 inspicere
296 489 396 547 neque
419 490 453 535 se
473 474 540 535 eliis
557 476 681 537 videndi
694 487 872 552 potestatem
888 496 958 539 esse
973 483 1066 543 lactu·

70 570 127 612 um.
151 552 206 615 65.
236 554 422 627 Antiochus,
451 557 502 631 qui
522 558 626 617 animo'
645 566 675 619 et
695 562 803 635 puerili
823 570 905 621 esset
925 571 954 623 et
972 565 1065 640 regio,

70 635 127 695 lihil
145 638 185 696 de
206 637 294 697 istius
313 637 503 712 improbitate
518 639 692 714 suspicatus
712 650 772 702 est:
795 642 921 717 imperat
942 647 1021 720 suis,
1035 658 1067 709 ut

70 719 91 776 ll
111 720 139 777 in
166 719 350 794 praetorium
375 719 542 782 involutum
567 740 656 796 quam
680 723 883 784 occultissime
907 728 1066 792 deferrent

70 800 120 872 buo
145 809 254 876 postea
270 804 369 876 ”quam
395 806 555 865 attulerunt
574 804 800 880 involucrisque
821 807 940 868 reiectis
956 813 1067 873 consti-

70 891 188 958 luerunt,
206 885 335 946 clamare
349 884 407 944 iste
420 889 535 962 coepit,
548 887 668 962 dignam
681 905 745 948 rem
759 905 829 947 esse
843 906 936 964 regno
949 893 1067 970 Syriae,

70 966 172 1039 dignam
198 967 282 1052 regio
306 984 443 1040 munere,
470 970 590 1044 dignam
616 971 771 1045 Capitolio.
808 971 924 1032 Etenim
945 984 1008 1035 erat
1029 994 1065 1037 eo

70 1050 230 1122 splendore,
250 1048 302 1123 qui
322 1066 362 1109 ex
383 1051 558 1129 clarissimis
578 1063 607 1113 et
629 1053 837 1128 pulcherrimis
851 1057 977 1130 gemmis
996 1075 1066 1118 esse

70 1133 196 1193 tehebat=
220 1148 256 1191 ea
271 1133 415 1207 varietate
430 1150 572 1209 operum,
591 1145 624 1196 ut
638 1153 687 1196 ars
702 1146 817 1197 certare
831 1138 984 1200 videretur
998 1158 1066 1201 cum

70 1214 157 1288 topia:
171 1231 208 1274 ea
223 1215 441 1291 magnitudine,
460 1226 495 1278 ut
507 1217 631 1292 intelligi
644 1227 751 1294 posset
769 1237 831 1279 non
854 1223 893 1281 ad
912 1223 1065 1284 hominum

70 1307 245 1371 tpparatum,
260 1299 316 1357 sed
328 1299 369 1357 ad
381 1299 559 1374 amplissimi
571 1302 674 1376 templi
694 1309 829 1362 ornatum
853 1321 922 1364 esse
946 1308 1064 1368 lactum.

70 1377 151 1449 buum
163 1381 239 1442 satis
255 1379 314 1441 iam
328 1384 525 1456 perspexisse
545 1384 711 1458 videretur,
732 1386 837 1447 tollere
852 1387 1067 1463 incipiunt„ut

70 1464 204 1523 alemant.
236 1464 297 1529 iste
311 1463 353 1524 ait
369 1481 403 1525 se
417 1467 494 1526 velle
509 1467 583 1528 illud
600 1467 691 1529 etiam
703 1476 795 1542 atque
816 1469 905 1529 etiam
925 1471 1061 1533 conside·

70 1562 134 1609 aree
148 1562 341 1625 nequaquam
357 1563 391 1611 se
407 1563 476 1610 esse
492 1551 640 1618 satiatum.
669 1552 755 1611 lubet
769 1551 835 1611 illos
853 1552 1014 1613 discedere
1036 1561 1067 1613 et

70 1631 464 1707 tandelabrumrelinquere.
495 1633 545 1692 Sic
566 1633 608 1692 illi
628 1641 688 1692 tum
706 1633 812 1692 inanes
831 1635 871 1692 ad
883 1636 1065 1696 Antiochum
1129 1650 1131 1655 ·

70 1724 249 1776 evehuntur.

132 1799 236 1860 XXIX.
265 1798 314 1858 66.
342 1799 416 1858 Rex
428 1798 524 1873 primo
548 1796 622 1855 nihil
641 1805 788 1868 metuere,
809 1795 881 1855 nihil
902 1797 1064 1872 suspicari:

70 1879 228 1952 licsunus,
243 1883 331 1952 alter,
349 1882 469 1955 plures:
488 1897 548 1939 non
564 1880 677 1938 reterri.
707 1879 781 1939 'lum
798 1879 896 1953 mittit,
922 1879 948 1939 si
965 1880 1064 1940 videa·

70 1980 114 2036 ur,
126 1973 159 2025 ul
171 1965 287 2023 reddat
317 1965 403 2024 lubet
416 1964 473 2023 iste
487 1960 639 2037 posterius
652 1963 692 2021 ad
706 1978 740 2022 se
754 1963 874 2022 reverti.
904 1962 1010 2022 llllirum
1023 1963 1064 2022 illi

70 2047 157 2106 rideri.
189 2045 277 2107 Mittit
290 2045 412 2106 ilerum:
442 2062 502 2106 non
522 2045 665 2105 redditur.
698 2047 769 2119 Ipse
788 2044 937 2106 hominem
959 2048 1065 2121 appel·

70 2137 208 2204 abrogat
222 2138 255 2189 ut
270 2130 385 2191 reddat.
415 2128 599 2189 Os'hominis
619 2127 829 2204 insignemque
849 2128 1064 2203 impudentiam

70 2212 245 2286 agnoscite..
268 2211 355 2284 Quod
371 2213 474 2284 sciret,
490 2211 573 2286 quod
589 2227 627 2269 ex
641 2210 709 2284 ipso
724 2228 796 2285 rege
818 2212 954 2271 audisset
965 2211 993 2270 in
1010 2211 1063 2270 Ca·

70 2293 158 2366 pitolio
178 2311 249 2356 esse
269 2295 459 2369 ponendum,
485 2295 645 2369 quodlovi
673 2295 786 2368 optimo
813 2293 958 2365 maximo,
981 2294 1064 2366 quod
1088 2352 1091 2357 .

70 2379 167 2451 populo
180 2379 318 2438 Romano
334 2377 448 2439 servari
463 2377 594 2449 videret,
618 2376 650 2435 id
674 2377 731 2437 sibi
750 2385 783 2436 ut
797 2377 935 2447 donaret,
956 2384 1064 2450 rogare

70 2460 362 2521 etvehcmentissime
380 2469 481 2534 petere
496 2459 605 2533 coepit.
640 2458 735 2532 Quum
756 2459 806 2518 ille
821 2475 855 2517 se
869 2466 899 2518 et
919 2458 1064 2533 religione

70 2540 135 2604 lovis
152 2543 309 2618 Capitolini
324 2552 353 2604 et
371 2542 523 2603 hominum
543 2541 764 2603 existimatione
781 2540 919 2616 impediri
942 2542 1063 2614 diceret,

70 2627 138 2697 quod
152 2628 261 2687 multae
277 2626 414 2687 nationes
424 2634 518 2687 testes
533 2626 637 2686 essent
655 2625 733 2685 illius
750 2624 850 2698 operis
868 2641 903 2683 ac
924 2626 1064 2697 muneris,
1108 2692 1112 2697 ‚

70 2705 113 2771 iste
135 2708 248 2769 homini
272 2708 378 2769 minari
399 2708 544 2769 acerrime
566 2707 674 2782 coepit.
704 2707 763 2769 Ubi
782 2707 951 2767 videleum
973 2706 1063 2767 nihilo

70 2791 149 2866 uagis
162 2791 252 2852 minis
267 2808 356 2866 quam
370 2792 511 2867 precibus
533 2790 697 2863 removeri,
716 2799 841 2865 repente
860 2790 1008 2850 hominem
1027 2791 1065 2847 de

70 2875 210 2946 provincia
221 2875 303 2935 iubet
317 2885 386 2936 ante
400 2883 521 2947 noctem
533 2876 696 2934 decedere:
716 2872 757 2935 ait
778 2889 812 2933 se
826 2872 1012 2946 comperisse
1026 2886 1065 2928 ex
1132 2897 1136 2903 ,

70 2955 121 3018 tius
136 2974 231 3032 regno
246 2957 359 3032 piratas
375 2959 414 3017 ad
430 2957 559 3029 Siciliam
575 2973 645 3017 esse
658 2965 811 3029 venturos.
842 2953 893 3015 67.
925 2956 990 3012 Rex
1004 2968 1065 3011 ma·

70 3039 134 3101 dmo
150 3049 300 3103 conventu
312 3039 489 3117 Syracusis,
508 3039 635 3111 inloto,
657 3055 695 3098 ne
717 3040 784 3114 quis
805 3038 882 3096 forte
896 3051 943 3093 me
957 3034 986 3092 in
1009 3033 1066 3094 cri·

70 3123 135 3185 nine
148 3125 281 3185 obscuro
292 3123 408 3185 versari
421 3132 513 3196 atque
525 3123 678 3195 adfingere
691 3120 805 3194 aliquid
822 3117 996 3190 suspicione
1012 3117 1064 3178 ho

70 3205 166 3267 ninum
186 3207 357 3278 arbitretur,
382 3205 410 3265 in
434 3206 514 3278 loro,
535 3204 671 3279 inquam,
693 3199 853 3278 Syracusis
876 3199 954 3261 ilens
975 3211 1065 3275 atque

70 3290 129 3350 leos
145 3289 344 3364 hominesque
361 3295 550 3358 contestans,
572 3288 700 3346 clamare
716 3282 830 3356 coepit,
854 3285 1063 3345 candelabrum

70 3383 165 3434 actum
181 3373 350 3447 egcmmis,
366 3373 447 3446 quod
462 3369 493 3428 in
508 3368 684 3445 Capitolium
697 3367 845 3427 missurus
865 3375 960 3440 esset,
983 3364 1062 3442 quod

835 3441 881 3508 5*

1058 3560 1128 3636 Δ
