2356 3854
384 214 448 264 PER
463 213 572 265 auitos
588 214 737 269 DIGESTA.

216 514 360 575 Antoniani,
379 515 423 577 qui
440 514 465 563 ei
482 514 575 563 dioerm
590 526 618 561 se
636 527 668 562 ex
684 514 727 563 via
742 512 870 578 languere.
908 515 987 566 Anto·

215 583 270 632 nius
285 584 313 632 in
327 592 417 632 senatu
434 583 506 641 dixit,
521 581 570 629 uisi
584 581 689 640 veniret,
708 580 793 631 labros
810 596 838 630 se
851 585 986 634 missurum

217 658 239 701 et
255 652 358 701 domum
374 652 429 701 dus
446 650 651 700 disturbaturum.
677 648 801 699 Postridie
816 652 926 701 Antonio
942 654 987 702 ab·

216 727 284 769 senta
302 718 388 770 Cicero
405 721 433 769 in
451 725 565 768 senatum
583 719 666 776 venit,
683 716 821 779 habuitque
839 721 985 781 orationem,

216 802 278 851 quas
294 788 387 838 dicitnr
399 787 540 850 Philippica
553 788 645 849 prima.
669 783 705 835 Ob
720 800 796 849 quam
809 789 932 837 Antonius
949 790 987 838 ira

215 858 330 906 incensus
348 857 493 906 inimicitias
515 855 539 904 ei
556 854 690 904 denunciat
708 868 814 915 eumque
832 869 857 903 a.
877 856 901 903 d.
918 857 984 906 XIII.

215 923 386 975 tiatorem
408 932 497 974 senatu
518 924 609 973 adesse
632 924 709 973 iubet.
746 923 803 986 lpse
824 922 919 972 interea
941 939 986 989 per

215 993 284 1043 XVII
299 993 355 1043 dies
372 993 400 1043 in
411 992 543 1042 Tiburtino
557 990 681 1055 Scipionis
700 976 862 1040 declamitans
880 992 985 1041 medita-

214 1069 253 1110 tus
269 1063 469 1120 metationem,
489 1075 565 1124 quam
578 1060 644 1109 XIII.
657 1059 711 1108 Kal.
727 1059 781 1110 Oct.
798 1061 824 1107 iu
843 1060 905 1109 aede
922 1059 986 1110 Con·

214 1130 313 1179 cordiae
335 1137 422 1179 eontra
443 1129 587 1180 Ciceronem
607 1127 703 1177 habuit.
740 1127 825 1177 Cicero
847 1129 874 1176 in
897 1136 983 1178 senatu

213 1213 262 1248 non
275 1197 355 1257 affuit,
371 1205 439 1247 metu
452 1198 601 1247 insidiarum
613 1197 645 1247 ab
661 1195 748 1245 amicis
761 1195 912 1260 prohibitus.
931 1199 985 1246 An·

213 1268 273 1317 lonii
298 1280 360 1316 vero
381 1267 489 1317 orationi
510 1265 628 1330 opposuit
649 1264 816 1326 Philippioom
837 1265 983 1325 secundom,

212 1349 261 1385 non
276 1334 389 1385 habitam
406 1335 517 1397 quidem,
536 1334 583 1382 sed
596 1335 632 1383 ita
646 1335 821 1397 conscriptam,
840 1335 913 1396 quasi
929 1349 984 1383 eam

213 1403 277 1453 xm.
295 1403 351 1456 Kal.
374 1402 429 1455 Ost.
451 1405 478 1451 in
499 1409 659 1465 praesentem
683 1403 822 1451 Antonium
843 1401 983 1454 habuisset.

209 1472 334 1522 Extrema
352 1470 466 1522 Octobris
483 1469 574 1521 diebus
595 1477 620 1518 st
640 1483 727 1518 meuse
744 1467 880 1519 Novembri
898 1469 984 1520 Cicero

209 1538 375 1597 Puteolanum
390 1553 466 1588 sunm
481 1546 627 1600 ceterasque
643 1537 717 1588 villas
736 1539 788 1587 obit
806 1538 934 1601 librosque
953 1539 984 1588 de

211 1606 305 1672 Officiis
324 1607 429 1674 perlicit.
464 1608 566 1656 Interim
588 1607 712 1655 Antonius
731 1607 786 1655 Vll.
810 1608 847 1657 ld.
867 1606 920 1658 Oct.
941 1608 984 1656 ob-

109 1688 115 1695 ·
210 1679 277 1727 viam
293 1678 340 1727 ivit
361 1676 504 1741 legionibus
526 1682 644 1737 quattuor
661 1690 675 1723 e
692 1674 840 1724 Macedonia
857 1675 983 1725 redeunti-

62 3248 179 3305 tlte

210 1746 257 1795 bns
273 1758 367 1809 easque
384 1744 433 1794 sibi
450 1742 582 1792 conciliare
598 1743 702 1791 studuit.
737 1743 899 1791 Brundisium
915 1742 984 1790 venit

210 1813 262 1863 vn.
277 1814 315 1865 Id.
330 1812 384 1871 Oct.
404 1810 521 1862 Octavius
538 1820 632 1868 autem,
651 1811 714 1866 sive,
734 1817 761 1857 ut
780 1808 894 1858 Caesaris
912 1809 983 1858 here·

211 1881 286 1932 ditate
305 1882 373 1932 adita
390 1879 573 1935 nominabatur,
592 1878 690 1927 Caesar
708 1874 870 1936 octavianus,
888 1888 984 1927 vetera

211 1965 256 2001 nos
274 1949 390 2001 Caesaris
410 1947 511 2005 excivit,
525 1946 660 2008 multisque
679 1943 734 1994 aliis
754 1946 928 1996 accedentibus
946 1946 984 1994 iu-

210 2029 276 2069 stnrn
290 2021 429 2070 exereitum
443 2016 575 2065 contraxit.
593 2015 680 2064 Paullo
696 2023 754 2080 post
768 2014 881 2081 legiones
895 2014 984 2065 Martia

212 2096 236 2138 et
257 2089 352 2149 Quarta
377 2086 515 2136 Antonium
537 2083 691 2147 reliquerunt
716 2090 741 2132 et
764 2085 797 2134 ad
820 2082 983 2133 Octavianum

211 2158 366 2208 uansisruut.
403 2156 458 2216 Quo
478 2153 566 2202 nuntio
590 2152 666 2202 allato
685 2154 809 2202 Antonius
831 2167 889 2202 oum
912 2166 983 2201 sena-

211 2231 263 2275 tum
279 2226 306 2274 in
319 2223 469 2290 Capitolium
483 2237 506 2270 a.
526 2222 550 2273 d
565 2221 609 2271 IV.
624 2220 679 2272 Kal.
693 2221 753 2271 Dec.
769 2230 895 2280 vocasset,
911 2220 983 2270 valde

243 2293 341 2343 roulsus
358 2292 489 2343 confestim
507 2299 622 2339 senatum
641 2290 736 2339 dimisit
753 2296 777 2338 et
801 2289 937 2355 paludatus
958 2287 983 2336 in

256 2362 317 2411 liam
333 2363 472 2412 citeriorem
490 2359 605 2409 decessit.
642 2357 702 2407 Dec.
721 2358 812 2408 Brutus
830 2365 913 2407 autem
932 2355 983 2405 edi-

212 2440 277 2479 ctnm
294 2431 440 2495 proposuit,
458 2444 508 2492 quo
526 2443 554 2477 se
569 2427 725 2492 provinciam
743 2424 848 2475 Galliam
866 2426 891 2475 in
909 2423 934 2473 S.
953 2424 980 2473 P.

213 2498 241 2558 Q.
259 2498 291 2550 it.
315 2506 440 2563 potestate
461 2504 615 2546 retenturum
637 2493 809 2558 pollicebatur.
847 2493 932 2544 Cicero
949 2492 981 2543 V.

212 2568 249 2617 ld
260 2565 321 2616 Deo.
336 2567 370 2617 ad
386 2566 478 2617 Urbem
495 2566 578 2624 rediit,
596 2578 652 2612 cunr
669 2564 729 2612 novi
741 2565 833 2613 tribuni
848 2564 913 2613 XIII.
927 2561 982 2610 Kal.

211 2636 264 2688 Ian.
287 2643 404 2685 senatum
426 2639 618 2690 convocassent,
642 2633 697 2695 ipse
714 2633 863 2681 sententiam
879 2639 983 2696 rogatus

212 2719 242 2753 sa
259 2704 331 2763 dixit,
348 2719 414 2766 quae
432 2703 578 2768 complexus
596 2707 634 2749 est
653 2699 793 2762 Philippico
811 2702 895 2750 tertia.
921 2698 983 2748 Cen-

209 2773 262 2822 suit
278 2779 363 2822 autem
380 2787 421 2822 res
440 2786 497 2832 eas,
522 2783 586 2834 quas
605 2768 697 2819 Caesar
715 2769 863 2818 adolescens
881 2769 982 2832 egisset,

211 2840 312 2905 publica
329 2843 476 2892 auctoritate
496 2838 688 2898 confirmandas,
708 2836 831 2902 legiones,
853 2852 918 2899 quae
932 2838 984 2884 Au·

212 2910 307 2959 ionium
325 2910 503 2969 deseruissent,
520 2906 670 2966 laudandas,
689 2906 751 2956 Deo.
765 2905 878 2962 Brutum,
898 2904 941 2966 qui
955 2916 984 2950 se

212 2978 320 3028 Antonio
332 2979 359 3027 in
371 2976 453 3028 Gallia
466 2978 609 3033 obiecisset,
622 2975 770 3025 ornandum.
802 2972 865 3023 SCto
880 2973 905 3020 iu
920 2970 984 3019 hanc

212 3048 360 3096 senteutiam
383 3047 449 3097 iacto
467 3044 552 3096 Cicero
581 3045 607 3093 in
625 3043 766 3092 contionem
784 3040 921 3105 productus
938 3052 984 3101 po·

211 3114 280 3179 pulo,
300 3129 366 3178 quaa
384 3122 478 3166 actast
492 3113 591 3164 decreta
605 3117 697 3169 essent,
715 3110 832 3174 exposuit
845 3106 984 3168 Philippica

212 3199 284 3302 &a
320 3252 349 3305 0.
372 3250 461 3303 Weiss
478 3248 575 3306 Pansa,
594 3246 628 3295 A.
648 3245 756 3296 Hirtius.

246 3319 301 3373 Kal.
319 3320 441 3370 Ianuariis
458 3315 574 3367 consules
592 3312 739 3363 rettulerunt
756 3313 788 3362 da
805 3313 922 3371 Antonio,
942 3314 985 3376 qui

212 3388 316 3438 Brutum
332 3388 443 3438 Mutinae
458 3382 666 3435 circumsedebat.
691 3380 804 3444 Cumque
818 3382 877 3432 Piso
893 3381 985 3443 aliique

212 3456 311 3523 legatos
333 3458 367 3506 ad
389 3455 527 3506 Antonium
550 3449 686 3501 mittendos
704 3452 873 3510 censuissent,
898 3448 985 3500 habuit

1019 3237 1055 3292 64
