2356 3854
348 157 429 217 cnr.
447 164 577 218 ar-ao
600 162 626 224 §a
644 166 775 220 sr-su
864 113 870 121 ’
1017 161 1081 227 317

60 314 178 448 renutat,
170 304 402 380 ,providentem
420 315 520 369 autern
535 314 565 367 et
577 315 810 415 praecaventem
822 326 986 387 numquam
998 322 1079 375 certe

60 405 139 450 noue
161 397 225 450 unt.

108 475 159 532 An
178 480 208 532 tc
231 428 283 530 iiia
297 428 474 546 argumenta
491 472 665 532 duxerunto
685 473 851 549 Dubitatis‚
873 474 984 552 iuquit,
1007 477 1080 553 quin

60 554 139 618 :oitio
162 555 242 615 suctu
263 553 318 626 sit,
339 571 432 629 quum
456 554 553 614 tribus
581 557 746 630 plerasque
774 573 842 618 cum
864 560 959 621 Plotio
982 560 1082 623 tulerit

60 637 210 698 *ianciust
224 638 274 696 An
286 653 346 697 una
356 636 422 698 beri
436 645 608 712 potuerunt,
627 637 654 698 si
665 656 726 698 una
740 639 836 700 tribus
848 658 908 701 non
921 643 1083 706 tulissentt

60 756 88 769 -
108 723 150 781 At
170 736 232 781 nou
254 721 351 780 nuiias
368 720 488 795 punctis
505 737 603 796 paene
618 721 753 782 totidem.
769 754 812 783 -.
834 723 966 799 Quippe,
989 743 1081 801 quum

60 821 104 866 um
120 802 194 863 tacti
205 818 301 878 prope
317 803 526 878 superioribus
542 803 672 864 comitiis
687 805 895 880 declaratique
909 808 1093 870 venissent=.

60 903 233 965 quamquam
254 902 293 946 ne
314 887 346 946 id
368 887 491 962 quidem
519 887 728 962 suspicionem
763 887 904 950 coitionis
932 889 1080 952 habuerit.

60 973 153 1046 teque
176 970 256 1030 enim
271 986 414 1044 umquam
428 970 562 1031 maiores
578 970 676 1032 nostri
695 971 883 1032 sortitionem
909 974 1081 1034 constituis

60 1060 116 1114 eut
128 1053 307 1125 aediliciam,
323 1052 383 1113 nisi
397 1053 536 1114 viderent
549 1054 690 1114 accidere
706 1063 849 1129 possent
865 1055 1081 1130 competitores

60 1153 140 1197 mres
152 1135 306 1211 suffragiis
322 1144 435 1196 essent.
479 1135 530 1198 54.
545 1137 582 1197 Et
593 1138 638 1199 ais
657 1137 809 1211 prioribus
825 1138 954 1199 comitiis
967 1137 1080 1198 Anien-

60 1237 114 1282 em
135 1219 262 1280 aPiotio
277 1219 389 1294 Pedio,
406 1219 596 1298 Terentinum
615 1237 634 1279 a
649 1220 771 1281 Plancio
795 1220 854 1282 tibi
867 1238 939 1283 esse
954 1237 1080 1282 conces·

60 1318 130 1363 am:
143 1318 223 1363 nunc
236 1303 277 1362 ab
293 1300 421 1377 utioque
436 1318 489 1364 eas
504 1305 643 1378 avutam,
659 1321 697 1364 ne
712 1305 741 1364 in
757 1313 918 1378 angustum
934 1306 1079 1366 venirent.

60 1388 143 1459 inam
160 1386 303 1446 convenit
317 1387 452 1446 nondum
467 1386 589 1462 cognita
603 1388 709 1462 popuii
730 1389 884 1449 voluntate
905 1388 976 1460 hos,
1001 1405 1080 1463 quos

60 1485 105 1529 arn
125 1475 188 1538 tum
208 1469 389 1529 coniunctos
410 1469 506 1531 fuisse
527 1469 618 1543 dicis,
641 1470 786 1532 iacturam
803 1488 925 1532 suarum
940 1470 1079 1543 tribuum,

60 1569 107 1628 [uo
131 1566 188 1614 vos
208 1551 446 1627 adiuvaremini,
472 1553 600 1614 iecisse=
622 1555 763 1624 eosdem,
790 1572 882 1628 quum
900 1554 960 1614 iam
975 1563 1081 1614 assent

60 1637 164 1714 ruperti
194 1634 268 1711 quid
292 1639 443 1707 vaierent,
467 1636 625 1696 restrictos
640 1644 670 1696 et
685 1645 809 1697 tenaces
825 1637 943 1696 fuisset
962 1636 1080 1698 Etenim

60 1719 244 1792 urebantur,
259 1720 362 1791 credo,
378 1717 551 1793 angustias,
574 1718 662 1793 quasi
678 1735 729 1779 res
745 1718 775 1777 in
791 1717 1016 1779 contentionem
1028 1725 1079 1779 aut

60 1821 74 1862 n
98 1800 263 1862 discrimen
285 1801 410 1878 aliquod
436 1808 545 1876 posset
564 1799 678 1859 venire.
723 1801 786 1861 Sed
801 1808 900 1860 tamen
915 1807 947 1859 tu
961 1802 998 1862 A.
1013 1799 1079 1859 Pio·

60 1885 134 1957 ium,
157 1886 256 1945 virum
280 1883 522 1956 ornatissimum,
543 1882 573 1941 in
602 1881 681 1943 idem
706 1880 819 1942 crimen
840 1883 982 1943 vocando
1003 1881 1079 1943 iudi·

60 1987 98 2030 as
120 1984 191 2029 eum
213 1976 243 2029 te
268 1966 459 2043 adripuisse,
481 1982 579 2040 aquo
601 1982 663 2024 non
681 1966 724 2026 sis
739 1973 889 2040 rogatust
905 1966 979 2025 Nam
996 1965 1080 2040 quod

60 2061 175 2128 questus
189 2067 224 2112 cs
249 2054 350 2126 piures
366 2060 396 2113 te
410 2059 505 2131 testes
517 2050 631 2109 habere
647 2050 685 2109 de
701 2048 835 2110 Voltinia
850 2067 942 2128 quam
960 2057 1035 2125 quot
1049 2048 1079 2107 in

60 2153 81 2196 u
95 2135 175 2196 tribu
191 2144 304 2210 puncta
320 2133 441 2209 tuleris,
462 2132 581 2203 indicas
603 2140 654 2193 aut
668 2148 723 2193 eos
740 2141 835 2194 testes
849 2141 880 2193 te
898 2134 1077 2208 producere,

60 2218 112 2294 qui,
129 2217 202 2294 quia
218 2235 327 2278 numos
343 2215 532 2292 acceperint,
553 2223 582 2276 te
596 2215 822 2291 praeterierint,
842 2225 894 2277 aut
914 2224 944 2276 te
958 2233 997 2275 ne
1011 2218 1078 2289 'gra-

60 2300 120 2362 uita
133 2300 258 2377 quidem
273 2318 377 2362 corum
393 2298 539 2375 suffragia
555 2298 671 2360 tulisse
714 2300 819 2360 XXIII.
842 2297 892 2359 55.
913 2298 991 2359 Illud
1007 2313 1079 2358 vero
1136 2356 1140 2372 ,

60 2385 160 2446 uimen
175 2385 215 2444 de
230 2385 345 2457 nuruis,
370 2401 448 2460 quos
471 2385 500 2442 in
519 2382 600 2443 circo
616 2381 763 2443 Flaminio
782 2381 995 2456 deprehensos
1009 2396 1080 2441 esse

60 2467 159 2541 iixisti,
177 2468 268 2529 caluit
282 2485 315 2528 re
326 2467 457 2540 recenti,
480 2483 560 2527 nunc
576 2467 607 2526 in
622 2482 716 2526 causa
730 2464 855 2525 refrixit.
877 2466 983 2541 Neque
1000 2465 1081 2526 enim

60 2551 97 2627 tui
109 2551 153 2611 iiii
165 2550 248 2612 numi
260 2550 371 2612 fuerint
388 2567 445 2611 nec
461 2567 540 2624 quae
554 2549 647 2610 tribus
661 2565 718 2608 nec
733 2548 786 2624 qui
800 2548 917 2609 divisor
932 2547 1080 2610 ostendis.

60 2632 148 2710 itque
169 2633 196 2695 is
225 2635 348 2711 quidem
363 2635 491 2694 eductus
516 2634 734 2707 adcumulata,
756 2631 808 2708 qui
833 2639 895 2693 tum
914 2631 945 2692 in
967 2634 1079 2692 crimen

60 2719 229 2790 ooabatur,
260 2733 294 2779 se
321 2717 425 2792 inique
445 2732 464 2775 a
484 2715 544 2776 tuis
568 2715 709 2778 iactatum
729 2715 862 2791 graviter
887 2716 1078 2791 querebatur.

60 2801 143 2873 ιιιί·
118 2819 145 2862 sr
162 2810 227 2881 erat
241 2799 366 2872 divisor,
383 2799 563 2875 praesertim
577 2798 660 2870 eius,
679 2816 769 2896 quem
785 2807 818 2860 tu
834 2798 969 2859 habebas
983 2812 1078 2867 reum,

62 2901 99 2945 ur
113 2886 171 2944 abs
185 2893 215 2945 te
229 2900 301 2944 reus
317 2901 378 2944 non
397 2891 444 2943 est
458 2883 578 2942 factust
592 2898 647 2942 cur
662 2898 723 2942 non
737 2882 804 2943 eius
820 2878 1013 2942 damnatione
1026 2875 1080 2937 aii·

60 2966 121 3044 quid
138 2968 178 3027 ad
191 2968 250 3028 hoc
266 2965 411 3027 iudicium
428 2962 606 3040 praeiudicii
620 2964 827 3060 comparastit

108 3049 173 3111 Sed
183 3067 285 3126 neque
297 3058 329 3111 tu
339 3049 416 3110 haec
428 3048 524 3108 habes
536 3063 636 3122 neque
648 3063 693 3107 ers
705 3045 846 3108 confidis
868 3043 938 3104 Alia
951 3051 981 3104 te
992 3043 1079 3116 rabo,

60 3135 105 3194 iia
120 3133 263 3208 cogitatio
280 3135 320 3194 ad
335 3148 422 3207 spem
442 3130 532 3190 huius
548 3126 739 3204 opprImendi
755 3128 907 3190 excitavit.
949 3127 1078 3201 Magnae

60 3225 118 3280 unt
131 3234 162 3276 m
184 3226 214 3278 te
226 3233 319 3291 opes
340 3218 400 3276 late
415 3222 498 3294 petet
515 3212 629 3288 gratia·
647 3213 731 3274 multi
745 3228 849 3284 anucr
876 3210 961 3272 multi
976 3208 1079 3285 cupidi
1109 3220 1112 3225 ·

60 3301 105 3373 ui,
129 3300 214 3360 multi
229 3303 363 3361 fartores
378 3297 478 3357 laudis
500 3304 585 3357 tuuc·
608 3295 692 3356 multi
711 3295 782 3356 huic
802 3293 951 3368 invident,
977 3292 1078 3354 multis

63 3384 137 3444 tiam
153 3385 254 3458 pater,
271 3382 402 3458 optimus
418 3380 478 3454 vir,
502 3378 625 3446 nimium
640 3378 775 3440 retinens
791 3378 942 3454 equestris
961 3377 1035 3438 iuris
1049 3381 1080 3436 et
