2356 3854
350 156 431 262 cnm
447 210 577 266 44-46.
600 209 789 271 §.tlt-102
943 254 945 261 .
1052 200 1091 267 81

74 357 217 427 nulieres,
234 370 299 412 rem
316 353 356 413 ad
371 353 564 428 magistratus
584 370 658 414 suos
673 356 820 416 delerant.
846 356 990 418 Omnibus
1006 374 1090 420 acer-

73 457 139 511 uum,
153 436 318 511 indignum,
335 438 508 496 luctuosum
521 438 654 512 denique
668 438 837 499 videbatur.
862 440 933 502 100.
949 443 1022 502 Tum
1033 442 1089 504 iste

73 529 215 596 permotus
235 518 288 579 illa
303 519 460 579 atrocitate
481 520 618 594 negocii,
642 529 674 581 ut
693 522 731 580 ab
749 538 782 581 se
799 523 925 584 sceleris
942 523 1022 588 illius
1039 543 1088 587 su·

73 603 157 678 spicio
171 603 393 676 demoveretur,
408 603 460 662 dat
472 603 587 678 hospiti
604 620 660 664 suo
674 603 793 664 cuidam
808 606 977 681 negocium,
993 616 1025 669 ut
1036 609 1088 668 ali-

73 704 149 762 quem
170 687 333 761 reperiret,
363 702 452 761 quem
478 686 552 745 illud
577 686 690 747 iecisse
712 686 914 763 insimularet,
942 691 1088 767 daretque

73 786 198 846 operam,
216 779 247 831 ut
263 770 290 831 is
306 786 343 830 eo
359 769 484 829 crimine
500 770 707 842 damnaretur,
726 785 764 828 ne
785 771 852 845 ipse
876 780 959 833 esset
979 775 1009 832 in
1032 775 1088 834 cri·

72 853 147 914 nine.
178 854 241 915 Res
256 870 318 913 non
333 852 582 927 procrastinatur.
608 853 683 911 Nam
705 870 798 927 quum
821 853 878 914 iste
894 855 996 916 Catina
1017 873 1087 931 pro-

72 938 154 997 iectus
169 944 268 1006 esset,
287 934 370 997 servi
385 935 543 996 cuiusdam
559 953 668 996 nornen
689 937 832 997 defertur.
853 938 891 998 -.Is
910 949 1087 999 accusatur:
1161 980 1167 987 .

72 1020 120 1081 i'cti
135 1028 229 1081 testes
244 1020 274 1079 in
291 1036 360 1080 eum
375 1019 492 1079 dantur.
517 1020 592 1080 Rern
608 1029 735 1081 cunctus
749 1029 872 1081 senatus
885 1020 1088 1083 Catinensium

72 1103 175 1180 legibus
189 1102 352 1164 iudicabat.
382 1102 566 1163 Sacerdotes
581 1113 746 1164 vocantur:
762 1104 853 1164 exiis
870 1104 1024 1180 quaeritur
1040 1121 1087 1166 se-

72 1193 143 1247 creto
153 1185 183 1246 in
195 1185 280 1246 curia
293 1185 367 1261 quid
374 1187 562 1246 esseiactum
575 1186 800 1261 arbitrarentur,
812 1189 1088 1262 quemadmodum

71 1268 177 1345 signum
192 1277 277 1330 esset
291 1269 431 1329 ablatum.
455 1269 655 1344 Respondent
666 1269 744 1343 illae,
760 1271 911 1346 praetoris
922 1271 952 1332 in
965 1288 1002 1332 eo
1016 1274 1086 1332 loco

72 1348 166 1413 serios
181 1367 252 1413 esse
268 1352 363 1413 visos.
394 1353 470 1423 Res,
488 1370 567 1427 quae
583 1363 667 1413 esset
685 1354 745 1414 iarn
762 1362 851 1415 antea
869 1371 929 1415 non
946 1355 1086 1428 obscura,

71 1436 249 1497 sacerdotum
268 1436 440 1497 testimonio
456 1428 621 1510 p'erspic'ua
636 1453 707 1497 esse
723 1438 833 1512 coepit.
862 1439 925 1498 ltur
939 1437 969 1497 in
986 1438 1086 1499 consi-

71 1517 146 1579 lium:
160 1535 269 1580 servus
286 1518 335 1578 ille
347 1519 494 1578 innocens
510 1520 649 1579 omnibus
662 1520 819 1581 sententiis
832 1520 1009 1594 absolvitur,
1026 1538 1086 1597 quo

71 1600 176 1662 lucilius
199 1619 257 1664 vos
282 1601 363 1662 hunc
389 1601 529 1663 omnibus
551 1602 708 1662 sententiis
729 1604 933 1663 condemnare
951 1604 1086 1678 possitis.

71 1681 128 1746 ltl.
148 1685 231 1759 qnid
244 1684 324 1744 enim
340 1687 488 1760 postulas,
500 1686 637 1745 Verresl
652 1684 727 1767 quid
741 1693 871 1760 speras?
886 1684 960 1758 quid
976 1703 1086 1759 exspe-

71 1774 142 1827 clust
156 1786 247 1844 quem
259 1767 312 1828 tibi
323 1769 472 1829 autdeum
484 1775 536 1827 aut
546 1767 698 1827 hominem
714 1767 826 1827 auxilio
839 1768 969 1827 futurum
976 1775 1088 1841 putast

71 1849 141 1912 Eone
152 1861 184 1913 tu
199 1868 308 1913 servos
320 1852 360 1911 ad
373 1850 565 1926 spoliandum
578 1851 680 1908 fanum
692 1849 850 1909 immittere
862 1866 957 1910 ausus
969 1866 1012 1923 es,
1025 1865 1086 1925 quo

71 1933 169 1996 liberos
183 1935 269 1995 adire
284 1950 323 1995 ne
340 1934 448 1994 orandi
470 1932 592 2009 quidem
616 1933 771 1992 causales
787 1938 873 1993 erati
899 1932 979 1993 lisne
994 1934 1086 1993 rebus

71 2032 164 2079 manus
181 2019 301 2079 adferre
316 2034 376 2078 non
392 2015 545 2088 dubitasti,
561 2032 580 2075 a
594 2014 706 2090 quibus
717 2014 808 2076 etiam
823 2018 930 2078 oculos
944 2017 1086 2078 cohibere

71 2105 94 2160 le
105 2102 279 2176 religionum
296 2101 363 2161 iura
378 2100 549 2175 cogebant?
573 2098 705 2160 Tametsi
729 2115 768 2158 ne
779 2099 880 2160 oculis
899 2099 1022 2174 quidem
1037 2116 1085 2160 ca-

71 2190 128 2256 ptus
146 2186 175 2244 in
189 2185 269 2246 hanc
285 2185 421 2244 fraudem
435 2192 496 2243 tam
511 2184 690 2244 sceleratam
711 2199 748 2243 ac
768 2191 830 2243 tam
843 2182 989 2243 nefariam
1006 2181 1082 2243 deci·
1139 2258 1143 2265 Ι

72 2265 142 2328 disti:
158 2285 226 2328 nam
242 2267 273 2328 id
286 2268 465 2342 concupisti,
481 2267 563 2340 quod
576 2283 740 2341 numquam
751 2266 889 2326 videras:
902 2265 941 2338 id,
953 2264 1085 2340 inquam,

72 2350 213 2424 adamasti,
231 2350 315 2427 quod
329 2360 419 2410 antea
433 2365 495 2410 non
509 2366 687 2424 aspexeras.
708 2348 842 2409 Auribus
861 2358 892 2409 tu
908 2356 1019 2409 tantam
1035 2364 1086 2408 cu-

72 2430 212 2505 piditatem
224 2433 402 2509 concepisti,
416 2442 449 2494 ut
461 2448 528 2492 earn
542 2450 602 2493 non
618 2442 726 2506 metus,
738 2449 799 2493 non
810 2431 927 2506 religio,
938 2447 1001 2491 non
1014 2432 1086 2493 deo-

73 2529 128 2576 rum
144 2518 208 2591 vis,
232 2534 294 2579 non
316 2516 470 2578 hominum
493 2514 675 2576 existimatio
696 2515 874 2577 contineret.
906 2513 976 2575 102.
991 2516 1031 2576 At
1047 2531 1087 2574 ex

72 2595 139 2669 bono
156 2601 230 2674 viro,
244 2600 347 2672 credo,
363 2599 505 2661 audieras
517 2608 547 2659 et
557 2599 638 2660 bono
653 2608 786 2659 auctore.
811 2599 867 2672 Qui
878 2596 910 2658 id
919 2606 1019 2674 potes,
1034 2599 1087 2674 qui

73 2695 102 2741 na
111 2699 148 2743 ex
158 2684 224 2745 viro
238 2683 360 2760 quidem
371 2683 476 2744 audire
488 2682 648 2758 potuerisr
663 2681 783 2743 Audisti
794 2680 883 2756 igitur
897 2698 936 2743 ex
947 2682 1085 2742 muliere:

75 2766 202 2838 quoniam
216 2767 247 2827 id
264 2765 321 2825 viri
344 2782 400 2826 nec
417 2762 535 2826 vidisse
553 2782 654 2841 neque
670 2783 764 2826 nosse
781 2773 930 2840 poteraut.
963 2766 1085 2837 Qualem

74 2859 149 2919 porro
164 2851 245 2910 illam
262 2850 402 2909 laminam
420 2849 516 2910 luisse
531 2848 653 2924 putatis,
668 2848 808 2908 iudicest
829 2864 918 2923 quarn
935 2845 1084 2921 pudicam,

74 2945 221 3004 quaecum
235 2934 332 2992 Verre
347 2934 542 3008 loqueretur?
563 2948 652 3005 quam
670 2931 854 3005 religiosam,
870 2946 948 3004 quae
962 2927 1087 2986 sacrarii

74 3015 210 3089 spoliandi
218 3016 365 3076 rationem
377 3016 570 3076 ostenderet?
583 3022 631 3074 An
643 3014 764 3074 minime
776 3013 891 3082 mirum,
906 3027 984 3085 quae
999 3024 1087 3070 sacra

76 3108 120 3167 per
130 3116 276 3160 summam
288 3099 496 3160 castimoniam
514 3096 648 3158 virorum
661 3113 697 3156 ac
709 3096 866 3157 mulierum
881 3095 963 3167 liant,
979 3094 1086 3156 eadem

71 3190 117 3249 per
130 3181 216 3244 istius
235 3191 372 3258 stuprum
388 3197 424 3242 ac
438 3179 584 3254 flagitium
603 3196 673 3239 esse
687 3179 820 3239 violata?

140 3266 243 3327 XLVI.
259 3266 336 3340 Quid
352 3271 446 3340 ergot
460 3262 519 3324 hoe
531 3264 629 3324 solum
646 3261 799 3321 auditione
814 3269 958 3337 expetere
974 3261 1083 3336 coepit,

77 3358 154 3417 quum
174 3350 204 3410 id
226 3349 295 3425 ipse
316 3366 377 3410 non
392 3347 542 3407 vidisset?
566 3347 659 3406 lmmo
676 3360 748 3405 vero
764 3343 822 3403 alia
840 3345 1020 3421 compluria:
1045 3360 1085 3404 ex

78 3430 172 3499 quibus
197 3434 305 3507 eligam
333 3431 544 3508 spoliationem
564 3427 745 3490 nobilissimi
769 3435 859 3504 atque
884 3426 1085 3504 antiquissimi

122 3528 172 3573 cic.
190 3532 282 3577 onnr.
877 3508 896 3569 6

1079 3588 1120 3636 Ι
