2356 3854
370 170 783 236 chP.1s-1e.t.as—sr.
1027 173 1089 240 435

63 319 158 378 sellus
174 336 233 392 qua
248 318 325 378 facie
337 319 434 391 luerit,
452 336 512 393 qna
527 327 649 390 statura,
667 338 726 394 quo
738 320 910 397 municipio,
928 341 990 400 qua
1000 325 1087 388 tribu.

62 400 142 459 Nihil
158 402 231 473 scio,
247 401 359 475 inquis,
378 401 437 460 nisi
454 417 533 475 quae
548 403 673 475 praedia
688 403 833 464 habuerit.
858 406 951 480 Igitur
966 410 1088 470 fratrem

62 483 255 543 exheredans
270 493 300 543 te
314 483 444 544 faciebat
457 484 611 544 heredem.
645 486 678 542 in
697 487 806 545 multas
822 498 979 561 praeterea
993 508 1087 567 pecu-

61 565 129 624 nias
145 565 395 627 alienissimorum
413 566 566 627 hominum
586 566 692 626 eiectis
715 567 797 626 veris
812 569 991 647 heredibus,
1012 583 1086 636 tam-

62 664 154 722 quam
168 648 257 709 heres
273 656 370 722 esset,
386 648 506 708 invasit.
548 646 802 729 capuamquam
816 650 875 710 hoc
890 655 1020 716 maxime
1032 658 1086 717 ad-

61 729 188 805 miratqs
204 747 286 805 sum,
297 731 489 792 mentionem
507 739 537 792 te
551 731 751 792 hereditatum
765 748 874 793 ausum
889 751 960 797 esse
974 739 1084 811 lacere,

62 828 154 887 quum
172 815 239 887 ipse
255 813 451 874 hereditatem
468 812 562 891 patris
577 831 637 874 non
654 815 785 875 adisses.

27 932 32 941 -
57 895 62 901 ’
122 896 214 955 XVlI.
232 898 315 957 Haec
331 902 367 955 ut·
379 896 553 971 colligeres,
569 897 659 957 homo
674 896 894 971 amentissime,
915 907 959 959 tot
974 901 1084 962 diesin

14 968 21 985 '
59 976 159 1037 aliena
180 980 250 1038 villa
270 979 467 1039 declamasti?
489 995 671 1053 quanquam
687 987 717 1040 tu
733 979 869 1053 quidem,
890 988 923 1040 ut
942 982 986 1041 tui
1002 983 1085 1043 fami-

59 1059 212 1121 liarissimi
225 1061 373 1130 dictitant,
391 1060 451 1119 vini
466 1062 641 1133 exhalandi,
660 1078 720 1122 non
731 1061 842 1136 ingenii
854 1063 983 1122 acuendi
993 1079 1086 1124 cauea

10 1188 15 1227 3,
59 1144 225 1205 declamas.
259 1145 299 1202 ht
317 1158 391 1202 vero
411 1142 538 1203 adhibes
560 1144 620 1203 ioci
636 1160 730 1204 causa
744 1142 920 1218 magistrum
938 1144 1084 1221 suffragio

10 1284 15 1309 ·.
31 1242 34 1247 ·
58 1234 112 1285 tuo
128 1233 157 1283 et
171 1234 379 1299 compotorum
392 1233 511 1285 tuorum
525 1227 685 1298 rhetorem,
701 1228 749 1287 cui
766 1227 947 1288 concessisti
961 1237 994 1289 ut
1009 1228 1040 1288 in
1055 1237 1084 1288 te

10 1355 13 1361 .
59 1307 247 1380 quaevellet
259 1307 382 1380 diceret,
397 1309 510 1368 salsum
522 1311 643 1369 omnino
655 1310 816 1383 hominem,
834 1312 890 1371 sed
902 1311 1026 1372 materia
1041 1312 1084 1371 fa-

10 1386 14 1429 ῖ
42 1387 127 1448 .cilis
144 1389 233 1449 estin
247 1397 317 1449 teet
330 1391 359 1448 in
374 1398 444 1451 tuos
460 1391 539 1451 dicta
551 1393 661 1451 dicere.
677 1392 756 1452 Vide
768 1402 867 1454 autem
880 1394 953 1468 quid
968 1393 1086 1455 intersit

56 1471 137 1530 inter
149 1479 216 1531 teet
229 1487 318 1532 avum
331 1481 424 1533 tuum.
443 1475 496 1534 illc
510 1475 623 1535 sensim
638 1474 758 1536 dicebat
771 1476 854 1551 quod
867 1492 981 1538 causae
992 1477 1084 1553 prod-

10 1602 13 1635 ,
56 1562 157 1613 esset=
177 1561 209 1613 tu
232 1557 343 1614 cursim
365 1556 443 1616 dicis
463 1556 571 1618 aliena.
613 1556 664 1618 43.
686 1561 727 1619 Αι
748 1566 861 1632 quanta
879 1575 998 1620 merces
1012 1561 1083 1620 rhe-

55 1636 116 1696 tori
128 1636 196 1695 dota
213 1646 274 1696 est!
303 1638 424 1708 Audite,
440 1639 549 1711 audite,
564 1649 665 1714 patres
678 1640 852 1715 conscripti,
867 1648 898 1700 et
907 1641 1085 1716 cognoscite

54 1722 101 1801 rei
117 1718 257 1793 publicae
271 1721 403 1780 vulnera.
428 1721 494 1780 Duo
506 1722 588 1780 milia
598 1720 735 1796 iugerum
749 1721 849 1796 campi
862 1722 1001 1783 Leontini
1012 1723 1084 1783 Sex.

55 1802 164 1862 Clodio
178 1801 291 1862 rhetori
304 1801 470 1878 adsignasti
484 1812 514 1862 et
528 1803 649 1878 quidem
670 1803 828 1878 immunia,
851 1813 884 1863 ut
903 1805 1010 1879 populi
1024 1805 1084 1866 Ro

55 1884 139 1944 mani
153 1893 235 1946 anta
256 1887 396 1945 mercede
419 1885 493 1944 nihil
513 1902 622 1960 sapere
642 1885 787 1946 disceres.
817 1887 894 1946 Num
909 1887 999 1947 etiam
1014 1886 1082 1960 hoc,

55 1967 150 2028 homo
173 1968 390 2041 audacissime,
403 1983 448 2048 ‚ex
469 1967 609 2029 Caesaris
631 1966 876 2036 commentariis?
903 1969 966 2030 Sed
985 1967 1085 2030 dicam

53 2049 118 2112 alio
145 2052 214 2111 loco
237 2060 268 2111 et
287 2052 326 2111 de
345 2051 492 2112 Leontino
514 2067 587 2126 agro
610 2060 641 2112 et
664 2053 703 2112 de
719 2053 890 2128 campanar
919 2068 998 2127 quos
1025 2053 1085 2113 lale

54 2149 151 2207 agros
173 2141 295 2207 ereptos
315 2133 513 2208 reipublicae
527 2133 711 2209 turpissimis
732 2135 970 2210 possessoribus
985 2132 1084 2209 inqui-

54 2216 151 2276 navit.
175 2217 238 2276 lam
253 2216 341 2291 enim,
361 2217 504 2293 quoniam
516 2216 689 2278 criminibus
705 2217 771 2278 eius
786 2218 859 2277 satis
873 2216 1030 2291 respondi,
1045 2216 1084 2275 de

53 2299 128 2373 ipso
143 2300 337 2362 emendatore
347 2308 377 2360 et
392 2310 563 2361 correctore
578 2307 682 2360 nostro
698 2301 847 2374 quaedam
860 2299 990 2358 dicenda
1005 2305 1084 2358 sunt.

52 2382 121 2443 Nec
137 2381 216 2442 enim
233 2383 333 2445 omnia
350 2382 519 2456 effundam,
541 2390 587 2454 ut,
610 2381 636 2442 si
658 2383 781 2457 saepius
802 2382 1018 2442 decertandum
1036 2383 1083 2452 sit,

51 2474 91 2526 ut
105 2467 178 2538 erit,
200 2476 321 2540 semper
339 2482 439 2526 novus
453 2466 588 2526 veniam:
608 2480 699 2540 quam
714 2467 885 2525 facultatem
899 2462 971 2524 mihi
987 2465 1084 2526 multl-

53 2549 133 2610 tudo
148 2547 236 2609 istius
251 2549 390 2609 viliorum
409 2558 665 2623 peccatorumque
680 2548 813 2622 largitur.
1129 2556 1138 2570 ‘

100 2630 224 2691 ··xvl11.
245 2628 296 2692 44.
312 2633 407 2692 Visne
422 2631 510 2706 igitur
520 2640 550 2692 te
563 2630 762 2705 inspiciamus
777 2647 795 2690 a
808 2636 928 2705 puerot
952 2628 1004 2689 Sic
1018 2628 1084 2703 opi-

46 2728 130 2774 -nora
146 2729 165 2772 o
182 2713 331 2788 principio
346 2714 507 2774 ordiamur.
545 2715 685 2776 Tenesne
701 2713 845 2773 memoria
859 2719 1082 2787 praetextatum

52 2805 96 2870 te,
108 2796 293 2857 decoxisse?
310 2797 419 2870 Patris,
440 2794 575 2870 inquies,
595 2796 654 2856 ista
671 2798 761 2870 culpa
774 2803 830 2855 est.
860 2795 1011 2854 Concedo.
1035 2793 1084 2850 Et-

53 2877 120 2938 nim
137 2888 184 2938 est
201 2879 319 2954 pietatis
337 2882 426 2954 plene
447 2879 596 2939 defensio.
627 2878 705 2936 lllud
721 2885 821 2937 tamen
837 2874 985 2935 audaciae
1003 2885 1084 2945 tuae,

56 2963 144 3036 quod
165 2962 272 3024 sedisti
293 2962 323 3022 in
347 2962 587 3038 quattuordecim
612 2958 784 3030 ordinibus,
808 2973 900 3031 quum
915 2963 999 3016 esset
1019 2956 1085 3028 lege

54 3043 173 3105 Roscia
188 3044 403 3106 decoctoribus
419 3053 520 3104 certus
535 3046 622 3104 locus
638 3040 835 3111 constitutus,
860 3039 999 3112 quamvis
1016 3037 1085 3111 quis

54 3128 198 3188 fortunae
214 3127 301 3203 vitio,
316 3144 378 3186 non
394 3143 451 3187 suo
467 3127 650 3187 decoxisset.
677 3121 840 3199 Sumpsisti
855 3119 978 3191 virilem,
996 3134 1086 3194 quarn

57 3211 158 3270 statim
175 3210 351 3269 muliebrem
362 3219 464 3283 togam
476 3209 646 3269 reddidisti.
665 3207 781 3268 =Primo
796 3206 922 3279 vulgare
936 3209 1085 3262 scortumz

56 3301 142 3354 certa
156 3291 262 3367 flagitii
277 3306 408 3363 merces,
425 3306 484 3351 nec
497 3308 535 3351 ea
548 3308 659 3365 parvas
675 3291 731 3351 sed
741 3291 800 3350 cito
812 3287 901 3348 Curio
916 3282 1087 3357 intervenit,

57 3375 156 3451 quite
173 3373 371 3437 ameretriclo
390 3382 520 3449 quaestu
540 3372 666 3434 abduxit
686 3380 717 3434 et
736 3381 890 3446 tamquam
913 3369 1020 3435 stolam
1034 3367 1085 3426 de

817 3447 889 3510 ²⁸*
1048 3520 1124 3632 t
