2356 3854
331 350 334 357 .
379 294 423 376 n.
443 234 593 378 ruunt
609 256 834 379 'urrunnun

86 370 358 521 tortoris
390 425 442 520 rr
474 423 1119 528 dinumerarentur

510 622 516 635 ,
573 574 640 618 srvu

227 667 229 671 ’
295 672 575 757 lctusrlltlls
597 674 717 756 blllllli-
739 674 919 767 nulllus

387 811 393 822 ‘
475 810 524 862 0111
544 809 732 854 INSCRIBITUR

452 903 748 973 ursionis.

393 1127 804 1188 'ARGUMENTUM
876 1142 881 1154 “

145 1226 197 1282 diu.
212 1227 334 1290 Pompeio
357 1227 470 1291 primum
492 1236 517 1276 ct
539 1227 573 1281 M.
596 1225 686 1278 Crasso
706 1242 773 1276 coss.
798 1226 826 1280 O.
844 1229 950 1291 Verres,
971 1222 1119 1296 perfunctus

99 1304 234 1359 quaestura,
257 1295 398 1362 legatione,
416 1303 536 1360 praetura
550 1297 661 1358 urbana,
687 1303 759 1360 patre
778 1295 804 1349 O.
823 1298 902 1346 Verre
920 1306 945 1347 et
961 1311 1119 1364 praetextato

98 1364 139 1415 dlio
154 1373 178 1415 et
200 1362 253 1415 iilia
272 1371 360 1431 nupta,
383 1379 489 1414 uxorem
514 1363 625 1428 habens,
650 1379 729 1429 quum
754 1366 920 1416 successisset
939 1367 965 1416 in
980 1366 1068 1419 Sicilia
1090 1368 1118 1422 G.

96 1432 213 1485 Sacerdoti
230 1433 341 1499 praetori
359 1447 464 1496 eamque
479 1434 530 1484 sibi
546 1449 596 1484 non
610 1434 761 1484 succedente
775 1435 849 1484 Arrio
869 1449 916 1499 per
931 1437 1066 1488 triennium
1083 1447 1120 1487 te-

96 1504 194 1564 nuisset,
218 1509 295 1565 atque
317 1503 344 1550 iu
369 1517 400 1552 ea
419 1501 511 1552 inisset
531 1503 682 1562 libidinose,
704 1517 780 1553 avare
795 1503 980 1567 crudeliterque
994 1515 1119 1566 versatus,

96 1571 234 1622 succedente
248 1571 352 1621 tandem
367 1572 395 1620 in
414 1572 503 1622 eadem
521 1573 655 1636 provincia
666 1570 784 1635 Metello,
801 1571 998 1636 repetundarum
1013 1590 1071 1625 reus
1088 1577 1119 1625 ab

96 1636 176 1701 Siculis
194 1638 338 1705 postulatus
353 1647 406 1698 est,
428 1654 531 1691 caueam
546 1647 638 1705 agente
651 1639 684 1689 Μ.
700 1639 828 1690 Cicerone.
853 1640 936 1699 Quum
950 1650 1034 1692 antem
1045 1657 1119 1708 prae-

96 1717 170 1771 petru
187 1709 348 1760 accusatione
365 1707 400 1758 M.
418 1708 517 1758 Tullius
535 1710 632 1758 uideret
651 1707 679 1758 id
696 1709 754 1774 agi,
769 1715 798 1756 ut
811 1722 827 1758 a
841 1707 874 1755 Μ’
894 1707 1028 1762 Glabrione
1045 1727 1119 1775 prae·

96 1784 181 1828 torret
202 1776 234 1826 ab
259 1777 292 1826 iis
312 1777 456 1839 iudicibus,
480 1777 524 1841 qni
546 1783 607 1826 tunc
630 1783 714 1837 eraut,
737 1775 770 1824 ad
785 1773 863 1825 alium
879 1789 973 1826 aunum
992 1776 1119 1842 aliumque

95 1853 225 1908 praetorem
240 1860 282 1896 rea
299 1851 353 1896 tota
367 1846 487 1895 transiret
504 1847 694 1909 eriperetnrqne
712 1845 761 1895 sibi
780 1859 840 1893 rens
856 1845 997 1909 patrocinio
1014 1846 1119 1898 Horten-

95 1914 122 1963 sii
136 1929 165 1965 ae
180 1913 292 1974 Metelli,
309 1916 352 1978 qui
368 1921 428 1964 tunc
444 1913 561 1964 consules
581 1913 659 1963 lntnri
676 1921 796 1962 erant-
812 1927 860 1978 per
876 1913 924 1963 hos
943 1915 1010 1964 euim
1027 1918 1119 1966 Verres

95 1980 200 2035 eludendi
221 1984 312 2035 iudicii
334 1983 455 2034 fiduciam
474 1990 618 2048 sumpserat
634 2007 684 2047 ·-,
706 1981 755 2031 hoc
773 1992 929 2033 commentus
947 1991 985 2034 est
1003 1987 1117 2048 rationis,

95 2058 117 2100 nt
130 2054 269 2103 orationem
287 2053 390 2119 longam
408 2053 618 2118 praetermitteret
633 2065 715 2113 neque
729 2052 754 2099 in
773 2052 920 2102 criminibus
934 2053 1119 2104 declamatione

57 2162 60 2175 ,
94 2122 242 2173 cumulandis
260 2129 360 2186 tempus
375 2123 533 2185 absumeret,
548 2120 595 2171 sed
606 2127 704 2170 tanturn
718 2121 793 2171 modo
807 2122 895 2171 citaret
906 2129 982 2172 testes
996 2123 1031 2173 ad
1041 2138 1119 2173 unum

40 2208 43 2245 ι
94 2191 200 2255 quodque
222 2192 319 2241 crimen
338 2192 482 2256 expositum
498 2198 523 2240 et
541 2205 585 2240 eos
603 2189 735 2240 Hortensio
755 2189 948 2256 interrogandos
964 2192 1046 2241 daret:
1069 2207 1119 2254 qua

40 2254 43 2275 ¹
95 2265 136 2308 ute
153 2260 188 2309 ita
203 2266 242 2310 est
259 2258 382 2325 fatigatus
393 2259 557 2323 Hortensius,
575 2266 603 2308 ut
620 2258 683 2307 nihil
697 2267 784 2308 contra
799 2258 866 2322 qnod
881 2259 975 2308 diceret
987 2260 1118 2318 inveniret,
1135 2281 1138 2287 ·

95 2324 139 2391 lpse
150 2329 226 2380 etiam
234 2327 329 2378 Verres
344 2328 477 2393 desperato
488 2328 628 2394 patrocinio
641 2341 687 2376 sua
700 2334 791 2393 sponte
804 2326 946 2377 discederet
957 2328 983 2376 in
993 2329 1117 2379 exsilium.

150 2397 289 2462 Praecepta
312 2396 362 2447 boo
378 2397 453 2447 modo
472 2398 523 2448 eibi
545 2398 612 2447 iusta
630 2398 800 2446 accusationis
817 2395 893 2445 lande
909 2395 942 2445 Μ.
962 2395 1047 2448 Cicero
1066 2406 1120 2449 sta·

40 2474 42 2527 ς
93 2464 132 2515 tuit
148 2474 227 2517 totam
245 2478 347 2517 cansam
365 2474 482 2517 accurate
499 2466 671 2532 perscribere,
688 2480 781 2531 genera
798 2464 931 2515 eriminum
950 2467 1050 2532 singula
1067 2468 1119 2516 siu-

40 2542 45 2587 ³.
94 2532 151 2595 ruis
165 2535 238 2585 libris
256 2549 421 2600 persequens.
450 2536 537 2598 ltaque
555 2534 618 2584 libro
631 2535 809 2584 Accusationis
824 2535 907 2598 primo
927 2536 980 2601 agit
997 2536 1028 2586 de
1046 2550 1119 2601 prae-

40 2590 47 2673 i
91 2605 139 2653 tura
155 2604 265 2666 urbano,
290 2604 401 2654 secundo
424 2604 456 2654 de
479 2611 598 2670 praetura
616 2601 759 2665 Siciliensi,
782 2604 856 2653 tertio
880 2603 912 2653 de
929 2603 1067 2668 frumento,
1091 2604 1119 2654 id

40 2676 44 2735 ς
90 2677 130 2732 cst,
148 2673 180 2723 de
199 2672 274 2722 lurtie
292 2672 318 2722 iu
335 2673 404 2722 omni
421 2687 514 2739 genere
533 2672 651 2723 frumenti
667 2670 722 2723 ac.
736 2673 816 2722 Verre
832 2673 857 2722 in
870 2669 956 2721 Sicilia
968 2673 1119 2732 commissis,

90 2739 168 2799 quinto
189 2741 223 2792 de
245 2742 378 2815 suppliciis
401 2743 537 2792 crudeliter
559 2743 586 2790 in
610 2739 696 2790 Sicilia
716 2742 833 2807 sumptis.
874 2739 927 2790 lloc
948 2749 1032 2790 antem
1054 2740 1118 2789 libro

40 2814 42 2823 ·
90 2811 251 2861 accusationis
275 2820 364 2874 quarto
386 2820 518 2861 accusator
540 2811 701 2875 persequitur
718 2810 785 2860 furta
802 2818 827 2858 et
843 2808 969 2860 maleficia
986 2807 1013 2859 G.
1032 2809 1142 2877 Verris!

89 2874 112 2925 iu
127 2879 272 2930 auferendis
290 2880 387 2945 signis,
412 2879 506 2930 tabulis
521 2880 597 2944 pictis
615 2879 772 2941 caeterisque
791 2878 944 2929 ornamentis
961 2883 1014 2925 tota
1033 2875 1120 2925 Sicilia

40 2996 42 3001 ,
88 2949 227 2998 commisse.
263 2948 292 2997 In
315 2949 406 3011 quibus
423 2948 499 2998 rebus
516 2946 684 3011 exsequendis
703 2953 786 2997 orator
805 2945 854 2995 hoc
872 2944 959 2994 ordine
974 2944 1067 3003 utitur,
1092 2953 1120 2994 nt

40 3014 42 3023 '
89 3016 191 3075 primum
214 3014 346 3068 hominum
370 3018 540 3082 priuatorum,
568 3015 658 3065 deinde
681 3016 834 3092 oppidorum
852 3019 876 3061 et
894 3010 1009 3060 fanorum
1027 3024 1120 3078 exspo-

87 3079 197 3137 liationes
212 3091 288 3148 atque
304 3086 460 3150 direptiones
479 3084 606 3134 ostendat.

69 3215 72 3239 '
143 3224 166 3281 l.
190 3220 219 3282 1.
242 3188 346 3284 Venio
370 3236 450 3282 nunc
471 3220 510 3280 ad
531 3221 633 3292 istim,
660 3218 808 3292 quemad
830 3219 954 3280 modurn
975 3221 1042 3295 ipse
1065 3234 1118 3290 ap·

44 3331 48 3337 ·
87 3307 190 3379 pellar,
213 3307 361 3378 studium,
384 3314 416 3366 ut
430 3303 518 3364 amici
535 3304 617 3376 eius,
639 3301 776 3361 morbum
793 3310 823 3362 et
841 3303 1006 3374 insaniam,
1026 3310 1058 3362 ut
1073 3299 1119 3359 Si-

86 3390 158 3464 culi,
176 3391 376 3452 latrocinium.
397 3390 462 3464 ugo
479 3403 540 3463 quo
558 3387 680 3448 nomine
692 3388 843 3461 appellem
855 3388 975 3447 nescio:
991 3399 1120 3445 renrvo·
