2356 3854
105 169 170 233 too
232 167 272 227 nv
286 166 328 230 nr:
341 160 544 224 anrouiuu
558 156 700 235 onnam
717 136 939 217 nanneten
950 157 1028 219 mv.

106 317 240 389 Gallicis,
254 313 366 375 Italicis
379 310 469 372 bellis
485 309 558 371 olari
573 319 604 371 et
620 310 720 384 magni
734 309 866 380 luerunt,
887 324 948 368 nec
962 318 1060 370 mmen
1073 311 1128 372 ntb

105 405 166 464 tale
178 415 275 475 genus
289 395 416 457 honoris
426 395 570 454 tributum
584 401 641 453 est.
662 397 765 467 Atque
774 391 891 452 utinam
908 393 1026 454 maiora
1040 411 1128 470 posse

106 501 184 555 mus,
197 482 319 556 quando
331 479 455 556 quidem
465 495 485 538 a
495 477 583 537 vobis
595 475 727 536 maxima
738 477 934 550 accepimus!
948 478 1017 537 Vos
1029 479 1131 541 abuma

106 570 254 627 furentem
270 563 436 625 Antonium
456 559 624 620 avertistis:
646 577 703 619 vos
724 559 825 619 redire
844 559 1025 621 molientem
1038 578 1131 637 reppu-

105 648 194 709 listis.
236 647 301 708 Erit
330 646 419 721 igitur
446 652 602 704 exstructa
633 644 729 703 moles
757 658 853 717 opere
879 645 1049 718 magnifico
1073 645 1132 707 inci·

106 747 223 806 saeque
244 730 374 802 litterae,
400 727 521 788 divinae
542 727 660 788 virtutis
686 734 780 787 testes
805 725 1035 801 sempiternae,
1064 746 1132 789 nun

107 830 261 890 quamque
296 815 334 873 de
368 811 457 871 vobis
494 827 617 883 eorum,
652 809 704 886 qui
740 817 792 869 aut
824 809 999 887 videbunt,
1017 820 1132 873 vestrm

106 906 333 958 monumentum
357 904 411 956 aut
435 894 570 968 audient,
596 894 787 969 gratissimus
812 908 920 954 sermo
954 895 1132 958 conticescat

106 982 150 1041 lta
169 997 226 1056 pro
250 979 370 1042 mortali
397 977 577 1038 condicione
602 979 683 1038 vitae
702 975 973 1038 immortalitatem.
983 979 1059 1041 estis
1076 996 1132 1040 con·

107 1065 214 1123 secuti.

167 1146 244 1205 XIlI.
263 1144 315 1206 34.
339 1145 402 1205 Sed
417 1145 575 1222 quoniam,
593 1152 696 1219 patres
711 1141 888 1218 conscripti,
906 1144 1032 1219 gloriae
1045 1161 1129 1206 nuans

107 1228 231 1305 optimis
243 1236 272 1286 et
287 1228 459 1290 fortissimis
474 1229 593 1288 civibus
608 1227 793 1287 monumenti
810 1226 934 1287 honore
957 1229 1131 1303 persolvitur,

107 1314 302 1372 consolemur
314 1327 419 1372 eorum
432 1313 600 1388 proximos,
617 1310 728 1386 quibus
740 1310 854 1386 optima
869 1319 920 1370 est
936 1311 1019 1372 haec
1032 1313 1133 1389 quiden

106 1394 293 1455 consolatio:
316 1395 509 1468 parentibus,
536 1394 619 1470 quod
643 1401 725 1455 tanta
749 1389 794 1454 rei
827 1393 977 1469 publicae
1002 1396 1133 1471 praesidia

106 1484 284 1550 genuerunt,
311 1476 429 1553 liberis,
454 1478 536 1553 quod
560 1478 714 1538 habebunt
734 1476 909 1537 domestica
930 1482 1075 1556 exempla
1089 1480 1132 1538 vir·

104 1559 186 1633 tutis,
202 1559 393 1634 coniugibus,
413 1563 497 1635 quod
510 1563 547 1620 iis
566 1560 639 1621 viris
652 1560 804 1632 carebunt,
821 1576 904 1635 quos
915 1562 1049 1625 laudare
1064 1576 1129 1639 qnam

105 1643 210 1717 lugere
230 1643 403 1718 praestabit,
420 1644 571 1714 tratribus,
588 1645 672 1719 quod
686 1644 715 1703 in
734 1661 768 1704 se
782 1652 815 1704 ut
830 1660 1013 1720 corporum,
1036 1645 1133 1708 sicvir·

104 1733 201 1786 tutum
217 1725 444 1788 similitudinem
462 1744 533 1788 esse
550 1729 714 1788 confident.
757 1731 859 1801 Atque
874 1728 998 1789 utinam
1013 1730 1061 1791 his
1085 1744 1134 1791 on·

104 1807 194 1870 nibus
208 1810 383 1884 abstergere
397 1809 502 1872 fletum
517 1811 674 1871 sententiis
689 1809 800 1870 nostris
814 1811 1036 1887 consultisque
1044 1828 1135 1889 posse

104 1908 174 1953 mus
190 1893 239 1951 vel
254 1894 355 1968 aliqua
381 1894 449 1954 talis
465 1895 503 1954 iis
518 1893 655 1954 adhiberi
670 1894 791 1969 publice
815 1901 926 1968 posset
945 1896 1063 1969 oratio,
1088 1910 1147 1971 qne,

104 1975 297 2050 deponerent
318 1992 487 2038 maerorem
514 1986 607 2052 atque
635 1979 747 2039 luctum
773 1978 1015 2054 gauderentque
1039 1979 1133 2056 polius,

106 2074 200 2133 quum
214 2059 306 2118 mulla
320 2068 351 2120 et
365 2061 450 2120 varia
468 2061 679 2135 impenderent
700 2061 871 2121 hominibus
894 2077 1017 2135 genera
1038 2061 1133 2132 modis,

103 2139 136 2200 id
151 2157 264 2216 genuS,
281 2144 365 2217 quod
386 2153 469 2205 esset
491 2143 740 2218 pulcherrimum,
761 2143 826 2204 suis
854 2144 1011 2219 obtigisse
1034 2159 1131 2221 eosque

104 2240 161 2286 nec
182 2225 357 2286 inhumatos
379 2226 450 2288 es'se
470 2244 527 2287 nec
549 2229 704 2300 desertos,
732 2228 816 2301 quod
836 2235 941 2288 tamen
967 2229 1071 2304 ipsum
1090 2240 1130 2304 pro

103 2308 201 2383 patria
216 2326 276 2369 non
294 2310 499 2372 miserandum
517 2317 647 2386 putatur,
667 2327 725 2370 nec
747 2310 899 2384 dispersis
921 2312 1027 2373 bustis
1048 2309 1132 2374 humili

104 2394 260 2466 sepultura
280 2402 445 2466 crematos,
467 2395 523 2454 sed
546 2402 703 2455 contectos
724 2392 853 2469 publicis
880 2396 1034 2470 operibus
1058 2406 1134 2470 atquc

103 2475 279 2534 muneribus
298 2491 397 2552 eaque
412 2477 628 2551 exstructione,
645 2479 779 2553 quaesit
800 2478 1038 2540 admemoriam
1054 2488 1133 2540 aeter·

103 2555 203 2616 nitatis
224 2574 277 2617 ara
296 2559 433 2621 Virtutis.
478 2560 529 2621 35.
558 2561 653 2635 Quam
679 2561 717 2621 ob
738 2576 802 2620 rem
828 2563 999 2623 maximum
1029 2563 1133 2640 quiden

104 2638 252 2699 solacium
279 2641 335 2700 erit
365 2643 607 2718 propinquorum
639 2646 747 2705 eodem
770 2655 972 2707 monumento
1002 2641 1132 2708 declarati

102 2731 134 2782 et
159 2721 298 2783 virtutem
322 2741 446 2786 suorum
475 2736 505 2787 et
520 2727 626 2802 populi
645 2727 775 2789 Romani
800 2728 946 2802 pietatem
972 2740 1004 2792 et
1024 2737 1131 2792 senatus

102 2805 195 2865 fidem
210 2813 239 2866 et
254 2808 455 2869 crudelissimi
474 2812 649 2873 memoriam
667 2812 752 2872 belli:
773 2809 804 2871 in
822 2829 884 2886 quo
903 2813 966 2874 nisi
990 2822 1071 2876 tanta
1089 2809 1132 2871 mi·

102 2888 186 2949 litum
213 2889 309 2952 virtus
343 2893 525 2966 exstitisset,
550 2894 715 2970 parricidio
741 2895 781 2953 M.
804 2896 932 2956 Antonii
956 2915 1069 2959 nomen
1088 2910 1132 2970 po·

102 2973 166 3044 puli
188 2975 317 3034 Romani
337 2976 513 3038 occidisset.
557 2980 659 3053 Atque
680 2978 768 3039 etiam
792 2994 923 3053 censeo,
947 2991 1054 3056 patres
1073 2994 1131 3040 con

103 3055 224 3130 scripti,
250 3075 329 3132 quae
349 3060 485 3133 praemia
508 3060 650 3122 militibus
671 3061 866 3136 promisimus
888 3079 950 3125 noa
971 3063 1128 3142 republica

101 3140 283 3213 recuperata
319 3141 500 3215 tributuros,
532 3160 568 3202 ea
603 3144 681 3205 vivis
718 3144 951 3221 victoribusque
986 3148 1126 3215 cumulate,

104 3233 194 3288 quum
231 3232 352 3298 tempus
387 3226 516 3299 venerit,
557 3228 776 3301 persolvenda:
813 3227 866 3303 qui
897 3237 1003 3292 autem
1034 3248 1071 3292 ert
1090 3225 1128 3298 iis,

103 3300 212 3394 qulbus
230 3305 281 3364 illa
297 3310 450 3382 promissa
465 3318 543 3381 sunt,
560 3326 615 3384 pro
637 3312 733 3386 patria
755 3312 944 3385 occiderunt,
970 3331 1072 3376 eorum
1088 3324 1129 3386 pt·

101 3383 247 3455 rentibus,
262 3389 374 3461 liberis,
390 3393 586 3487 coniugibus,
609 3394 750 3454 fratribus
766 3395 875 3456 eadem
892 3398 1054 3460 tribuenda
1071 3408 1129 3456 cen·
