2356 3854
16 197 19 206 '
38 217 41 229 ·
85 191 148 257 192
365 187 439 247 PRO
455 187 488 244 L.
503 187 668 246 MURENA
682 185 832 246 ORATIO.

86 340 217 412 denique
239 336 308 411 ipse
329 345 487 396 accusator
503 345 607 395 noster
622 335 794 396 Postumius
810 335 932 395 obviam
954 350 1020 396 cum
1031 337 1069 395 ber

85 437 195 494 magna
209 427 333 478 caterva
354 436 410 479 sua
426 418 521 492 venit,
543 419 616 492 quid
632 419 724 478 habet
736 417 795 477 ista
808 420 969 479 multitudo
986 421 1069 479 admir

86 503 197 565 tionis?
224 502 333 562 Omitto
349 501 489 573 clientes,
513 501 648 572 vicinoS,
672 501 812 572 tribules,
836 502 1004 562 exercitum
1019 513 1069 562 toto

84 585 216 656 Luculli,
240 586 292 658 qui
306 586 346 643 ad
360 585 541 658 triumphum
562 600 688 657 percos
710 584 776 642 dies
794 592 935 644 venerat:
961 585 1020 644 hoc
1033 586 1069 644 dio

85 667 286 744 frequentiam
307 666 336 726 in
356 668 415 726 isto
432 666 534 726 officio
556 667 712 739 gratuitam
728 682 789 724 non
809 668 903 726 modo
919 666 1069 741 dignitatit

54 814 56 827 ,
86 753 144 812 lius
159 767 318 825 nmquam,
340 752 396 809 sed
413 767 451 809 ne
467 749 612 809 voluntati
627 749 749 822 quidem
765 749 911 809 defuisse.
939 749 990 810 70.
1011 754 1069 810 Ats

86 836 242 895 otabantnr
267 834 359 893 multi.
403 835 502 903 Doce,
528 833 685 902 mercada:
711 832 878 890 concedam
899 849 973 893 esse
994 835 1069 892 crime

38 933 40 943 ·
85 919 151 977 Hoc
169 917 290 992 quidem
305 925 432 987 remoto,
449 915 521 989 quid
536 915 756 988 reprehendis?
787 915 921 974 XXXIV.
945 915 1022 989 Quid
1035 932 1067 989 op

86 1009 147 1073 est,
163 999 275 1075 inquit,
291 999 514 1063 sectatoribus?
535 1000 563 1055 A
576 1013 624 1055 mc
638 1005 670 1056 tu
686 997 715 1054 id
732 997 867 1071 quaeris,
892 999 969 1072 quid
985 1016 1069 1074 opus:

86 1099 138 1156 eo,
162 1099 222 1157 quo
244 1098 367 1155 semper
386 1081 435 1140 usi
455 1087 582 1140 sumus?
605 1080 750 1140 Homines
770 1088 878 1139 tenues
896 1099 992 1141 unum
1005 1082 1069 1140 habe

85 1165 116 1225 in
137 1174 271 1225 nostrum
290 1165 426 1224 ordinem
447 1173 499 1223 aut
519 1163 712 1238 promerendi
733 1171 784 1222 aut
805 1163 960 1223 referendi
978 1163 1069 1224 benedt

85 1249 201 1319 iocum,
227 1248 304 1306 bano
327 1247 357 1305 in
373 1246 487 1306 nostris
510 1245 704 1320 petitionibus
721 1261 844 1320 operam
862 1255 957 1321 atque
979 1249 1069 1307 adscot

85 1331 208 1389 tionem.
243 1331 354 1403 Neque*
371 1329 450 1387 enim
470 1328 536 1387 fieri
557 1337 659 1402 potest
679 1345 780 1402 neque
799 1330 1015 1402 postulandum
1035 1337 1069 1388 est

18 1435 25 1444 ·
85 1412 175 1471 nobis
190 1420 242 1471 aut
255 1413 293 1472 ab
310 1411 463 1487 equitibus
477 1411 636 1484 Romanis,
656 1420 690 1471 ut
710 1427 784 1471 suos
802 1413 1000 1473 necessarios
1014 1428 1069 1472 cant

86 1496 175 1555 datos
192 1496 386 1555 adsectentur
400 1503 480 1554 totos
496 1494 577 1553 dies:
594 1511 612 1552 a
627 1494 738 1569 quibus
751 1494 777 1553 si
791 1495 902 1554 domus
915 1506 1021 1557 nostra
1035 1494 1069 1553 ccl

85 1579 203 1651 bralur,
232 1577 258 1638 si
279 1578 427 1638 interdum
449 1579 488 1636 ad
507 1580 602 1637 lorum
624 1577 814 1648 deducimur,
842 1577 868 1638 si
889 1595 952 1639 uno
973 1577 1069 1640 basilia

87 1661 186 1735 spatio
203 1662 416 1734 honestamur,
432 1660 591 1736 diligenter
605 1660 763 1720 observari
777 1659 916 1721 videmur
930 1671 962 1722 et
979 1661 1047 1722 coli:
1062 1667 1069 1718 t

86 1745 226 1807 nuiorum
244 1754 274 1805 et
287 1760 347 1804 non
367 1753 583 1818 occupatorum
604 1745 768 1804 amicorum
788 1751 835 1802 cst
848 1745 910 1805 ista
929 1743 1069 1804 adsiduila

88 1845 217 1902 quorum
233 1828 322 1902 copia
336 1827 424 1887 bonis
441 1827 513 1886 viris
531 1838 562 1887 et
575 1826 722 1887 beneficis
738 1828 848 1886 deesse
862 1844 924 1887 non
941 1831 1027 1887 solet
1056 1821 1069 1884 l

85 1911 153 1971 Noli
174 1911 263 1986 igitur
285 1911 403 1986 cripere
424 1912 503 1970 bunc
527 1909 661 1968 inferiori
681 1910 784 1984 generi
806 1909 962 1970 hominum
989 1912 1069 1968 tincto

88 1994 193 2066 oflicii,
217 1994 305 2054 Cato=
331 1993 397 2053 sine
418 2010 488 2066 eos,
510 1992 562 2066 qui
584 1993 684 2052 omnia
701 1992 821 2051 anobis
841 2002 981 2066 sperant,
1003 1992 1069 2051 habe

87 2075 174 2150 ipsos
193 2092 317 2150 quoque
334 2076 448 2149 alicuid
471 2077 553 2150 quod
574 2076 661 2134 nobis
683 2075 814 2135 tribuere
835 2078 968 2149 possint.
996 2075 1026 2134 Si
1038 2071 1069 2132 nil

87 2158 144 2220 erit
158 2168 278 2234 practer
292 2159 426 2232 ipsorum
443 2158 635 2232 suffragium,
649 2168 740 2218 tenue
755 2167 816 2217 est:
840 2159 881 2231 si,
900 2168 931 2219 ut
948 2158 1068 2238 suffrage

88 2251 148 2316 tur,
170 2243 242 2301 nihil
259 2243 358 2302 valent
378 2241 481 2317 gratia.
510 2241 572 2316 lpsi
590 2241 737 2315 denique,
759 2250 792 2301 ut
813 2243 913 2300 solent
933 2241 1030 2316 loqui,
1047 2254 1069 2297 nt

87 2326 189 2385 dicere
206 2343 260 2400 pro
283 2325 386 2398 nobis,
407 2341 467 2384 non
485 2325 652 2399 spondere,
675 2341 734 2384 non
753 2320 864 2383 vocare
886 2325 1011 2384 domum
1027 2337 1069 2382 sua

87 2419 231 2483 possunt=
261 2419 352 2482 atque
373 2408 449 2467 haec
473 2409 599 2467 anobis
623 2416 728 2480 petunt
747 2407 862 2478 onmia,
888 2424 991 2482 neque
1006 2407 1069 2466 ulla‘

88 2492 156 2561 alia,
183 2489 261 2565 quae
276 2492 395 2550 anobis
411 2499 647 2565 consequuntur,
666 2490 724 2550 nisi
740 2506 833 2564 opera
850 2507 906 2548 sua
923 2500 1069 2565 compensa

88 2580 195 2646 putant
216 2589 319 2646 posse.
363 2576 470 2648 ltaque
492 2582 522 2633 et
542 2573 600 2647 legi
614 2573 740 2644 Fabiae,
763 2590 841 2646 quae
864 2582 912 2633 cst
935 2576 974 2634 de
991 2585 1069 2632 nume

87 2663 279 2726 sectatorum,
295 2665 324 2715 ct
340 2659 624 2728 senatusconsulto,
642 2657 725 2729 quod
739 2665 786 2716 est
796 2657 828 2715 L.
842 2656 975 2716 Caesare
991 2668 1069 2716 consu

87 2740 208 2809 factum,
225 2738 407 2798 restiterunt.
434 2741 521 2800 Nulla
535 2748 582 2797 est
596 2739 675 2797 enim
689 2755 788 2812 poena
803 2754 882 2812 quae
898 2742 998 2812 possit
1012 2737 1069 2798 obse

88 2823 218 2882 vantiam
235 2823 404 2881 tenuiorum
419 2824 457 2882 ab
473 2822 533 2881 boc
552 2831 655 2880 vetera
676 2821 812 2880 instituto
828 2821 999 2881 officiorum
1013 2818 1068 2878 cxci

87 2906 169 2965 dere.
216 2903 264 2965 72.
286 2908 327 2965 At
348 2907 521 2978 spectacula
538 2914 608 2964 sunt
623 2903 753 2964 tributim
772 2905 842 2963 data
857 2906 942 2963 etad
958 2901 1069 2979 prandio

88 2990 177 3063 vulgo
199 2988 309 3048 vocati.
349 2988 413 3067 Etsi
434 2989 493 3046 boo
516 2990 626 3046 lactum
641 2987 802 3064 aMurena
820 2987 960 3058 omnino,
990 2987 1069 3046 iudica

87 3086 147 3129 non
163 3080 224 3143 est,
241 3072 278 3130 ab
293 3071 359 3131 ‘eius
378 3069 483 3130 amicis
497 3078 597 3129 autem
612 3085 696 3129 more
712 3078 743 3128 et
756 3069 848 3128 modo
864 3070 978 3130 lactum
994 3074 1069 3139 est,t

87 3167 156 3210 men
172 3155 343 3214 admonitus
358 3171 392 3213 re
412 3153 480 3228 ipsa
501 3153 646 3212 recordor
671 3161 815 3226 quantum
838 3152 898 3211 hae
922 3146 1069 3226 conquesti

87 3248 143 3290 nes
160 3234 189 3292 in
209 3245 315 3297 senatu
330 3237 450 3296 habitae
466 3243 645 3309 punctorum
667 3234 771 3307 nobis,
797 3234 900 3308 Servi,
922 3231 1069 3295 detraxerit

88 3313 176 3385 Quod
191 3319 268 3377 enim
287 3329 405 3394 tempus
421 3319 475 3378 luit
489 3328 540 3377 aut
551 3325 655 3377 nostra
669 3326 720 3376 aut
732 3325 852 3392 patrum
865 3325 1036 3378 nostrorum
1050 3330 1069 3372 n

88 3394 184 3456 moria
203 3418 263 3474 quo
281 3402 366 3474 haec,
384 3403 449 3461 sive
463 3400 584 3460 ambitio
600 3398 653 3461 ast
662 3400 727 3459 sive
743 3400 917 3475 liberalitas,
941 3419 1001 3461 non
1018 3403 1069 3459 lucr
