2356 3854
53 210 57 234 ,
125 183 189 247 aaa
348 180 958 242 rnor.nunron1nonnoanrro.-
1019 145 1025 161 ’

105 359 108 367 ·
126 349 226 408 neque
237 341 296 392 tam
312 332 483 391 diuturnam
499 329 595 390 attulit
609 329 749 391 laetitiam
765 346 821 390 nec
840 339 963 392 tantam.
1001 330 1050 396 ta.
1061 334 1128 394 bian
1168 335 1174 391 t

125 418 194 476 date
216 415 274 476 hoc
294 413 472 487 memoriae,
494 412 621 474 iudices.
666 413 763 489 Spero
784 416 878 474 muita
903 432 960 475 vos
976 415 1132 492 liberosque

123 506 243 557 vestros
265 496 295 555 in
315 514 348 557 re
367 495 489 571 pubtioa
508 497 589 556 bona
611 511 682 555 esse
696 495 835 556 visuros:
858 495 889 555 in
910 496 949 556 iis
967 497 1089 574 singuiis
1102 499 1133 559 ib
1169 518 1174 556 ι

123 576 243 653 semper
257 578 481 651 existimabitis,
499 579 568 639 vivo
585 578 616 637 P.
633 577 823 638 Clodionihii
838 581 1021 642 eorum'vos
1032 583 1136 642 visuros
1171 602 1174 640 t

47 672 52 680 ‘
123 663 227 723 fuisse.
271 662 304 721 In
319 679 405 738 spem
421 661 580 720 maximam
596 669 633 732 et,
650 658 935 734 quemadmodum
951 664 1083 737 confido,
1094 679 1135 722 vo
1171 684 1174 722 ε

106 797 109 801 ,
122 745 270 804 rissimam
282 761 386 806 sumus
398 744 529 818 adducti,
540 744 619 803 hunc
630 742 731 817 ipsum
746 761 867 818 annum,
879 745 940 804 hoc
952 745 1024 821 ipso
1037 763 1137 807 sumno
1171 767 1174 803 τ

123 830 186 887 viro
203 828 336 901 consule,
351 842 527 901 compressa
538 826 692 886 hominum
706 826 842 898 licentia,
859 828 1079 902 cupiditatibus
1091 831 1135 888 ira·
1172 833 1174 888 i

124 912 193 982 ctis,
218 911 334 984 legibus
356 918 386 970 et
408 909 527 969 iudiciis
543 908 727 981 constitutis,
750 912 913 971 salutarem
925 909 1058 971 'civitati
1077 913 1136 972 iore.
1172 932 1174 970 t

121 994 197 1052 Num
213 993 282 1069 quis
297 1000 345 1052 cst
357 993 446 1066 igitur
460 999 519 1051 tam
534 991 658 1050 demens
680 991 732 1065 qui
745 991 804 1052 hoc
819 991 850 1049 P.
868 991 979 1053 Clodio
995 993 1067 1054 vivo
1082 1010 1137 1054 con
1173 1015 1174 1052 1

39 1107 43 1113 ·
122 1077 236 1150 tingere
252 1074 390 1150 potuisse
407 1074 586 1134 arbitraturi
609 1072 708 1146 Quinc
729 1091 782 1147 ea,
804 1090 883 1149 quac
899 1076 1022 1148 tenetis,
1039 1075 1137 1151 privata

80 1224 81 1228 ,
121 1167 213 1233 atquc
227 1160 329 1217 vestra
353 1157 525 1217 dominante
540 1156 661 1215 homine
683 1156 797 1217 iitrioso
821 1157 928 1231 quod
919 1175 973 1218 rus
989 1167 1137 1234 perpetuae
1173 1183 1174 1215 ;

121 1241 330 1314 possessionis
345 1239 457 1299 habere
471 1239 663 1314 potuissent
1172 1264 1174 1275 ι

78 1318 84 1333 “
110 1374 112 1378 .
180 1323 282 1381 XXIX.
298 1322 363 1380 Non
378 1321 484 1395 timeo,
499 1322 625 1394 iudices,
640 1337 679 1380 ne
694 1320 764 1381 odio
778 1337 913 1380 mearum
928 1321 1135 1383 inimicitiarum
1172 1366 1174 1383 ι

120 1403 323 1463 infiammatus
336 1404 475 1464 libentius
490 1404 587 1463 baec'
580 1421 610 1463 m
625 1403 707 1463 ilium
718 1419 859 1463 evomere
873 1404 983 1464 videar
995 1398 1085 1480 quam
1098 1421 1135 1464 ve
1172 1463 1174 1467 ι

125 1486 198 1546 rius.
241 1484 358 1546 Etenim
374 1487 430 1545 etsi
445 1486 642 1562 praecipuum
657 1502 727 1547 esse
743 1486 881 1557 debebat,
897 1495 1002 1548 tamen
1017 1488 1059 1547 ita
1073 1503 1135 1547 con·
1172 1513 1174 1550 1

122 1570 221 1628 munis
241 1578 305 1628 erat
328 1568 458 1632 omnium
480 1568 663 1641 iiiehostis‚
687 1570 770 1629 utin
791 1571 946 1630 communi
968 1571 1042 1630 odio
1057 1584 1135 1646 paone

121 1651 289 1746 aequaliter
310 1660 481 1711 versaretur
502 1652 603 1712 odium
623 1667 731 1710 mcum
773 1651 841 1710 Non
863 1661 971 1726 potest
992 1653 1054 1712 dici
1069 1651 1134 1720 satis

120 1751 159 1793 ne
174 1734 297 1809 cogitari
314 1735 450 1829 quidem,
473 1743 617 1810 quantum
634 1734 665 1792 in
681 1734 732 1794 iiio
749 1733 890 1806 sceleris,
906 1744 1058 1808 quantum
1072 1731 1134 1794 exitii

121 1817 218 1876 fuerit.
237 1814 288 1879 79.
304 1817 380 1891 Quin
397 1816 441 1878 sic
456 1818 608 1890 attendite,
623 1816 750 1876 iudicas
772 1816 887 1911 Nempe
902 1816 984 1878 hacc
999 1826 1048 1878 est
1062 1831 1134 1892 quae

120 1900 178 1960 siio
199 1901 238 1959 de
265 1899 383 1960 interitu
403 1901 435 1960 P.
456 1900 560 1960 ctodti.
609 1900 724 1975 Fingite
748 1898 855 1959 animis
880 1935 922 1946 -
949 1900 1066 1960 liberae
1085 1901 1135 1958 suti

123 1984 201 2040 enim
214 1991 336 2042 nostrae
352 1982 548 2057 cogitationes
564 1992 686 2058 atquae
702 1983 806 2043 volunt
823 1981 868 2041 sic
883 1983 1057 2053 intuentur,
1072 1988 1101 2041 ut
1111 1993 1135 2039 ea

121 2080 293 2134 cernamus,
317 2082 394 2138 quac
416 2082 476 2125 non
494 2066 628 2125 videmus
652 2096 702 2136 -,
725 2065 828 2139 tingite
850 2063 942 2137 igitur
968 2063 1134 2139 cogitatione

121 2147 281 2221 imaginem
295 2147 384 2207 huius
401 2147 589 2207 condicionis
607 2164 706 2207 meae:
723 2149 748 2207 si
763 2146 881 2222 possim
898 2148 1029 2208 efficere
1049 2155 1081 2206 ut
1091 2143 1132 2207 m-

120 2231 221 2289 loncm
236 2230 417 2303 absolvatis,
438 2231 494 2290 sed
510 2232 564 2302 ita,
587 2231 613 2288 si
626 2230 656 2287 P.
675 2229 796 2290 Clodius
811 2228 959 2291 revixerit
974 2274 1053 2290 .....
1075 2224 1133 2303 Quid

118 2315 203 2372 vuitu
210 2312 411 2373 extimuistis?
426 2328 556 2387 quonam
570 2314 661 2371 modo
676 2312 729 2371 iile·
736 2330 792 2372 voa
801 2314 891 2372 vivus
899 2314 1134 2386 adficerctouot

120 2405 256 2455 mortuns
271 2396 353 2456 inani
365 2395 546 2471 cogitatione
565 2395 737 2470 percussit?
754 2396 852 2467 Quid?
870 2395 896 2455 si
910 2395 982 2469 ipse
998 2398 1053 2456 Cn.
1067 2395 1133 2454 Pom

66 2518 69 2525 ι
119 2477 222 2552 peius,
245 2479 348 2552 quiea
364 2480 471 2539 virtute
487 2495 524 2536 ac
540 2479 658 2537 iortuna
675 2487 735 2549 est,
759 2487 790 2537 ut
807 2495 843 2537 ca
865 2479 1002 2551 potuerit
1024 2491 1133 2552 semper,

120 2575 200 2634 quae
215 2576 303 2619 nemo
323 2560 555 2634 praeteritum,
571 2562 596 2621 si
611 2561 653 2634 is,
668 2560 805 2634 inquam,
821 2560 976 2635 potuisset
994 2571 1048 2622 aut
1062 2573 1133 2636 qnae

119 2642 247 2715 stionem
269 2644 307 2702 de
327 2652 422 2702 morte
442 2643 472 2699 P.
493 2637 587 2702 Clodii
609 2645 687 2703 serre
709 2653 760 2703 aut
774 2643 873 2718 ipsum
888 2644 927 2703 ab
947 2644 1058 2705 inieris
1072 2638 1134 2703 exci-

118 2734 195 2798 tare,
216 2733 315 2785 utrum
330 2725 441 2799 putatis
454 2725 555 2799 potius
571 2729 716 2785 iacturum
735 2727 852 2787 fuisset
870 2725 972 2786 Etiam
988 2729 1017 2787 si
1025 2733 1136 2803 propter

116 2809 276 2869 amicitiam
291 2809 381 2867 veliet
394 2806 476 2868 illum
492 2809 530 2867 ab
544 2808 648 2867 inieris
670 2824 801 2868 evocare
825 2816 952 2882 propter
969 2826 1038 2870 rem
1054 2804 1134 2884 pubii-

118 2909 183 2952 cam
200 2911 260 2953 non
278 2891 413 2952 iecisset.
455 2892 633 2965 Eiusigitur
650 2890 754 2951 mortis
770 2890 884 2950 sedetis
904 2892 1044 2964 ultores
1067 2889 1135 2952 cuius
1170 2910 1174 2931 ·-

116 2978 206 3036 vitant
220 2976 246 3036 si
259 2975 369 3050 putetis
386 2992 442 3049 per
454 2991 509 3035 vos
521 2973 607 3034 restit
607 2973 637 3032 ui
596 2983 757 3046 t,posse
773 2973 882 3043 nolitis,
898 2976 982 3034 etde
995 2976 1136 3036 eiusnecc
1172 3020 1174 3025 .

117 3059 176 3118 lata
187 3069 294 3133 quaest
296 3059 324 3118 io
283 3066 402 3130 t,est
424 3059 474 3133 qui
489 3057 516 3116 si
531 3056 637 3117 eadem
654 3058 721 3131 iege
738 3056 929 3126 reviviscere
942 3067 1074 3131 posset,
1091 3058 1136 3116 lata

118 3138 167 3199 tex
182 3159 342 3238 numquam
359 3149 450 3201 essct
489 3139 585 3199 Huius
601 3155 673 3212 ergo
689 3140 862 3199 interfector
878 3138 904 3198 si
921 3149 1021 3209 esset,
1037 3141 1069 3200 in
1083 3151 1137 3199 con·

111 3219 230 3281 iitendo
242 3225 310 3284 ab'
292 3241 370 3284 nsnc
382 3239 511 3297 poenam
524 3222 647 3293 timeret,
665 3239 744 3317 quos
755 3223 971 3282 liberavisset?
984 3222 1040 3284 80.
1051 3214 1138 3282 Graeci

117 3299 253 3362 homines
269 3307 395 3366 deorum
411 3307 544 3366 honores
561 3304 725 3365 tribuunt”
706 3322 744 3364 ns
759 3305 849 3376 viris,
868 3304 920 3377 qui
936 3312 1088 3380 tyrannos
1100 3314 1138 3360 ua

118 3386 269 3444 caverunt.
293 3388 377 3460 Quae
388 3404 445 3460 ego
461 3387 521 3447 vidi
533 3388 676 3462 Athenis!
693 3404 771 3462 quae
787 3386 876 3448 aliis
868 3403 898 3449 m
913 3387 1049 3451 urbibus
1065 3387 1138 3448 crae

184 3598 260 3624 Α)
