2356 3854
326 375 369 456 it.
398 369 532 506 Tullii
560 369 772 454 cinitonis

55 667 58 670 ‚
122 538 125 543 ·
162 537 267 632 nno
290 539 333 685 r.
362 538 505 636 lunio
536 535 714 634 nilons
746 536 941 639 omnio.

498 730 616 742 --·—-

169 848 221 910 nx
237 806 525 912 connnnnnnrrs
541 853 574 926 o.
590 853 744 914 Asconrr
760 853 921 913 nnornrn.

66 986 153 1037 illanc
170 987 234 1037 dixit
244 987 289 1043 Gn.
303 988 422 1052 Pompeio
440 988 483 1047 111.
499 990 602 1040 consule
618 1006 642 1045 a.
662 991 687 1040 d.
702 991 746 1044 VI.
766 990 826 1040 idus
844 987 925 1053 April.
946 988 982 1051 [c.
1002 1005 1029 1038 u.
1044 1005 1067 1039 c.

52 1055 105 1120 ttJ.
124 1055 198 1114 Quod
209 1057 330 1107 indicium
344 1071 422 1118 quum
439 1065 563 1122 ageretur,
583 1060 721 1125 esercitum
740 1061 765 1107 in
785 1058 840 1108 loro
857 1065 882 1108 et
900 1057 1017 1106 omnibus
1039 1059 1065 1106 iu

52 1124 144 1188 impiis,
163 1139 228 1187 quse
245 1125 338 1174 circum
354 1124 437 1188 iorum
451 1130 517 1184 sunt,
536 1124 684 1177 collocatum
699 1141 715 1177 n
729 1126 773 1181 Gn.
788 1125 907 1191 Pompeio
924 1125 1005 1176 fuisse
1016 1139 1067 1174 non

52 1199 129 1252 tntum
148 1205 180 1242 ex
195 1191 242 1242 hac
260 1194 373 1243 oratione
392 1200 416 1241 et
433 1193 580 1257 annalibus,
604 1195 650 1244 sed
667 1196 743 1246 etism
759 1211 791 1246 ex
807 1195 870 1245 libro
888 1201 1006 1260 apparet,
1023 1195 1067 1256 qui

52 1257 160 1325 lcaronls
176 1261 276 1312 nominc
293 1260 440 1311 inscribitur
457 1261 488 1311 dc
501 1265 690 1329 optimogenere
702 1272 828 1315 cratonem
847 1263 881 1328 [e.
896 1264 922 1317 4.
939 1264 963 1326 S.
984 1259 1047 1329 10.].

313 1395 586 1459 ARGUMENTUM
599 1398 675 1460 Hoc
691 1400 774 1462 EST.

98 1507 129 1557 Τ.
148 1508 246 1558 Annius
262 1507 322 1558 Milo
341 1517 365 1559 et
378 1510 406 1566 P.
424 1511 538 1561 Plautius
553 1501 685 1576 prsaeas
702 1520 726 1560 st
738 1511 766 1570 Q.
777 1509 894 1560 Metellus
908 1507 991 1575 Scipio
1006 1525 1067 1561 con-

52 1579 142 1627 uictum
160 1578 287 1641 petierunt
306 1592 356 1627 non
373 1580 455 1628 solnm
472 1577 605 1643 largitione
618 1579 703 1642 palam
722 1578 840 1644 profusa,
858 1578 905 1627 sed
926 1578 1003 1627 etism
1022 1579 1064 1629 la·

52 1647 162 1701 tionibus,
173 1653 325 1695 armatorum
340 1649 471 1700 succincti.
483 1646 584 1695 ‘Miloni
599 1653 623 1695 et
639 1645 726 1696 clodio
741 1644 859 1696 summae
872 1652 943 1694 erant
957 1647 1067 1695 inimici·

52 1729 87 1775 ae,
104 1713 177 1777 quod
191 1720 216 1762 et
225 1712 285 1762 Milo
298 1713 425 1764 ciceronis
436 1723 489 1763 erat
507 1715 677 1762 amicissimus
696 1716 722 1763 in
736 1713 931 1774 reducendoque
946 1727 976 1761 eo
992 1713 1066 1762 enixe

52 1785 133 1845 peram'
156 1782 193 1830 rei
207 1781 326 1845 publicae
340 1783 443 1832 dederat
464 1789 489 1830 et
506 1782 533 1830 P.
552 1780 652 1831 clodius
670 1782 786 1830 restituto
803 1779 916 1830 Ciceroni
932 1788 984 1830 crat
1000 1779 1066 1840 inle-

54 1850 158 1902 issimus
174 1849 281 1911 ldeoque
297 1865 394 1913 summe
407 1851 523 1900 studebant
537 1849 654 1915 Hypsaeo
668 1855 693 1898 et
710 1848 821 1913 Scipioni
835 1855 922 1898 contra
935 1847 1065 1898 Milonem.
1160 1846 1161 1853 ’

52 1935 64 1968 c
87 1933 169 1983 saepe
195 1919 260 1967 inter
280 1932 308 1967 se
325 1918 385 1967 Milo
410 1925 435 1967 et
453 1917 557 1968 Clodius
580 1931 637 1966 cum
661 1918 713 1968 anis
738 1917 891 1967 factionibus
907 1915 1004 1966 Romae
1021 1917 1065 1966 de·

52 1993 220 2054 amoverant,
239 1992 264 2035 et
281 1994 350 2036 erant
368 1994 472 2049 aterque
491 1987 596 2036 audacia
613 1999 697 2050 pares,
714 1986 760 2036 sed
777 1985 836 2035 Milo
853 2000 899 2051 pro
917 1985 1066 2035 melioribus
1093 2003 1095 2006 ⁴

52 2058 146 2106 trtibus
161 2054 251 2105 stabat.
274 2056 405 2105 Praeterea
421 2056 448 2103 in
467 2055 582 2104 eumdem
597 2068 689 2107 annum
703 2053 861 2104 consulatum
877 2053 945 2112 Milo,
962 2054 1067 2104 Clodius

52 2135 174 2175 asturam
193 2123 306 2186 petebat,
328 2138 404 2185 qnam
421 2123 527 2173 debilem
544 2122 654 2172 futuram
670 2122 773 2172 consule
789 2121 881 2172 Milone
898 2123 1065 2186 intelligebat.

52 2192 127 2243 binde
155 2205 233 2252 quam
257 2191 299 2240 din
323 2196 403 2241 tracta
426 2199 509 2242 esseut
533 2191 633 2240 comitio
650 2191 791 2241 consularis
812 2191 948 2256 perficique
972 2191 1003 2238 ob
1022 2203 1066 2238 ens

52 2275 97 2311 aas
113 2259 228 2324 perditas
240 2259 428 2310 candidatorum
447 2260 618 2323 contentiones
633 2271 684 2308 non
703 2267 820 2325 possent,
844 2267 867 2307 et
885 2259 916 2306 ob
933 2258 960 2307 id
977 2272 1064 2306 mense

52 2329 145 2380 nuario
168 2327 289 2376 callidum
304 2343 385 2390 neque
399 2329 515 2379 consules
528 2330 611 2391 neque
632 2337 760 2393 prnetores
777 2336 861 2376 essent
876 2325 1065 2389 trahereturque

52 2412 80 2447 as
100 2396 192 2447 eodem
210 2410 260 2457 qno
277 2403 350 2445 antea
367 2399 451 2454 modo,
468 2411 546 2460 quum
561 2396 621 2445 Milo
639 2397 840 2461 quamprimum
859 2396 961 2445 comitia
979 2393 1066 2444 confici
1154 2392 1158 2401 '

52 2466 104 2517 ›llet
132 2463 315 2526 conticeretqua
338 2480 414 2526 quum
441 2467 562 2516 bonorum
583 2464 689 2523 studiis,
714 2464 783 2526 quod
805 2463 943 2512 obsistebat
968 2461 1066 2522 clodio,

53 2551 78 2584 m
98 2534 176 2582 ctiam
187 2531 275 2595 populi
290 2541 393 2597 propter
408 2533 500 2583 effusas
513 2533 661 2598 largitiones
673 2533 851 2596 impensasque
866 2531 983 2580 ludorum
995 2546 1066 2581 scae·

52 2615 142 2653 corum
160 2613 189 2648 ac
207 2599 351 2663 gladiatorii
368 2603 477 2655 muueris
495 2604 629 2659 maximas,
645 2602 670 2650 iu
690 2616 753 2663 quos
770 2602 818 2650 trio
835 2601 987 2665 patrimonia
1002 2599 1065 2650 effu·

52 2685 96 2720 sse
117 2681 176 2716 eum
193 2665 280 2718 Cicero
298 2669 437 2732 significat,
456 2670 633 2734 competitores
649 2669 703 2718 elus
722 2669 821 2719 trahere
840 2669 940 2733 vellent,
957 2669 1067 2730 ideoque

52 2738 165 2803 »mpeins
180 2751 258 2801 gener
275 2734 400 2801 Scipionis
418 2744 442 2786 et
457 2737 486 2790 T.
502 2738 627 2786 Munatius
640 2738 755 2786 tribunus
771 2737 852 2802 plebis
873 2736 960 2786 referri
975 2736 1008 2785 sd
1025 2749 1065 2782 se-

52 2817 114 2857 tum
133 2804 165 2853 de
183 2805 295 2869 patriciis
313 2805 495 2865 convocandis,
511 2804 554 2867 qui
572 2805 723 2869 interregem
740 2806 889 2870 proderent,
909 2818 959 2853 non
982 2807 1065 2851 essent

52 2876 115 2928 issi.
134 2887 212 2934 quum
227 2874 377 2938 interregem
394 2875 500 2938 prodere
517 2873 595 2922 moris
613 2880 688 2931 esset,
704 2886 728 2921 a.
743 2873 769 2925 d.
788 2869 851 2920 XllI.
872 2871 925 2919 Kal.
941 2871 1014 2922 Febr.
1030 2894 1065 2905 -

52 2954 79 2993 ta
98 2941 193 2990 etenim
211 2943 292 3006 magis
311 2943 441 3004 sequenda
456 2942 574 3005 etipscm
592 2941 744 2997 orationem,
768 2953 834 3004 quae
861 2939 924 2987 sctis
939 2937 1064 3002 congruit,
1134 2980 1136 2991 ‚

52 3021 86 3061 rto
107 3023 183 3071 qnam
199 3009 373 3067 Fenestellam,
392 3011 436 3072 qni
452 3025 475 3059 a.
496 3009 519 3058 d.
535 3007 601 3061 XIV.
620 3007 677 3056 Kal.
688 3009 760 3060 Febr.
779 3007 895 3055 tradit-
906 3004 966 3057 Milo
983 3006 1065 3053 Lanu·
1093 3059 1101 3070 1

52 3095 113 3135 nm,
129 3093 162 3128 ex
181 3093 231 3140 quo
250 3086 302 3127 erat
318 3080 455 3142 municipio
474 3086 498 3127 et
515 3076 551 3125 ibi
565 3084 617 3124 turn
636 3076 750 3132 dictator,
769 3073 897 3138 proiectus
917 3081 955 3121 est
974 3073 1006 3122 ad
1020 3072 1065 3122 lla·

52 3151 124 3198 inem
139 3146 294 3212 prodendum
310 3156 410 3210 postera
429 3146 479 3198 die.
502 3143 616 3194 Occurrit
631 3145 654 3192 ei
668 3147 735 3201 circe
750 3142 840 3192 boram
855 3156 945 3190 nonem
963 3139 1065 3192 Clodius

52 3217 119 3267 rullo
141 3217 208 3265 oltra
225 3214 345 3274 Bos-illas,
356 3214 460 3263 rediens
481 3215 511 3262 ab
527 3213 619 3270 Aricia,
636 3227 715 3277 prope
728 3225 785 3260 euin
802 3210 895 3270 locum,
914 3210 938 3259 in
957 3225 1005 3272 quo
1017 3209 1065 3260 Bo-

52 3303 75 3335 re
105 3285 167 3333 deas
185 3283 302 3333 sacellum
327 3289 374 3336 est.
410 3280 469 3330 Erat
484 3288 566 3329 nutem
582 3280 713 3330 adlocutus
729 3281 876 3330 decuriones
896 3281 1063 3332 Aricinorum.

53 3352 178 3404 ahebatnr
199 3350 302 3401 Clodius
326 3364 400 3413 equo.
438 3347 512 3398 Servi
526 3349 601 3399 XXX
621 3349 673 3399 lere
697 3347 823 3412 expediti,
846 3355 873 3396 ut
891 3347 934 3397 illo
952 3359 1065 3412 ternpore
