2356 3854
83 130 145 235 rsa
346 167 384 227 ιιι
400 168 434 227 n.
452 163 662 226 cnrrnrnnn
678 160 820 229 anano
835 163 858 221 ι.

85 321 175 383 etiam
191 317 281 379 bonis
299 317 482 381 ociosorum.
505 316 608 375 llabes
621 314 674 374 ubi
688 321 825 374 ostentes
836 321 919 374 tuam
934 311 1031 386 illam}

85 405 268 466 claramt
215 401 389 478 patientiam
404 399 508 472 lamis,
540 397 677 473 trigoris,
704 397 838 472 inopiae
850 413 954 456 rerum
975 412 1031 457 omr

87 487 199 564 quibus
219 494 249 545 te
269 483 356 546 brevi
371 493 507 558 tempore
521 474 694 542 conlectum
709 496 781 541 esse
799 479 923 541 senties.
956 477 1009 543 27.

86 579 147 632 tum
162 568 280 645 proieci
294 577 369 639 turn,
388 582 480 640 quum
494 574 524 625 te
539 581 559 623 a
574 565 735 624 consulatu
750 561 887 638 reppuli,
907 570 943 623 ut
958 578 1031 622 exsu

86 652 146 715 tius
160 659 308 726 temptare
320 665 411 725 quam
429 649 537 708 consul
550 663 664 708 vexare
678 663 741 706 rem
757 646 912 721 publicam
932 660 1031 720 possa

88 751 149 811 qua
162 743 196 795 ut
210 735 250 807 id,
268 733 352 810 quod
362 740 410 793 cst
420 746 438 791 a
448 739 479 792 te
494 732 641 791 scelerate
654 738 840 806 susceptum,
855 729 1031 789 latrociniun

87 817 147 886 tius
164 833 254 893 quam
268 816 380 878 bellum
394 813 608 876 nominaretur.

170 900 220 958 Xl.
244 901 340 972 Nunc,
354 908 388 958 ut
403 915 423 957 a
436 913 499 969 me,
515 905 618 972 patres
635 894 816 970 conscripti,
837 895 1031 969 quamdamp

87 983 197 1045 iustam
216 981 330 1057 patriae
345 979 563 1055 querimoniam
578 981 711 1039 detester
725 996 762 1039 ac
778 978 943 1053 deprecer,
961 993 1031 1052 pero

88 1081 222 1142 quaeso,
244 1064 403 1139 diligenter
426 1079 506 1139 quae
522 1062 620 1122 dicam
641 1070 671 1122 et
690 1078 727 1122 ca
745 1061 864 1137 penitus
881 1058 992 1120 animis
1009 1077 1031 1118 u

87 1147 300 1222 mentibusque
316 1145 466 1206 mandate.
497 1145 615 1206 Etenim
634 1144 662 1205 si
676 1161 795 1205 mecum
809 1144 923 1219 patria,
947 1159 1024 1218 quae

88 1229 150 1292 vita
165 1246 234 1290 mea
247 1231 340 1290 multo
356 1237 404 1288 est
418 1227 531 1302 carior,
547 1230 573 1288 sl
589 1236 697 1289 cuncta
711 1227 810 1300 ltalia,
834 1226 860 1287 si
878 1225 978 1287 omnis
995 1243 1031 1286 re

87 1313 168 1374 blica
181 1314 337 1387 loquatur:
352 1312 393 1370 Μ.
410 1311 502 1383 Tulli,
520 1312 593 1386 quid
609 1312 697 1387 agis?
722 1312 806 1371 Tune
823 1327 907 1382 cum,
940 1327 1029 1386 quern

86 1395 207 1457 hostem
223 1394 413 1470 comperisti,
436 1410 525 1490 quern
541 1396 649 1479 ducem
662 1395 734 1455 belli
754 1395 886 1454 luturum
901 1393 1006 1466 vides,
1026 1412 1031 1449 ι

88 1478 262 1552 exspectari
281 1477 495 1575 imperatorem
510 1476 542 1536 in
563 1468 671 1538 castris
686 1476 818 1538 hostium
836 1477 949 1550 sentis,
963 1484 1032 1537 auct

89 1559 231 1634 sceleris,
256 1561 425 1638 principem
440 1559 672 1657 coniurationis,
700 1569 893 1621 evocatorem
914 1577 1031 1620 servom

88 1642 200 1705 civium
214 1644 417 1720 perditorum,
432 1644 516 1705 exire
534 1643 667 1720 patiere,
684 1653 718 1705 ut
736 1645 792 1704 abs
808 1652 837 1704 tc
853 1660 913 1704 non
931 1644 1031 1704 cmissr

87 1727 172 1801 urbe,
189 1728 246 1796 sad
265 1727 428 1790 immissus·
441 1728 472 1787 in
494 1729 601 1788 urbem
618 1740 689 1789 esse
708 1726 871 1787 videaturt
907 1728 977 1787 Non
992 1727 1030 1786 hu

88 1809 211 1872 vincula
225 1812 305 1884 duci,
320 1829 381 1872 non
397 1812 575 1872 adlmortern
589 1810 665 1887 rapi,
680 1827 741 1871 non
755 1827 873 1871 summo
886 1809 1031 1887 supplicio

2 1949 4 1954 .
87 1896 161 1954 atari
177 1894 365 1969 imperabis?
393 1895 444 1957 28.
463 1894 540 1969 Quid
555 1895 677 1955 tandem
690 1903 722 1955 te
736 1893 887 1969 impediti·
900 1894 1031 1955 Mosner

86 1983 176 2035 rumt
204 1979 245 2038 Αι
258 1994 409 2053 persaepe
425 1977 514 2038 etiarn
529 1978 638 2053 privati
652 1978 683 2038 in
700 1978 758 2042 hac
777 1992 812 2037 re
829 1977 954 2052 publica
968 1994 1031 2053 perr

88 2073 142 2118 sos
160 2057 244 2118 cives
258 2069 357 2121 morte
375 2062 605 2122 mulctavcrunt.
647 2063 697 2120 Αιι
718 2061 818 2135 leges,
844 2077 923 2135 quae
946 2062 985 2121 da
1007 2061 1031 2120 ci

86 2141 293 2202 Romanorum
313 2143 464 2218 supplicio
485 2153 610 2219 rogatae
632 2152 724 2205 suntt
763 2147 805 2205 Αι
827 2160 994 2218 numquam
1014 2144 1031 2203 ir

86 2224 162 2285 urbe
178 2223 231 2299 qul
245 2242 263 2285 a
276 2242 310 2286 re
325 2225 456 2301 publica
465 2228 642 2288 deiecerunt
657 2227 768 2288 civium
782 2229 848 2289 iura
867 2235 1031 2288 tenuerunt.

86 2305 232 2368 invidiam
253 2309 438 2384 posteritatis
463 2310 575 2373 timest
615 2311 803 2371 Praeclaram
830 2327 903 2370 vero
926 2314 1031 2386 popul<

87 2407 176 2451 mano
192 2393 289 2453 relers
304 2393 447 2469 gratiam,
464 2393 517 2470 qul
532 2403 561 2454 te
574 2393 725 2454 hominem
739 2410 795 2469 per
809 2403 839 2454 te
855 2394 1020 2469 cognitum,

87 2475 351 2538 commendatione
364 2476 526 2549 maiorum,
546 2487 606 2538 tam
617 2485 732 2538 mature
745 2479 784 2537 ad
796 2494 948 2538 summum
959 2477 1031 2552 impr

85 2571 143 2629 per
158 2572 265 2618 omnes
279 2559 430 2620 honorum
444 2562 558 2636 gradus
572 2560 694 2632 extulit,
715 2561 742 2621 si
762 2569 887 2636 propter
906 2561 1031 2622 invidiar

84 2637 215 2700 alicuius
231 2641 360 2715 periculi
374 2652 484 2704 metum
501 2646 628 2705 salutern
643 2643 754 2703 civium
770 2644 1031 2720 tuorumnegligis

85 2719 187 2782 Sed
162 2737 202 2781 ιι
198 2723 274 2798 quis
289 2733 337 2786 est
352 2724 485 2787 invidiae
501 2737 610 2801 metus,
630 2744 702 2788 num
716 2736 765 2788 est
774 2727 988 2790 vehementius
1003 2745 1031 2788 sa

1 2823 3 2828 ·
83 2802 155 2865 tatis
169 2821 206 2865 ac
222 2806 406 2869 fortitudinis
424 2809 538 2870 invidia
552 2827 644 2886 quarn
660 2809 788 2870 inertiae
803 2827 840 2871 ac
855 2811 1031 2886 nequitiae}

83 2889 270 2951 noscenda?
295 2894 345 2953 Au
361 2909 454 2967 quum
467 2894 547 2955 bello
564 2894 732 2955 vastabitur
745 2895 845 2966 ltalia,
861 2896 1031 2956 vexabuntu

83 2972 155 3045 bes,
168 2981 250 3036 tecta
264 2975 426 3048 ardebunt,
443 2985 506 3037 tum
519 2985 549 3038 tc
564 2994 625 3038 non
639 2978 799 3038 existimas
816 2974 982 3037 invidiae
974 2994 1031 3039 ma

83 3055 362 3131 conflagraturumt
388 3059 452 3118 llll.
474 3058 530 3120 llis
544 3077 604 3134 ego
620 3060 823 3121 sanctissimis
837 3061 882 3120 rei
905 3060 1031 3136 publica

83 3135 170 3198 cibus
188 3149 337 3211 eteorum
353 3141 525 3218 hominurn,
549 3161 602 3219 qur
593 3143 676 3203 'hoc
690 3143 771 3204 idem
793 3144 942 3218 sentiunt,
964 3161 1031 3204 men

82 3232 184 3291 pauca
196 3226 402 3299 respondebo.
445 3227 526 3301 Ego,
548 3226 585 3286 si
595 3227 655 3288 hoc
677 3227 823 3302 optimum
838 3230 920 3287 lactu
940 3227 1031 3288 iudlc

81 3307 185 3374 patres
199 3307 380 3383 conscripti,
403 3309 559 3370 Catilinam
579 3319 676 3372 morte
696 3311 849 3382 mulctari,
879 3311 970 3372 unius
992 3330 1030 3372 us

82 3381 178 3445 horae
190 3388 374 3461 gladiatori
366 3392 417 3453 rati
430 3393 471 3453 ad
484 3392 649 3456 vivendum
668 3411 730 3455 non
744 3395 909 3455 dedissem.
955 3395 1031 3458 Eten
