2356 3854
106 192 150 267 aa
266 208 339 269 ruo
362 208 444 268 sax.
467 206 602 268 nosuo
626 159 799 266 duranum
820 187 970 266 annuo.

55 408 58 415 .
111 360 202 433 iuria,
213 365 375 434 propterea
393 359 476 431 quod
490 358 633 417 auxitIum
651 356 709 416 sibi
724 374 758 418 se
773 361 857 432 putat
873 356 1052 416 adiunxisse

111 459 180 502 oum
200 443 293 500 altero
310 457 373 500 rem
389 434 627 500 communicarit.
669 440 719 498 Ad
738 440 825 500 ouius
846 440 936 514 igitur
953 440 1044 498 tidem

112 525 214 598 fugiet,
231 541 332 597 quum¹
342 540 396 597 per
410 523 476 582 eius
492 525 582 582 iidem
597 524 724 582 laeditur
739 523 789 583 eui
805 540 839 583 se
857 523 1052 598 commiseritj

111 607 165 682 qui
185 603 222 666 aa
244 615 313 666 sunt
330 603 597 666 animadvertenda
610 615 737 680 peecata
754 605 898 678 maxime,
917 621 996 679 quae
1012 607 1051 662 dit

111 691 181 749 time
198 697 425 763 praecaventur.
451 686 536 749 Tecti
549 705 619 748 esse
633 690 672 747 ad
691 688 808 748 alienos
830 705 1013 762 possumus:
1036 687 1052 746 ir

111 773 203 832 mutta
219 772 370 846 apertiora
385 772 507 832 videant
521 787 650 847 neeesse
664 778 724 830 est:
740 771 856 831 socium
867 787 976 830 cavere
991 773 1042 844 qui

101 862 238 918 sumus?
253 870 342 927 quem
354 854 443 914 etiam
461 854 487 914 si
502 855 670 925 metuimus,
687 853 734 912 ius
751 854 845 913 officii
859 855 1017 913 laedimus.
1038 855 1052 910 i

112 939 201 1013 igitur
216 935 347 997 maiores
366 953 443 1008 eum,
459 936 510 1010 qui
528 935 644 995 socium
665 934 831 1010 fefellisset,
845 938 875 995 in
887 937 1021 995 virorum
1035 937 1052 995 b

82 1040 88 1049 “
111 1039 178 1082 rum
197 1035 321 1081 numero
343 1035 404 1077 non
425 1027 566 1092 putarunt
588 1018 691 1077 haberi
713 1028 862 1093 oportere.
904 1016 976 1079 117.
1002 1023 1041 1078 At

82 1140 90 1153 κ
109 1107 143 1165 Τ.
157 1104 289 1164 Roscius
304 1119 364 1162 nou
386 1117 477 1161 unum
498 1101 542 1160 rei
563 1100 887 1176 pecuniariaesucium
902 1101 1021 1173 fefellit,
1037 1120 1052 1174 q

112 1185 230 1246 tametsi
250 1178 343 1258 grave
358 1191 420 1256 est,
442 1193 539 1244 tamen
563 1185 664 1258 aliquo
685 1185 776 1244 modo
799 1201 898 1257 posse
917 1184 988 1242 terri
1005 1183 1052 1242 vid

115 1285 218 1327 verum
240 1283 351 1326 novem
371 1267 508 1326 homines
529 1266 725 1341 fortissimos,
754 1266 892 1326 eiusdem
913 1265 1045 1324 muneris

111 1349 253 1424 gationis,
271 1349 364 1408 officii
381 1350 651 1422 mandatorumque
665 1350 768 1408 socios
789 1348 914 1420 induxit,
933 1350 1052 1421 decepit

111 1432 220 1503 stituit,
242 1432 425 1492 adversariis
440 1432 577 1503 tradidit,
600 1431 680 1490 omni
697 1432 802 1491 fraude
818 1440 847 1490 et
868 1432 998 1505 pertidia
1013 1433 1052 1488 tet

112 1515 166 1590 qui
180 1516 219 1574 de
235 1514 302 1574 eius
324 1510 441 1574 s'eeiere
459 1515 608 1590 suspicari
625 1515 697 1573 nihil
710 1523 878 1588 potuerunt,
905 1513 1052 1573 sociumo

113 1606 247 1657 metuere
262 1614 323 1657 non
338 1598 515 1667 debuerunt,
531 1597 597 1656 eius
609 1597 750 1656 malitiam
761 1614 822 1657 non
838 1597 986 1669 viderunt,
1004 1613 1052 1656 ora

12 1755 16 1761 ,
103 1697 211 1756 ¹vanae
233 1681 434 1739 erediderunt.
471 1683 576 1754 ltaque
597 1697 676 1739 nune
696 1679 738 1739 iili
762 1679 900 1739 homines
925 1679 1052 1738 honestis

112 1771 238 1839 propter
261 1756 350 1824 istius
380 1763 506 1824 insidias
533 1779 638 1837 parum
668 1771 809 1837 putantur
842 1763 921 1821 cauti
951 1762 1052 1836 provid

113 1848 226 1917 fuisse;
254 1848 326 1919 iste,
349 1847 401 1921 qui
421 1847 506 1906 initio
528 1845 665 1920 proditor
688 1845 758 1917 tuit,
781 1845 891 1904 deinde
915 1845 1052 1918 perfuga,

113 1931 211 2004 primo
227 1929 380 1988 sooiorum
396 1929 524 1990 consilia
537 1928 722 1988 adversariis
744 1927 930 1996 enunciavit,
954 1927 1052 1985 deind<

7 2075 23 2085 x
113 2008 255 2070 dietatem
265 2027 333 2069 oum
348 2011 424 2085 ipsis
440 2011 624 2070 adversariis
638 2010 719 2082 coiit,
741 2019 833 2069 terret
852 2010 941 2069 etiam
956 2027 1013 2069 nos
1027 2025 1052 2067 at

112 2102 209 2167 natur,
223 2093 319 2151 tribus
338 2093 480 2166 praediis,
496 2093 555 2151 hoc
574 2101 622 2152 est
641 2093 784 2167 praemiis
800 2092 935 2164 sceleris
949 2101 1052 2152 ornatu

112 2175 274 2235 eiusmodi
287 2174 358 2246 vita,
374 2175 500 2245 iudices,
515 2174 547 2233 in
562 2174 610 2234 his
625 2183 670 2234 tot
679 2175 831 2248 tantisque
846 2174 967 2248 flagitiis
979 2175 1037 2233 hoo

115 2275 174 2332 qua
192 2257 387 2329 maleficium,
411 2258 450 2316 de
471 2273 531 2331 quo
552 2256 694 2330 iudicium
711 2267 766 2329 est,
780 2257 948 2331 reperietis.
991 2257 1049 2317 118

114 2343 194 2404 enim
209 2355 355 2415 quaerere
370 2339 411 2399 ita
426 2339 557 2399 debetis:
578 2339 629 2399 ubi
644 2341 735 2400 multa
749 2357 855 2412 avare,
872 2340 964 2398 muita
978 2341 1052 2399 auda

113 2425 206 2482 multa
220 2423 373 2497 improbe,
395 2425 487 2482 muita
507 2423 673 2495 perfidiose
693 2425 772 2483 faeta
788 2422 944 2490 videbitIS,
967 2422 1008 2480 ibi
1029 2438 1052 2480 st

112 2521 239 2579 quoque
259 2507 352 2564 latere
375 2505 453 2564 inter
473 2506 523 2563 iila
542 2513 586 2564 tot
602 2503 722 2578 flagitia
734 2514 881 2580 putatote.
925 2504 1052 2563 Tametsi

111 2587 237 2662 quidem
252 2587 372 2646 minime
387 2589 466 2661 latet,
482 2589 563 2661 quod
577 2588 619 2647 ita
633 2598 806 2662 promptum
826 2597 856 2647 et
871 2587 1052 2662 propositum

112 2678 220 2730 utnon
238 2686 276 2727 ex
290 2671 348 2728 iltis
360 2669 525 2742 maleficiis,
541 2686 620 2744 quae
634 2669 664 2729 in
679 2671 729 2731 itio
743 2679 863 2729 constat
877 2687 957 2742 esse,
972 2670 1031 2728 hoo
1047 2671 1052 2727 i

112 2752 230 2826 ligatur,
247 2768 353 2811 verum
370 2768 408 2812 ex
424 2754 482 2812 hoe
500 2754 598 2824 etiam,
613 2752 640 2812 si
658 2754 741 2827 quod
757 2754 874 2813 illorum
891 2755 967 2812 torte
982 2753 1052 2810 dubi

112 2847 168 2905 tur,
188 2835 395 2898 convineatur.-
424 2835 502 2908 Quid
516 2837 653 2907 tandem,
677 2852 809 2910 quaeso,
827 2835 966 2895 iudices?
994 2852 1052 2893 nun

46 2971 49 2975 a
112 2919 163 2979 ilie
186 2918 295 2978 lanista
311 2919 433 2978 omnino
447 2920 506 2978 iam
520 2935 537 2979 a
552 2918 653 2993 gladio
675 2919 845 2979 recessisse
867 2917 985 2976 videtur
1009 2929 1052 2978 aut

112 3001 282 3076 disciputus
301 3002 445 3076 magistro
472 3003 618 3062 tantulum
640 3002 679 3060 de
699 3010 762 3061 arte
783 3002 974 3062 aonoederet
1006 2999 1052 3060 Par

112 3085 245 3156 avaritia,
262 3084 368 3159 similis
383 3084 568 3159 improbitas
581 3085 687 3143 eadem
699 3084 893 3160 impudentia,
906 3083 1026 3158 gemina
1038 3101 1052 3142 a

62 3208 65 3217 .
113 3166 169 3224 oia.
210 3168 284 3226 XLI.
305 3166 374 3227 119.
391 3167 523 3239 Etenim,
545 3166 687 3241 quoniam
701 3168 793 3227 tidem
808 3166 942 3241 magistri
964 3183 1052 3241 dogm

113 3250 289 3322 cognoscite
303 3266 384 3309 nunu
397 3250 538 3326 diseiputi
553 3249 744 3323 aequitatem.
759 3250 826 3310 Dixi
848 3250 906 3308 ium
927 3258 1016 3309 antea
1038 3268 1052 3308 s

112 3346 238 3390 numero
253 3336 421 3407 postulatos
437 3349 507 3392 esse
521 3333 560 3391 ab
574 3333 640 3392 istis
653 3330 731 3413 duos
743 3350 850 3393 servos
865 3333 895 3391 in
911 3333 1050 3406 quaestio

111 3413 157 3474 Tu
172 3430 301 3490 semper,
315 3416 347 3473 Τ.
358 3415 461 3487 Rosci,
476 3416 634 3474 recusasti.
670 3416 787 3488 Quaero
803 3416 858 3475 abs
874 3425 917 3489 te,
932 3415 992 3474 iine
1009 3434 1051 3490 qu
