2356 3854
311 164 416 231 teat).
439 174 567 226 ro-m.
584 148 616 232 ‘s
634 114 767 228 21⁸-aa
865 133 870 137 ⁵
1009 169 1072 235 tte

56 314 227 378 oloniarum
241 330 279 375 aa
295 314 528 391 municipiorum
542 316 773 389 respondebunt
788 315 931 377 Catilinae
948 320 1070 381 tumulis

56 399 241 460 lvestribus.
283 398 390 473 Neque
405 415 462 474 ego
479 408 615 459 caeteras
630 398 753 475 copias,
774 408 966 476 ornamenta,
981 419 1069 477 prae·

56 482 114 543 'dia
129 490 236 542 vestra
245 496 315 543 cum
329 480 409 541 illius
424 481 550 543 latronis
564 480 771 557 inopiamque
783 490 919 558 egestate
930 486 1070 547 conterre

56 567 145 626 ebeo.
189 562 240 627 25.
257 564 320 626 Sed
335 564 378 638 si,
396 565 520 626 omissis
534 563 582 625 his
596 566 706 638 rebus,
721 565 834 640 quibus
849 583 906 628 nos
924 569 1069 644 suppedi-

56 666 149 721 nnur,
168 647 319 726 egetille,
335 656 459 723 senatu,
481 647 634 722 equitibus
648 648 810 720 Romanis,
832 652 964 724 populo,
985 653 1070 728 urbe,

56 732 172 803 erario,
187 729 405 811 vectigalibus,
420 739 530 792 cuncta
543 732 642 805 ltalia,
659 729 827 806 provinciis
846 732 1002 808 omnibus,
1017 752 1070 795 ex-

56 814 106 875 tris
122 812 318 889 nationibus,
335 813 368 875 si.
376 812 424 874 his
441 816 533 875 rebus
549 813 671 874 omissis
690 830 801 882 causas
816 814 917 889 ipsas,
933 834 1012 891 quae
1025 819 1070 878 in·

56 916 77 958 u
94 896 329 973 seconlligunl,
346 899 530 959 contendere
542 897 680 972 velimus,
696 913 733 956 ex
746 913 783 956 eo
796 895 865 972 ipso
879 914 968 972 quam
982 902 1071 961 valde
1173 974 1177 981 ²

56 981 74 1040 li
88 981 215 1041 iaceant
228 980 396 1056 intelligere
409 997 585 1057 possumus.
616 981 664 1040 Ex
684 980 741 1040 hac
763 981 842 1040 enim
863 990 950 1056 parte
970 984 1071 1058 pudor

56 1072 167 1139 agnat,
182 1064 265 1124 illinc
282 1063 463 1139 petulantia:
479 1063 549 1123 hinc
566 1063 718 1139 pudicitia,
734 1063 816 1125 illinc
829 1073 982 1140 stuprum=
1000 1065 1070 1126 hinc

55 1148 131 1218 des,
148 1147 233 1228 illinc
255 1147 419 1207 fraudatio:
440 1147 512 1206 hine
532 1147 646 1222 pietas,
668 1146 751 1207 illinc
774 1149 893 1208 scelus=
908 1148 979 1210 hinc
997 1165 1070 1210 con-

56 1229 155 1304 tentia,
171 1229 255 1291 illinc
266 1231 364 1291 furor:
376 1229 447 1289 hinc
458 1231 614 1305 honestas,
630 1229 713 1291 illinc
727 1230 899 1305 turpitudo:
914 1233 985 1292 hinc
997 1249 1072 1293 con-

56 1312 172 1387 mentia,
182 1313 271 1373 illino
285 1312 396 1373 libido:
413 1313 546 1388 denique
562 1311 711 1389 aequitas,
727 1314 935 1390 temperantia,
954 1316 1069 1378 fortitu·

56 1398 89 1469 lo,
103 1396 274 1472 prudentia,
286 1396 413 1457 virtutes
430 1413 536 1458 omnes
549 1405 665 1459 certant
677 1414 745 1458 eum
757 1397 927 1473 iniquitate,¹
940 1399 1071 1474 luxuria,

56 1479 170 1555 gnavia,
183 1480 360 1554 temeritate,
376 1496 445 1541 cum
457 1480 537 1542 vitiis
552 1481 713 1557 omnibusr,
727 1489 884 1556 postremo
897 1482 987 1558 copia
1002 1501 1071 1544 cum

56 1571 190 1638 gestate,
213 1562 296 1624 bona
311 1562 387 1623 ratio
403 1580 470 1624 cum
486 1563 619 1639 perdita,
643 1581 730 1625 mens
749 1580 824 1624 sana
841 1581 910 1625 cum
931 1568 1071 1641 amentia,

56 1663 120 1707 oua
135 1647 269 1741 denioge
284 1663 357 1722 spes
375 1663 444 1707 eum
467 1647 600 1708 omnium
616 1663 718 1706 rerum
735 1644 949 1722 desperatione
964 1648 1070 1709 conili-

56 1727 89 1795 it
125 1730 159 1788 ln
175 1729 242 1790 eius
260 1730 343 1790 modi
357 1730 521 1806 certamine
539 1746 575 1788 ac
593 1729 711 1805 proelio
728 1744 846 1799 nonne,
869 1732 961 1790 etiam
975 1731 1002 1789 si
1016 1732 1071 1791 ho-

56 1811 152 1873 ninum
174 1813 276 1874 studia
290 1813 448 1886 deficiant,
474 1813 505 1872 di
530 1812 591 1888 ipsi
614 1812 801 1873 immortales
826 1821 936 1886 cogant
959 1813 997 1872 ab
1023 1812 1070 1873 his

56 1895 292 1957 traeclarissimis
316 1895 477 1956 virtutibus
495 1903 540 1956 tot
559 1903 590 1956 et
608 1902 691 1956 tanta
712 1893 785 1955 vitia
805 1897 967 1970 superari?
1006 1897 1071 1956 Xll.

56 1979 88 2040 ld.
117 1978 201 2052 Quae
217 1996 309 2055 quum
324 1979 367 2039 ita
382 1978 450 2053 sint,
467 1977 608 2054 Quirites
623 1994 800 2063 vos„xquem
815 1980 856 2038 a'd
870 1979 994 2040 modum
1006 1979 1072 2040 ¹iam

56 2071 143 2138 ntea,
160 2071 263 2125 vestra
284 2070 364 2124 lecta
384 2061 532 2124 custodiis
547 2060 721 2138 vigiliisque
736 2061 905 2123 defendite:
926 2062 1014 2135 mihi,
1039 2072 1072 2125 ut

56 2146 106 2206 ubi
130 2146 316 2209 siuevestro
333 2155 417 2209 motu
437 2163 474 2206 ao
494 2145 562 2226 sine
575 2148 637 2207 ullo
652 2146 781 2211 tumultu
796 2147 870 2207 salis
885 2157 969 2208 esset
984 2164 1070 2221 prae·

56 2227 406 2306 idiiconsultumatque
414 2229 572 2307 provisum
583 2228 1071 2305 est·coloniomnesmunicipes·

56 2329 101 2387 rue
116 2315 224 2388 vestri,
246 2312 392 2375 certiores
408 2331 427 2374 a
443 2330 491 2375 me
509 2312 579 2374 lacti
594 2314 633 2373 de
647 2314 705 2373 hac
722 2321 872 2374 nocturna
888 2312 1072 2374 excursione

56 2394 195 2472 latilinac,
210 2399 301 2458 facile
316 2399 409 2458 urbes
424 2413 497 2459 suas
515 2397 657 2472 finesque
672 2397 846 2457 defendent.
871 2396 1076 2472 Gladiatores,-

56 2496 131 2553 [uam
145 2480 204 2540 sibi
217 2480 268 2541 ille
280 2497 402 2542 manum
417 2479 617 2541 certissimam
628 2482 694 2540 lore
702 2479 820 2555 putavit
832 2497 1072 2556 —quamquam

56 2562 140 2624 nino
156 2563 282 2625 meliore
297 2572 368 2625 sunt
384 2581 475 2639 quam
489 2580 562 2639 pars
582 2562 778 2638 patriciorum
792 2597 842 2636 -,
860 2572 1011 2638 potestate
1026 2572 1072 2624 ta-

56 2661 108 2706 nen
124 2655 232 2709 nostra
247 2647 490 2710 continebuntur.
519 2647 553 2720 Q.
569 2646 727 2720 MetelluS,
749 2664 840 2722 quem
855 2663 912 2722 ego
928 2649 987 2709 hoc
1000 2664 1072 2723 pro-

56 2729 174 2804 piciens
195 2731 232 2790 in.
249 2746 355 2806 agrum
375 2730 522 2792 Gallicum
540 2730 746 2806 Picenumque
763 2730 923 2806 praemisi,
949 2738 1001 2792 aut
1018 2747 1072 2804 op·

56 2812 149 2877 trimet
166 2812 321 2875 hominem
342 2823 395 2876 aut
416 2831 522 2875 omnes
539 2813 611 2881 'eius
635 2823 736 2875 motus
757 2823 949 2889 conatusque
970 2811 1071 2887 prohi-

56 2896 131 2958 ›ebit
163 2894 303 2973 Reliquis
317 2906 418 2959 autem
437 2899 477 2957 de
497 2897 590 2958 rebus
606 2897 845 2971 constituendis,
873 2892 1071 2966 maturandis,

56 2979 170 3055 agendis
181 2980 246 3041 iam
261 2981 300 3041 ad
318 2989 457 3042 senatum
473 2981 650 3054 referemus,
669 2995 758 3056 quem
775 2977 882 3039 vocari
895 2976 1016 3037 videtis.

87 3076 90 3085 ’
122 3062 174 3126 27.
204 3065 290 3125 Nunc
311 3064 396 3136 illos,
431 3065 482 3137 qui
509 3062 540 3122 in
567 3065 643 3124 urbe
658 3068 871 3131 remanserunt
885 3069 978 3135 atque
993 3059 1071 3119 adeo

56 3157 147 3210 eontra
163 3147 249 3209 urbis
265 3149 393 3209 salutem
408 3145 602 3220 omniumque
615 3154 751 3207 vestrum
775 3145 805 3204 in
820 3143 897 3204 urbe
914 3159 933 3201 a
948 3142 1073 3203 Catilina

56 3231 136 3302 ’elicti
154 3240 234 3304 sunt,
253 3246 438 3307 quamquam
454 3236 524 3290 sunt
538 3228 654 3300 hostes,
671 3236 787 3300 tamen,
803 3226 875 3302 quia
892 3234 963 3286 sunt
977 3226 1071 3301 cives,

56 3316 172 3376 nonitos
188 3314 278 3376 ctiam
292 3323 384 3391 atque
396 3313 485 3375 etiarn
496 3312 577 3372 volo.
598 3311 667 3371 lllca
679 3309 787 3371 lenitas
802 3310 903 3371 adhuc
919 3310 945 3370 si
957 3310 1006 3370 cui
1022 3327 1072 3370 so-

56 3398 132 3460 utior
151 3399 219 3459 visa
236 3406 299 3473 est,
318 3398 378 3460 hoc
393 3396 597 3474 exspectavit,
615 3403 648 3456 ut
661 3393 708 3469 id,
725 3394 808 3469 quod
822 3394 950 3470 latebat,
974 3410 1071 3455 erum·
