2356 3854
393 162 813 230 efflamus-5148.
952 190 957 197 ·
1055 162 1121 231 439

94 320 143 373 est
166 328 260 373 causa
281 313 420 372 arborum
438 321 468 372 et
483 308 635 384 stirpium,
657 311 701 370 sic
716 311 806 373 huius
820 314 1039 377 luctuosissimi
1048 316 1121 379 belli

94 410 198 453 semen
214 404 245 454 tu
260 394 350 454 fuisti.
388 394 502 455 Doletis
519 401 581 453 tres
596 392 748 454 exercitus
764 396 871 470 populi
885 398 1013 459 Romani
1029 399 1119 461 inter·

95 477 210 537 lectos:
235 477 385 537 interfecit
404 475 566 537 Antonius.
612 474 801 537 Desideratis
818 479 1005 541 clarissimos
1020 482 1118 542 cives=

93 575 152 619 eos
172 577 297 633 quoque
319 559 405 620 vobis
421 558 531 634 eripuit
542 557 703 618 Antonius.
747 561 920 621 Auctoritas
933 562 1024 625 huius
1038 564 1118 624 ordi-

94 640 142 701 nis
165 640 288 702 adllicta
307 650 370 703 esta
388 641 506 703 adflixit
524 640 687 702 Antonius.
735 640 841 702 Omnia
870 644 1017 718 denique,
1040 662 1120 721 quac

93 731 204 799 postea
223 724 480 799 vidimus—quid
496 731 596 785 autem
610 722 681 783 mali
696 740 757 783 non
771 724 982 798 vidimust-,
998 726 1120 787 sirecte

93 805 355 881 ratiocinabimur,
376 807 429 868 uni
443 815 569 881 accepta
583 808 751 867 referemus
765 807 908 867 Antonio.
951 808 991 869 Ut
1004 809 1120 869 Helena

94 887 246 961 Troianis,
265 891 310 951 sic
328 891 385 950 iste
400 890 471 949 huic
485 888 530 949 rei
546 888 685 962 publicae
697 888 768 948 belli
780 899 892 963 causa,
913 906 1007 950 causa
1025 892 1120 964 pestis

94 980 185 1045 atque
201 972 284 1047 exitii
300 973 364 1033 fuit.
395 971 542 1045 Reliquae
556 978 660 1045 partes
676 972 845 1033 tribunatus
868 970 1025 1047 principiis
1039 973 1120 1032 simi·

94 1052 150 1113 les.
196 1054 301 1113 Omnia
322 1055 465 1128 perfecit,
483 1069 562 1127 quas
579 1061 704 1114 senatus
719 1053 805 1114 saiva
817 1070 851 1114 re
863 1054 985 1129 publica
1000 1071 1038 1114 ne
1055 1053 1122 1114 fieri

93 1145 223 1209 possent
237 1138 414 1209 perfecerat
436 1134 527 1195 Cuius
538 1144 638 1195 tamen
649 1137 751 1196 scelus
760 1135 791 1196 in
806 1138 922 1197 scelere
934 1135 1120 1212 cognoscite.

156 1217 260 1275 xxltl.
277 1216 872 1279 56.1testttuebatmultoscalamitosos
912 1221 945 1278 ln
961 1219 1008 1279 his
1024 1216 1122 1293 patrui

74 1300 177 1358 .nullu
191 1299 312 1359 mentio.
348 1300 381 1359 Si
396 1316 534 1373 severus,
548 1317 602 1361 cur
617 1317 677 1360 non
695 1301 725 1360 in
742 1309 871 1363 omnes?
887 1302 920 1362 Si
933 1302 1118 1373 misericors,

89 1398 149 1441 cur
163 1397 223 1440 non
239 1381 269 1441 iu
282 1389 378 1443 suost
395 1382 457 1442 Sed
474 1382 577 1443 omitto
595 1391 743 1444 caeteros.
776 1383 924 1446 Licinium
934 1384 1122 1445 Lenticulam

88 1464 131 1524 de
143 1465 211 1522 alea
229 1466 469 1537 condemnatum,
481 1466 664 1526 collusorem
680 1482 778 1541 suurn,
791 1467 929 1539 restituit,
946 1467 1121 1542 quasivero

89 1546 198 1606 ludere
221 1562 288 1606 cum
311 1548 512 1608 condemnato
534 1548 732 1610 conficeret:
754 1551 811 1610 sed
833 1559 880 1623 ut,
905 1551 989 1626 quod
1007 1549 1037 1609 in
1054 1551 1121 1609 alea

90 1628 277 1704 perdiderat,
291 1630 441 1690 beneficio
455 1630 532 1704 legis
550 1631 740 1693 dissolveret
783 1632 878 1704 Quam
893 1632 1018 1693 attulisti
1031 1631 1120 1692 ratio·

89 1727 162 1770 nem
180 1714 294 1784 populo
309 1713 448 1771 Romano
469 1728 602 1772 curcum
615 1715 732 1773 re'stitui
749 1722 924 1788 oporterett
942 1714 1120 1788 Absentem,

90 1794 197 1865 credo,
211 1794 241 1852 in
256 1810 327 1854 reos
343 1796 485 1854 relatum:
499 1810 562 1853 rem
577 1794 689 1854 indicta
706 1811 800 1856 causa
812 1795 991 1858 iudicatam=
1006 1797 1121 1856 nullum

89 1875 191 1936 fuisse
212 1876 251 1935 de
271 1877 338 1936 alea
357 1877 424 1950 lege
447 1877 605 1936 ludicium=
636 1875 668 1935 vi
687 1894 868 1951 oppressum
888 1886 919 1939 et
936 1877 1043 1938 armis:
1065 1895 1120 1952 po-

88 1967 217 2031 stremo,
239 1959 322 2032 quod
334 1961 373 2019 de
388 1965 494 2033 patruo
509 1966 561 2019 tuo
573 1957 738 2032 dicebatur,
752 1962 881 2034 pecunia
893 1959 1036 2020 iudicium
1049 1977 1121 2020 esse

88 2049 289 2114 corruptumt
301 2041 380 2100 Nihil
397 2043 513 2101 borum.
540 2044 582 2100 At
596 2040 643 2102 vir
660 2043 758 2102 bonus
772 2050 801 2101 et
815 2058 848 2102 re
862 2041 985 2116 publicu
999 2044 1120 2116 dignus.

85 2123 170 2184 Nihil
184 2123 216 2182 id
231 2124 354 2197 quidem
364 2125 403 2183 ad
417 2141 496 2184 rem:
519 2140 576 2198 ego
591 2132 706 2197 tamen,
728 2123 871 2198 quoniam
889 2125 1121 2184 condemnatum

88 2221 164 2267 esse
178 2222 235 2280 pro
252 2205 345 2266 nihilo
360 2214 417 2279 est,
434 2206 461 2266 si
477 2207 519 2267 ita
533 2214 625 2278 esset,
640 2206 840 2280 ignoscerem.
882 2206 1041 2266 Hominem
1057 2222 1120 2265 om-

86 2293 175 2349 nium
190 2288 417 2363 nequissimum,
433 2290 484 2364 qui
500 2304 561 2348 non
577 2286 726 2349 dubitaret
737 2289 787 2348 vel
802 2287 832 2347 in
845 2289 912 2347 foro
926 2288 994 2346 alea
1006 2287 1121 2361 ludere,

86 2373 179 2444 lege,
201 2387 280 2445 quae
294 2379 342 2431 est
354 2373 394 2431 de
407 2374 489 2443 alea,
510 2373 744 2433 condemnatum
756 2369 809 2445 qui
826 2370 856 2429 in
871 2369 1020 2444 integrum
1034 2367 1120 2430 resti-

85 2455 155 2523 tuit,
171 2452 198 2513 is
213 2470 274 2513 non
290 2454 480 2527 apertissime
495 2455 627 2516 studium
645 2471 733 2515 suum
746 2453 816 2530 ipse
829 2453 1009 2527 profiteturt
1022 2450 1073 2515 57.
1087 2454 1120 2511 ln

86 2536 202 2597 eodem
213 2552 286 2596 vero
298 2536 459 2608 tribunatu,
472 2555 563 2609 quum
576 2535 908 2611 cresnrinttlspantam
921 2535 1121 2610 proficiscens

86 2619 165 2679 huic
185 2619 424 2678 conculcandam
438 2618 554 2679 Italiam
576 2620 769 2693 tradidisset,
789 2636 868 2694 quae
882 2618 938 2681 luit
951 2619 1018 2680 eius
1033 2635 1120 2694 pera·

87 2701 190 2776 gratio
209 2700 366 2775 itinerum,
386 2700 525 2762 lustratio
546 2703 793 2778 municipiorum!
817 2702 889 2764 Scio
908 2718 958 2764 me
977 2703 1007 2761 in
1028 2703 1121 2761 rebus

88 2783 341 2845 celebratissimis
367 2783 498 2845 omnium
518 2800 658 2845 sermone
672 2786 804 2856 versari,
821 2802 934 2860 eaque,
956 2800 1035 2859 quae
1050 2782 1120 2842 dico

87 2868 291 2941 dicturusque
304 2883 381 2940 sum,
395 2869 514 2928 notiora
524 2882 595 2927 esse
606 2868 755 2939 omnibus,
771 2867 867 2941 quiin
882 2867 967 2929 ltalia
980 2875 1043 2927 tum
1057 2865 1122 2923 fue·

86 2958 176 3022 runt,
192 2966 284 3023 quam
299 2948 387 3022 milti,
410 2948 461 3023 qui
482 2965 544 3008 non
566 2948 616 3010 fui.
658 2950 775 3009 Notabo
790 2957 889 3009 tamen
906 2948 1041 3023 singulas
1055 2960 1121 3006 resa

87 3033 150 3092 etsi
161 3033 243 3092 utillo
251 3032 342 3092 modo
350 3031 460 3106 poterit
471 3031 566 3092 oratio
578 3030 726 3093 measatis
734 3027 1121 3091 facereuestraescientiae.

86 3115 208 3175 Etenim
217 3115 301 3189 quod
309 3113 488 3189 umquamln
497 3114 584 3174 terris
592 3122 706 3175 tantum
714 3112 860 3188 flagitium
866 3112 1023 3173 exstitisse
1036 3110 1121 3171 audi·

88 3193 1121 3271 tumestttantamturpitudlncmttantumdedecustXXlV.5b.Ve-

87 3280 219 3342 hebetur
232 3280 261 3341 in
276 3281 389 3341 essedo
403 3280 541 3341 tribunus
554 3280 669 3354 plebis:
688 3281 810 3338 lictores
825 3277 949 3338 laureati
961 3276 1122 3338 antecede-

88 3362 178 3423 bault
192 3362 270 3423 inter
276 3361 580 3438 quosapertalectica
587 3364 676 3422 mima
685 3358 875 3437 portabamur
888 3356 1122 3436 quamexoppi-
