2356 3854
379 162 460 223 datr.
477 171 608 225 10-13.
630 170 656 231 s·
671 123 802 228 al'-aa.
858 212 860 216 .
1043 168 1106 234 253

70 314 190 393 attulit·
202 322 391 390 senatusque
410 314 556 390 frequens
575 323 692 376 vestem
713 332 769 391 pro
789 333 857 378 mea
874 316 973 379 salute
989 327 1106 380 mutan·

70 401 139 460 lam
157 395 310 458 censuits
385 420 388 427 ·

152 481 219 543 Xll.
233 477 284 543 27.
307 479 424 542 Odiem
438 482 536 553 lllum‚
554 481 686 554 iudices,
703 483 857 543 funestum
872 483 991 546 senatui
1001 486 1105 545 bonis·

70 583 130 643 que
146 563 305 636 omnibus,
327 565 371 624 rei
389 566 532 641 publicae
548 568 735 638 luctuosum,
757 565 830 624 milri
847 568 887 626 ad
904 568 1105 629 domesticum

70 664 241 711 maerorem
267 658 408 723 gravem,
439 651 479 709 ad
504 649 692 724 posteritatis
718 648 894 710 memoriam
919 652 1103 725 gloriosum!

70 733 148 808 auid
168 729 250 791 enim
272 730 434 807 quisquam
457 742 560 807 potest
580 731 718 792 exomni
739 732 885 793 memoria
902 749 1022 794 sumere
1038 735 1103 794 illu-

70 816 179 886 strius,
198 831 291 890 quam
305 832 361 891 pro
374 833 436 876 uno
452 816 519 876 cive
534 826 564 876 et
578 817 678 875 bonos
694 831 800 875 omnes
818 813 935 889 privato
949 833 1104 878 consensu

70 899 288 961 etuniversum
299 907 438 960 senatum
452 900 574 974 publico
587 899 714 959 consilio
728 908 863 958 mutasse
871 905 1008 959 vestem?
1023 917 1103 974 quae

70 983 193 1058 quidem
214 989 278 1042 tum
292 982 418 1044 mubttio
434 1000 496 1042 non
518 982 744 1058 deprecationis
760 989 809 1043 est
823 998 917 1041 causa
932 984 1025 1056 lacta,
1047 983 1104 1043 sed

70 1068 179 1128 nctus.
215 1064 310 1138 Quem
324 1066 405 1126 enim
421 1067 671 1141 deprecarentur,
690 1083 782 1141 quum
797 1081 903 1126 omnes
919 1073 1025 1126 essent
1037 1081 1102 1125 sor·

70 1148 165 1210 didati
187 1164 342 1224 quumque
362 1149 422 1209 hoc
446 1149 520 1209 satis
541 1158 625 1210 esset
645 1149 724 1223 signi
745 1165 816 1209 esse
838 1149 1025 1224 improbum,
1052 1147 1104 1223 qui

70 1240 182 1293 mutata
204 1241 288 1292 veste
310 1249 371 1292 non
394 1240 500 1293 esset?
526 1235 591 1292 Hac
612 1233 777 1293 mutatione
793 1233 887 1293 vestis
903 1233 995 1305 lacta,
1019 1238 1103 1292 tanto

70 1315 102 1375 in
119 1317 202 1376 luctu
219 1314 365 1389 civitatis,
388 1314 493 1377 omitto
516 1316 589 1390 quid
610 1317 660 1376 ille
677 1316 830 1387 tribunus,
855 1316 986 1375 omnium
1002 1331 1104 1376 rerum

70 1396 239 1460 divinarum
256 1399 517 1474 humanarumque
534 1401 662 1474 praedo,
682 1398 803 1471 lecerit,
821 1397 872 1472 qui
889 1401 1003 1460 adesse
1016 1399 1102 1460 nobi·
1158 1421 1161 1425 ²

70 1470 203 1561 melmae
219 1483 450 1556 adolescentes,
467 1481 706 1544 honestissimos
724 1482 844 1557 equites
861 1479 1032 1557 Romanos,
1049 1481 1102 1543 de-

70 1552 247 1642 precatores
273 1567 379 1626 salutis
404 1583 491 1627 meae
515 1566 639 1627 iusserit
661 1582 779 1640 eosque
800 1582 961 1640 operarum
978 1583 1103 1626 suarum

70 1649 178 1724 gladiis
195 1658 225 1709 et
238 1649 391 1724 lapidibus
407 1649 567 1710 obiecerit:
584 1651 624 1708 de
635 1648 814 1709 consulibus
829 1650 954 1724 loquor,
971 1665 1103 1725 quorum

70 1732 129 1793 dde
150 1732 342 1806 respublica
363 1733 416 1793 niti
431 1732 543 1792 debuit.
586 1730 636 1792 28.
659 1732 858 1792 Exanimatus
880 1733 982 1791 evolat
998 1748 1039 1790 ex
1054 1748 1102 1791 se·

70 1824 156 1888 natu,
174 1832 237 1875 non
250 1815 350 1875 minus
366 1817 541 1890 perturbato
556 1815 658 1873 animo
674 1822 766 1888 atquc
782 1815 881 1884 vultu,
898 1830 989 1886 quam
1006 1813 1032 1873 si
1049 1830 1102 1872 au·

70 1898 115 1960 nis
128 1908 202 1959 ante
218 1899 324 1973 paucis
340 1897 369 1958 in
387 1898 570 1958 creditorum
585 1905 767 1958 conventum
782 1896 955 1957 incidisset:
972 1897 1104 1956 advocat

70 1981 257 2053 contionem,
274 1982 367 2042 habet
382 1980 549 2041 orationem
560 1983 649 2041 talem
662 1982 786 2054 consul,
805 1981 925 2053 qualem
937 1996 1102 2055 numquam

70 2063 195 2136 catilina
209 2064 306 2125 victor
320 2065 494 2125 habuisset:
520 2081 621 2125 errare
641 2063 797 2135 homines,
824 2063 850 2123 si
868 2065 956 2124 etiam
974 2073 1036 2126 tum
1053 2080 1101 2124 se-

70 2157 170 2209 natum
184 2147 298 2222 aliquid
312 2148 386 2209 inre
400 2148 520 2223 publica
535 2163 630 2223 posse
644 2144 875 2221 arbitrarentur,
893 2147 1012 2222 equites
1027 2163 1101 2208 vero

71 2232 223 2292 Romanos
245 2232 371 2292 daturos
391 2231 472 2291 illius
495 2231 562 2291 dies
582 2247 715 2304 poenas,
740 2248 802 2306 quo
819 2247 868 2291 me
890 2232 1018 2291 consule
1034 2246 1103 2290 cum

71 2314 178 2389 gladiis
193 2313 224 2374 ln
241 2314 321 2374 clivo
337 2314 507 2390 Capitolino
522 2314 666 2386 luissent,
690 2316 815 2375 venisse
837 2323 958 2388 tempus
974 2314 1028 2387 ils,
1051 2315 1102 2388 qui

74 2395 98 2454 ln
117 2398 229 2460 timore
248 2397 379 2458 luissent
403 2432 446 2444 -
467 2398 641 2459 coniuratos
658 2397 801 2460 videlicet
814 2396 935 2458 dicebat
947 2430 1004 2469 —,
1028 2394 1102 2458 ulci-

71 2481 174 2543 scendi
191 2498 236 2542 se.
264 2480 296 2540 Si
314 2481 534 2560 dixisset-baec
549 2484 663 2554 solum,
685 2483 766 2541 onrni
785 2480 937 2555 supplicio
953 2488 1037 2541 esset
1058 2480 1102 2540 di·

70 2579 160 2639 gnust
186 2574 256 2624 nam
272 2564 368 2624 oratio
384 2565 452 2639 ipsa
468 2565 604 2626 consulis
620 2564 795 2639 perniciosa
809 2572 913 2640 potest
924 2581 989 2624 rem
1003 2564 1101 2640 publi·

70 2662 132 2709 ram
155 2647 451 2723 mustacea-eequis
474 2649 580 2709 lecerit
599 2649 709 2708 videte.
746 2647 796 2708 29.
819 2647 853 2708 L.
873 2647 1024 2721 Lamiam,
1050 2646 1102 2722 qui

70 2748 162 2809 quum
181 2747 231 2791 me
250 2731 352 2805 ipsum
373 2748 429 2805 pro
452 2749 570 2790 summa
591 2731 806 2804 familiaritate,
836 2749 915 2807 quae
938 2731 1011 2791 mihi
1033 2746 1102 2790 cum

70 2824 153 2888 patre
168 2814 324 2886 cluserat,
342 2815 433 2874 unice
448 2814 601 2889 diligebat,
616 2824 679 2875 tum
694 2833 750 2889 pro
766 2833 801 2876 re
816 2816 939 2890 publica
956 2815 1007 2874 vel
1022 2830 1101 2873 mor-

70 2916 125 2960 em
147 2906 296 2973 oppetere
317 2897 474 2972 cupiebat,
497 2897 528 2955 in
547 2897 688 2958 contione
708 2898 856 2973 relegavit
870 2896 1045 2970 edixitque,
1069 2903 1102 2955 ut

70 2984 101 3044 ab
118 2984 200 3042 urbe
220 2982 344 3041 abesset
363 2979 444 3039 milia
467 2996 614 3076 passuum
634 2981 780 3052 ducenta,
808 2981 888 3055 quod
906 2986 991 3039 esset
1005 2993 1101 3038 ausus

70 3083 120 3126 rro
140 3065 216 3136 civi,
239 3079 294 3140 pro
314 3065 394 3124 bene
414 3062 520 3123 merito
537 3062 694 3139 civi,pro
714 3063 828 3144 amico,
854 3079 910 3137 pro
930 3059 1124 3199 republica·

70 3146 283 3226 deprecari
1118 3156 1120 3160 ‘

150 3231 231 3292 Xlll.
254 3230 332 3305 Quid
353 3231 413 3291 hoc
432 3228 555 3290 homine
575 3228 694 3288 facias?
715 3238 767 3289 aut
788 3245 849 3302 quo
871 3228 968 3289 civem
989 3230 1101 3304 impor

70 3332 174 3378 unum
188 3323 241 3376 aut
255 3332 318 3390 quo
334 3313 435 3390 potius
450 3314 568 3374 hostem
584 3321 643 3373 mm
659 3313 839 3372 sceleratum
853 3319 1017 3374 reserves?
1038 3312 1099 3388 qui,

70 3408 98 3461 nt
113 3397 250 3460 omittam
265 3406 400 3472 caetera,
425 3412 504 3473 quae
519 3405 589 3458 sunt
602 3396 631 3456 ei
646 3412 715 3457 cum
732 3395 875 3470 collega
866 3396 989 3457 immani
1003 3397 1101 3471 impu·
