2356 3854
74 189 145 252 aad
384 186 458 246 PRO
474 186 504 243 P.
520 184 651 244 SESTIO
668 183 820 247 ORATIO.
839 272 843 276 Α

64 358 66 364 ·
85 354 164 414 qnae
178 337 253 396 ratio
270 348 321 400 aut
337 337 459 397 flendae
473 345 524 396 aut
540 335 719 395 conflandae
737 334 887 408 pecuniae
902 351 964 403 non
980 333 1097 409 reperie-

83 423 192 482 batur?
223 437 301 494 quae
326 421 410 495 regio
436 436 529 480 orave
549 427 695 479 terrarum
719 425 783 477 erat
803 417 892 479 latior
915 417 947 477 in
971 434 1032 493 qua
1049 433 1097 477 non

83 520 209 578 regnum
220 503 343 577 aliquod
360 510 560 564 statueretur?
573 501 641 576 quis
653 510 752 562 autem
764 508 896 562 rexerat
908 499 961 576 qui
971 500 1022 561 illo
1032 516 1097 560 anuo

85 603 143 647 non
166 595 218 645 aut
238 589 399 647 emendum
423 585 481 646 sibi
498 586 580 659 quod
602 603 663 646 non
681 585 815 659 ilabebat
836 591 888 646 aut
904 583 1097 645 redimendum
1138 626 1140 631 .

85 670 168 745 quod
181 669 312 731 habebat
323 672 537 731 arbitraretur?
553 668 622 742 quis
637 668 841 743 provinciam,
860 668 930 743 quis
945 667 1097 742 pecuniam,

86 753 154 829 quis
170 753 351 826 legationem
366 761 503 813 asenatu
521 752 671 826 petebatt·
686 751 840 817 Damnatis
857 752 896 812 dc
912 751 942 811 vi
956 749 1096 820 restitutio,

85 837 260 897 consulatus
281 838 384 912 petitio
401 837 461 910 ipsi
481 834 523 894 illi
543 834 684 909 populari
704 834 858 895 sacerdoti
873 833 1096 907 comparabatur.

83 922 166 980 Haec
189 922 350 995 gemebant
372 920 458 989 boni,
488 919 652 992 sperabant
673 917 817 992 improbi,
844 916 956 992 agebat
978 915 1096 976 tribunus

43 994 49 1011 ‘
84 1003 198 1078 plebis,
216 1007 359 1064 consules
377 1002 569 1063 adiuvabant.
847 1026 850 1033 ·

166 1086 270 1146 XXXI.
285 1086 335 1148 67.
359 1080 429 1157 Hic',
453 1086 606 1159 aliquanto
623 1082 725 1143 serius
737 1099 828 1157 quam
848 1082 919 1157 ipse
934 1083 1039 1154 vellet,
1058 1081 1095 1140 dn.

83 1169 271 1244 Pompeius,
286 1168 476 1228 invitissimis
492 1167 545 1240 iis,
572 1166 623 1240 qui
638 1174 767 1226 mentem
786 1165 891 1240 optimi
906 1182 943 1225 ac
959 1161 1093 1226 tortissimi

56 1317 67 1333 ,
84 1254 141 1311 viri
158 1251 223 1312 suis
239 1251 375 1311 consiliis
395 1251 536 1325 fictisque
550 1250 717 1310 terroribus
731 1266 751 1309 a
767 1248 947 1309 defensione
966 1265 1049 1308 meae
1061 1263 1094 1307 sa·

86 1336 155 1395 lutis
168 1342 352 1406 averterant,
366 1333 508 1394 excitavit
520 1333 600 1391 illam
613 1349 700 1392 suam
711 1347 771 1391 non
783 1332 928 1406 sopitam,
947 1332 1005 1391 scd
1016 1328 1096 1404 suspi-

30 1446 33 1458 ·
86 1418 174 1477 cione
202 1417 305 1491 aliqua
329 1418 509 1476 retardatam
535 1415 786 1475 consuetudinem
809 1416 853 1474 rei
875 1414 1018 1488 publicae
1036 1416 1097 1474 benc

86 1500 248 1575 gerendae.
279 1501 345 1560 Nou
361 1508 408 1559 est
422 1515 534 1573 passus
545 1499 595 1558 ille
609 1500 669 1571 vir,
688 1499 741 1573 qui
753 1494 1009 1559 sceleratissimos
1023 1498 1097 1563 cives,

88 1583 140 1658 qui
154 1583 319 1644 acerrimos
336 1583 456 1652 hostes,
481 1584 531 1656 qui
546 1582 694 1642 maximas
709 1582 863 1655 nationeS,
878 1583 931 1655 qui
944 1597 1047 1655 reges,
1060 1578 1099 1652 qui

86 1673 192 1740 gentes
209 1667 289 1726 ieras
313 1676 404 1740 atque
424 1665 591 1739 inauditaS,
620 1664 672 1740 qui
693 1665 880 1738 praedonum
895 1664 1040 1725 infinitam
1051 1677 1099 1723 na-

87 1766 174 1821 num,
201 1749 252 1824 qui
270 1749 359 1810 ctiam
375 1748 503 1808 'servitia
526 1748 633 1809 virtute
654 1747 843 1822 victoriaque
858 1748 1040 1817 domuisset,
1061 1742 1100 1819 qul

89 1833 229 1894 omnibus
250 1832 339 1893 bellis
362 1842 441 1893 terra
462 1831 601 1907 marique'
621 1831 807 1904 compressis
830 1830 991 1904 imperium
1012 1825 1100 1904 poprb‘

87 1915 216 1977 Romani
242 1915 325 1976 orbis
350 1925 495 1977 terrarum
516 1914 651 1976 terminis
677 1913 848 1986 delinisset,
874 1930 939 1974 rem
966 1912 1100 1990 publicam

87 1999 184 2058 everti
197 2000 312 2057 scelere
324 2015 504 2073 paucorum,
521 2015 612 2073 quam
623 1998 691 2072 ipse
707 2014 767 2056 non
780 1998 878 2058 solum
891 1997 1042 2066 consiliis,
1058 1993 1100 2054 sed

89 2081 178 2140 etiam
193 2080 341 2153 sanguine
353 2099 410 2142 suo
426 2097 520 2155 saepe
535 2088 704 2145 servassem
721 2080 853 2141 accessit
866 2081 906 2139 ad
922 2097 1044 2141 oausam
1058 2095 1100 2152 pu·

9 2230 11 2234 ³
87 2164 212 2224 blicam=
229 2163 347 2238 ‚restitit
368 2166 544 2224 auctoritate
566 2181 621 2223 sua
641 2162 767 2237 reliquis
789 2164 897 2222 rebus:
928 2169 1053 2237 questus
1067 2167 1101 2220 est

89 2247 127 2306 de
147 2246 326 2321 praeteritis.
362 2246 441 2306 Fieri
463 2246 612 2321 quaedam
629 2247 668 2306 ad
687 2245 841 2305 meliorem
857 2262 943 2319 spem
965 2242 1101 2306 inclinatio

90 2330 157 2390 visa
177 2339 232 2391 est.
273 2330 323 2392 68.
343 2331 484 2390 Decrevit
499 2338 622 2389 senatus
640 2329 845 2402 trequensde
862 2345 931 2388 meo
946 2329 1044 2390 reditu
1055 2327 1100 2386 lla·

89 2412 188 2471 lendis
202 2413 311 2486 Iuniis,
334 2414 532 2474 dissentiente
551 2415 650 2484 nullo,
672 2413 823 2472 referente
836 2412 870 2470 L.
883 2411 1010 2485 Ninnio,
1031 2409 1100 2471 cuius

79 2493 119 2554 -in
142 2511 210 2554 mea
230 2511 324 2556 causa
344 2513 509 2573 numquam
528 2497 606 2556 fides
624 2496 780 2569 virtusque
796 2495 985 2556 contremuit.
1026 2496 1101 2554 loter-

91 2576 183 2636 eessit
197 2578 288 2651 Ligus
303 2579 361 2639 iste
376 2580 482 2640 nescio
499 2579 564 2664 qui,
581 2578 818 2638 additamentum
833 2578 1022 2640 inimicorum
1036 2591 1101 2637 meo
1138 2594 1140 2637 f

89 2675 166 2721 rum.
193 2661 254 2720 Res
270 2671 333 2720 erat
347 2661 379 2721 et‘
391 2678 485 2722 causa
496 2668 601 2721 nostra
616 2679 653 2720 eo
667 2661 727 2721 iam
740 2661 817 2734 loci,
833 2669 865 2722 ut
879 2662 998 2734 erigere
1013 2661 1102 2722 oculos

90 2753 120 2804 et
142 2742 244 2802 vivere
266 2743 427 2804 videretur.
470 2742 614 2819 Quisquis
635 2753 712 2816 erat,
736 2745 787 2819 qui
803 2744 935 2818 aliquam
959 2754 1068 2818 partem
1081 2739 1103 2799 'n

90 2843 159 2887 meo
180 2829 263 2886 luctu
283 2824 409 2904 sceleris
427 2827 562 2887 Clodiani
576 2827 740 2900 attigisset,
770 2843 967 2901 quocumque
988 2831 1103 2892 venerat

92 2912 175 2985 quod
190 2909 481 2985 iudiciumcumque
499 2912 646 2980 subierat,
670 2911 883 2971 damnabatur:
910 2910 1104 2983 inveniebatur

91 3010 180 3054 nemo
202 2994 254 3068 qui
275 3011 310 3054 se
325 2994 502 3068 suffragium
517 2995 555 3052 de
573 3009 621 3052 me
641 2993 749 3053 tulisse
764 2993 966 3067 confiteretur.
1009 2995 1102 3053 Deeec

93 3085 172 3136 serat
187 3095 225 3136 ex
239 3077 315 3137 Asia
332 3078 422 3137 irater
434 3094 522 3149 meus
540 3093 648 3150 magno
664 3078 823 3150 squalore,
848 3077 903 3136 sed
921 3078 1015 3136 multo
1031 3075 1105 3136 enan

91 3159 205 3217 maiore
219 3178 365 3221 maerore.
397 3161 474 3220 Huic
488 3162 526 3219 ad
538 3161 644 3219 urbem
655 3159 786 3221 venienti
801 3167 863 3220 tota
876 3159 999 3219 obviam
1008 3158 1106 3219 civitas

92 3254 161 3298 cum
187 3241 317 3303 lacrimis
345 3243 519 3318 gemituque
547 3251 754 3317 processerat:
770 3243 968 3315 loquebatur
995 3239 1108 3301 liberius
1138 3256 1140 3264 ¹

92 3331 232 3382 senatus:
248 3327 468 3386 concurrebant
478 3327 596 3400 equites
608 3327 751 3387 Romani:
764 3324 834 3384 Piso
846 3325 907 3397 ille,
918 3341 1013 3400 gener
1024 3337 1107 3388 meus,

92 3404 140 3468 cni
152 3405 279 3465 lruetum
289 3408 410 3482 pietatis
422 3425 496 3472 suae
506 3425 653 3483 nequeex
663 3425 711 3469 me
722 3424 823 3482 neque
834 3424 853 3467 a
859 3410 975 3483 populo
982 3409 1110 3468 Romano
