<?xml version="1.0" encoding="UTF-8"?>
<!DOCTYPE html PUBLIC "-//W3C//DTD XHTML 1.0 Transitional//EN"
    "http://www.w3.org/TR/xhtml1/DTD/xhtml1-transitional.dtd">
<html xmlns="http://www.w3.org/1999/xhtml" xml:lang="en" lang="en">
 <head>
  <title>
</title>
<meta http-equiv="Content-Type" content="text/html;charset=utf-8" />
  <meta name='ocr-system' content='tesseract 3.04.00' />
  <meta name='ocr-capabilities' content='ocr_page ocr_carea ocr_par ocr_line ocrx_word'/>
</head>
<body>
  <div class='ocr_page' id='page_1' title='image "./mtulliiciceroni08cicegoog_0050.png"; bbox 0 0 2356 3854; ppageno 0'>
   <div class='ocr_carea' id='block_1_1' title="bbox 356 202 1074 314">
    <p class='ocr_par' dir='ltr' id='par_1_1' title="bbox 356 202 1074 314">
     <span class='ocr_line' id='line_1_1' title="bbox 356 202 1074 314; baseline -0.001 -37"><span class='ocrx_word' id='word_1_1' title='bbox 356 218 435 277; x_wconf 70' lang='lat' dir='ltr'>cna.</span> <span class='ocrx_word' id='word_1_2' title='bbox 457 227 588 279; x_wconf 79' lang='lat' dir='ltr'>aa-ao.</span> <span class='ocrx_word' id='word_1_3' title='bbox 608 224 634 284; x_wconf 85' lang='lat' dir='ltr'>s.</span> <span class='ocrx_word' id='word_1_4' title='bbox 648 202 779 314; x_wconf 77' lang='lat' dir='ltr'>rra-ri.</span> <span class='ocrx_word' id='word_1_5' title='bbox 987 226 1008 275; x_wconf 87' lang='grc'>.·</span> <span class='ocrx_word' id='word_1_6' title='bbox 1033 212 1074 276; x_wconf 83' lang='grc'>19</span> 
     </span>
    </p>
   </div>
   <div class='ocr_carea' id='block_1_2' title="bbox 70 364 1172 3632">
    <p class='ocr_par' dir='ltr' id='par_1_2' title="bbox 70 364 1172 3632">
     <span class='ocr_line' id='line_1_2' title="bbox 75 364 1073 443; baseline 0 -17"><span class='ocrx_word' id='word_1_7' title='bbox 75 377 146 443; x_wconf 85' lang='lat' dir='ltr'>atque</span> <span class='ocrx_word' id='word_1_8' title='bbox 159 364 326 441; x_wconf 83' lang='lat' dir='ltr'>dedecore,</span> <span class='ocrx_word' id='word_1_9' title='bbox 337 368 407 427; x_wconf 89' lang='lat' dir='ltr'>misi</span> <span class='ocrx_word' id='word_1_10' title='bbox 421 376 566 441; x_wconf 75' lang='lat' dir='ltr'>prorupta</span> <span class='ocrx_word' id='word_1_11' title='bbox 580 369 720 440; x_wconf 87' lang='lat' dir='ltr'>audacia,</span> <span class='ocrx_word' id='word_1_12' title='bbox 744 368 804 427; x_wconf 86' lang='lat' dir='ltr'>nisi</span> <span class='ocrx_word' id='word_1_13' title='bbox 823 377 904 428; x_wconf 85' lang='lat' dir='ltr'>tanta</span> <span class='ocrx_word' id='word_1_14' title='bbox 923 368 1073 427; x_wconf 85' lang='lat' dir='ltr'>temeritas</span> 
     </span>
     <span class='ocr_line' id='line_1_3' title="bbox 74 450 1072 525; baseline 0.001 -16"><span class='ocrx_word' id='word_1_15' title='bbox 74 460 166 511; x_wconf 86' lang='lat' dir='ltr'>utnon</span> <span class='ocrx_word' id='word_1_16' title='bbox 185 452 295 525; x_wconf 91' lang='lat' dir='ltr'>procul</span> <span class='ocrx_word' id='word_1_17' title='bbox 315 450 476 510; x_wconf 87' lang='lat' dir='ltr'>abhorreat</span> <span class='ocrx_word' id='word_1_18' title='bbox 500 451 537 508; x_wconf 91' lang='lat' dir='ltr'>ab</span> <span class='ocrx_word' id='word_1_19' title='bbox 561 450 687 509; x_wconf 84' lang='lat' dir='ltr'>insania.</span> <span class='ocrx_word' id='word_1_20' title='bbox 720 451 856 509; x_wconf 85' lang='lat' dir='ltr'>Accedat</span> <span class='ocrx_word' id='word_1_21' title='bbox 878 450 937 510; x_wconf 89' lang='lat' dir='ltr'>huc</span> <span class='ocrx_word' id='word_1_22' title='bbox 952 459 1072 523; x_wconf 77' lang='lat' dir='ltr'>oportet</span> 
     </span>
     <span class='ocr_line' id='line_1_4' title="bbox 75 532 1071 607; baseline 0.001 -16"><span class='ocrx_word' id='word_1_23' title='bbox 75 533 155 593; x_wconf 85' lang='lat' dir='ltr'>olium</span> <span class='ocrx_word' id='word_1_24' title='bbox 169 534 319 607; x_wconf 80' lang='lat' dir='ltr'>parentiS,</span> <span class='ocrx_word' id='word_1_25' title='bbox 341 532 612 592; x_wconf 90' lang='lat' dir='ltr'>animadversionis</span> <span class='ocrx_word' id='word_1_26' title='bbox 629 541 771 606; x_wconf 76' lang='lat' dir='ltr'>paternae</span> <span class='ocrx_word' id='word_1_27' title='bbox 785 540 895 605; x_wconf 74' lang='lat' dir='ltr'>metm,</span> <span class='ocrx_word' id='word_1_28' title='bbox 918 532 1004 592; x_wconf 85' lang='lat' dir='ltr'>amici</span> <span class='ocrx_word' id='word_1_29' title='bbox 1019 533 1071 592; x_wconf 92' lang='lat' dir='ltr'>im·</span> 
     </span>
     <span class='ocr_line' id='line_1_5' title="bbox 74 615 1072 689; baseline 0 -16"><span class='ocrx_word' id='word_1_30' title='bbox 74 616 154 688; x_wconf 86' lang='lat' dir='ltr'>probi,</span> <span class='ocrx_word' id='word_1_31' title='bbox 176 617 258 675; x_wconf 91' lang='lat' dir='ltr'>servi</span> <span class='ocrx_word' id='word_1_32' title='bbox 273 615 403 686; x_wconf 87' lang='lat' dir='ltr'>conscii,</span> <span class='ocrx_word' id='word_1_33' title='bbox 426 624 544 688; x_wconf 90' lang='lat' dir='ltr'>tempus</span> <span class='ocrx_word' id='word_1_34' title='bbox 563 615 718 686; x_wconf 91' lang='lat' dir='ltr'>idoneum,</span> <span class='ocrx_word' id='word_1_35' title='bbox 737 617 822 689; x_wconf 88' lang='lat' dir='ltr'>locus</span> <span class='ocrx_word' id='word_1_36' title='bbox 838 624 1007 689; x_wconf 84' lang='lat' dir='ltr'>opportune</span> <span class='ocrx_word' id='word_1_37' title='bbox 1023 631 1072 673; x_wconf 88' lang='lat' dir='ltr'>ca-</span> 
     </span>
     <span class='ocr_line' id='line_1_6' title="bbox 72 697 1072 772; baseline 0 -16"><span class='ocrx_word' id='word_1_38' title='bbox 72 706 124 770; x_wconf 90' lang='lat' dir='ltr'>ptus</span> <span class='ocrx_word' id='word_1_39' title='bbox 142 699 179 756; x_wconf 91' lang='lat' dir='ltr'>ad</span> <span class='ocrx_word' id='word_1_40' title='bbox 201 715 269 756; x_wconf 90' lang='lat' dir='ltr'>eam</span> <span class='ocrx_word' id='word_1_41' title='bbox 282 714 362 758; x_wconf 87' lang='lat' dir='ltr'>rem:</span> <span class='ocrx_word' id='word_1_42' title='bbox 386 713 483 770; x_wconf 89' lang='lat' dir='ltr'>paene</span> <span class='ocrx_word' id='word_1_43' title='bbox 499 697 612 767; x_wconf 87' lang='lat' dir='ltr'>dicam,</span> <span class='ocrx_word' id='word_1_44' title='bbox 628 712 786 770; x_wconf 86' lang='lat' dir='ltr'>respersas</span> <span class='ocrx_word' id='word_1_45' title='bbox 804 714 909 756; x_wconf 94' lang='lat' dir='ltr'>manus</span> <span class='ocrx_word' id='word_1_46' title='bbox 926 697 1072 772; x_wconf 90' lang='lat' dir='ltr'>sanguine</span> 
     </span>
     <span class='ocr_line' id='line_1_7' title="bbox 71 778 1070 854; baseline 0 -16"><span class='ocrx_word' id='word_1_47' title='bbox 71 789 176 852; x_wconf 87' lang='lat' dir='ltr'>paterno</span> <span class='ocrx_word' id='word_1_48' title='bbox 194 779 312 839; x_wconf 88' lang='lat' dir='ltr'>iudices</span> <span class='ocrx_word' id='word_1_49' title='bbox 328 780 451 839; x_wconf 90' lang='lat' dir='ltr'>videant</span> <span class='ocrx_word' id='word_1_50' title='bbox 468 788 607 854; x_wconf 88' lang='lat' dir='ltr'>oportet;</span> <span class='ocrx_word' id='word_1_51' title='bbox 622 781 647 837; x_wconf 96' lang='lat' dir='ltr'>si</span> <span class='ocrx_word' id='word_1_52' title='bbox 662 787 776 838; x_wconf 88' lang='lat' dir='ltr'>tantum</span> <span class='ocrx_word' id='word_1_53' title='bbox 794 779 926 852; x_wconf 88' lang='lat' dir='ltr'>lacinus,</span> <span class='ocrx_word' id='word_1_54' title='bbox 942 789 1002 838; x_wconf 90' lang='lat' dir='ltr'>tam</span> <span class='ocrx_word' id='word_1_55' title='bbox 1016 778 1070 839; x_wconf 91' lang='lat' dir='ltr'>im-</span> 
     </span>
     <span class='ocr_line' id='line_1_8' title="bbox 70 859 1071 934; baseline 0.002 -15"><span class='ocrx_word' id='word_1_56' title='bbox 70 877 153 934; x_wconf 87' lang='lat' dir='ltr'>mane,</span> <span class='ocrx_word' id='word_1_57' title='bbox 173 870 233 923; x_wconf 78' lang='lat' dir='ltr'>tam</span> <span class='ocrx_word' id='word_1_58' title='bbox 247 862 390 921; x_wconf 87' lang='lat' dir='ltr'>acerbum</span> <span class='ocrx_word' id='word_1_59' title='bbox 405 862 545 921; x_wconf 89' lang='lat' dir='ltr'>credituri</span> <span class='ocrx_word' id='word_1_60' title='bbox 564 869 641 921; x_wconf 87' lang='lat' dir='ltr'>sunt.</span> <span class='ocrx_word' id='word_1_61' title='bbox 685 860 734 922; x_wconf 88' lang='grc'>69.</span> <span class='ocrx_word' id='word_1_62' title='bbox 759 859 856 932; x_wconf 81' lang='lat' dir='ltr'>Quare</span> <span class='ocrx_word' id='word_1_63' title='bbox 870 861 928 919; x_wconf 89' lang='lat' dir='ltr'>hoo</span> <span class='ocrx_word' id='word_1_64' title='bbox 944 878 1004 934; x_wconf 88' lang='lat' dir='ltr'>quo</span> <span class='ocrx_word' id='word_1_65' title='bbox 1018 861 1071 920; x_wconf 92' lang='lat' dir='ltr'>mi-</span> 
     </span>
     <span class='ocr_line' id='line_1_9' title="bbox 70 942 1069 1019; baseline 0.001 -18"><span class='ocrx_word' id='word_1_66' title='bbox 70 960 112 1002; x_wconf 88' lang='lat' dir='ltr'>nus</span> <span class='ocrx_word' id='word_1_67' title='bbox 128 953 172 1004; x_wconf 90' lang='lat' dir='ltr'>est</span> <span class='ocrx_word' id='word_1_68' title='bbox 187 944 348 1019; x_wconf 75' lang='lat' dir='ltr'>credibile,</span> <span class='ocrx_word' id='word_1_69' title='bbox 369 944 426 1002; x_wconf 89' lang='lat' dir='ltr'>nisi</span> <span class='ocrx_word' id='word_1_70' title='bbox 442 944 625 1016; x_wconf 87' lang='lat' dir='ltr'>ostenditur,</span> <span class='ocrx_word' id='word_1_71' title='bbox 642 958 678 1002; x_wconf 89' lang='lat' dir='ltr'>eo</span> <span class='ocrx_word' id='word_1_72' title='bbox 693 943 788 1016; x_wconf 85' lang='lat' dir='ltr'>magis</span> <span class='ocrx_word' id='word_1_73' title='bbox 804 951 865 1014; x_wconf 87' lang='lat' dir='ltr'>est,</span> <span class='ocrx_word' id='word_1_74' title='bbox 879 942 905 1001; x_wconf 93' lang='lat' dir='ltr'>si</span> <span class='ocrx_word' id='word_1_75' title='bbox 920 944 1069 1002; x_wconf 89' lang='lat' dir='ltr'>convinci·</span> 
     </span>
     <span class='ocr_line' id='line_1_10' title="bbox 70 1022 1071 1100; baseline -0.001 -16"><span class='ocrx_word' id='word_1_76' title='bbox 70 1034 116 1098; x_wconf 88' lang='lat' dir='ltr'>tur,</span> <span class='ocrx_word' id='word_1_77' title='bbox 134 1027 355 1088; x_wconf 89' lang='lat' dir='ltr'>vindicandum.</span> <span class='ocrx_word' id='word_1_78' title='bbox 376 1026 468 1085; x_wconf 87' lang='lat' dir='ltr'>XXV.</span> <span class='ocrx_word' id='word_1_79' title='bbox 483 1028 588 1099; x_wconf 81' lang='lat' dir='ltr'>ltaque</span> <span class='ocrx_word' id='word_1_80' title='bbox 604 1042 696 1100; x_wconf 93' lang='lat' dir='ltr'>quum</span> <span class='ocrx_word' id='word_1_81' title='bbox 711 1022 812 1086; x_wconf 89' lang='lat' dir='ltr'>multis&#39;</span> <span class='ocrx_word' id='word_1_82' title='bbox 826 1041 864 1084; x_wconf 88' lang='lat' dir='ltr'>ex</span> <span class='ocrx_word' id='word_1_83' title='bbox 878 1025 968 1083; x_wconf 90' lang='lat' dir='ltr'>rebus</span> <span class='ocrx_word' id='word_1_84' title='bbox 986 1024 1071 1084; x_wconf 92' lang='lat' dir='ltr'>intel-</span> 
     </span>
     <span class='ocr_line' id='line_1_11' title="bbox 70 1108 1071 1183; baseline 0.003 -19"><span class='ocrx_word' id='word_1_85' title='bbox 70 1108 107 1181; x_wconf 85' lang='lat' dir='ltr'>ligi</span> <span class='ocrx_word' id='word_1_86' title='bbox 119 1117 215 1183; x_wconf 89' lang='lat' dir='ltr'>potest</span> <span class='ocrx_word' id='word_1_87' title='bbox 228 1108 359 1168; x_wconf 90' lang='lat' dir='ltr'>maiores</span> <span class='ocrx_word' id='word_1_88' title='bbox 372 1117 494 1168; x_wconf 88' lang='lat' dir='ltr'>nostros</span> <span class='ocrx_word' id='word_1_89' title='bbox 508 1125 568 1173; x_wconf 90' lang='lat' dir='ltr'>non</span> <span class='ocrx_word' id='word_1_90' title='bbox 590 1109 680 1168; x_wconf 92' lang='lat' dir='ltr'>modo</span> <span class='ocrx_word' id='word_1_91' title='bbox 698 1109 789 1167; x_wconf 89' lang='lat' dir='ltr'>armis</span> <span class='ocrx_word' id='word_1_92' title='bbox 805 1110 874 1181; x_wconf 88' lang='lat' dir='ltr'>plus</span> <span class='ocrx_word' id='word_1_93' title='bbox 894 1124 982 1181; x_wconf 90' lang='lat' dir='ltr'>quam</span> <span class='ocrx_word' id='word_1_94' title='bbox 1003 1123 1071 1167; x_wconf 90' lang='lat' dir='ltr'>oae-</span> 
     </span>
     <span class='ocr_line' id='line_1_12' title="bbox 70 1189 1070 1265; baseline -0.001 -17"><span class='ocrx_word' id='word_1_95' title='bbox 70 1199 136 1250; x_wconf 89' lang='lat' dir='ltr'>teras</span> <span class='ocrx_word' id='word_1_96' title='bbox 147 1192 302 1264; x_wconf 78' lang='lat' dir='ltr'>nationeS,</span> <span class='ocrx_word' id='word_1_97' title='bbox 322 1191 532 1251; x_wconf 90' lang='lat' dir='ltr'>verumetiam</span> <span class='ocrx_word' id='word_1_98' title='bbox 550 1191 676 1250; x_wconf 88' lang='lat' dir='ltr'>consilio</span> <span class='ocrx_word' id='word_1_99' title='bbox 693 1190 903 1265; x_wconf 86' lang='lat' dir='ltr'>sapientiaque</span> <span class='ocrx_word' id='word_1_100' title='bbox 923 1189 1070 1264; x_wconf 88' lang='lat' dir='ltr'>potuisse,</span> 
     </span>
     <span class='ocr_line' id='line_1_13' title="bbox 70 1271 1069 1348; baseline -0.001 -17"><span class='ocrx_word' id='word_1_101' title='bbox 70 1281 120 1331; x_wconf 92' lang='lat' dir='ltr'>tum</span> <span class='ocrx_word' id='word_1_102' title='bbox 132 1289 166 1332; x_wconf 86' lang='lat' dir='ltr'>ex</span> <span class='ocrx_word' id='word_1_103' title='bbox 181 1275 240 1332; x_wconf 90' lang='lat' dir='ltr'>hae</span> <span class='ocrx_word' id='word_1_104' title='bbox 257 1274 350 1334; x_wconf 89' lang='lat' dir='ltr'>revel</span> <span class='ocrx_word' id='word_1_105' title='bbox 362 1273 506 1346; x_wconf 86' lang='lat' dir='ltr'>maxime,</span> <span class='ocrx_word' id='word_1_106' title='bbox 523 1276 605 1348; x_wconf 87' lang='lat' dir='ltr'>quod</span> <span class='ocrx_word' id='word_1_107' title='bbox 620 1274 649 1331; x_wconf 94' lang='lat' dir='ltr'>in</span> <span class='ocrx_word' id='word_1_108' title='bbox 664 1273 774 1347; x_wconf 91' lang='lat' dir='ltr'>impios</span> <span class='ocrx_word' id='word_1_109' title='bbox 790 1273 940 1346; x_wconf 89' lang='lat' dir='ltr'>singulare</span> <span class='ocrx_word' id='word_1_110' title='bbox 956 1271 1069 1347; x_wconf 91' lang='lat' dir='ltr'>suppli·</span> 
     </span>
     <span class='ocr_line' id='line_1_14' title="bbox 70 1355 1072 1430; baseline -0.002 -17"><span class='ocrx_word' id='word_1_111' title='bbox 70 1355 133 1414; x_wconf 89' lang='lat' dir='ltr'>cium</span> <span class='ocrx_word' id='word_1_112' title='bbox 145 1355 333 1416; x_wconf 88' lang='lat' dir='ltr'>invenerunt.</span> <span class='ocrx_word' id='word_1_113' title='bbox 359 1355 423 1428; x_wconf 85' lang='lat' dir='ltr'>Qua</span> <span class='ocrx_word' id='word_1_114' title='bbox 437 1356 467 1414; x_wconf 93' lang='lat' dir='ltr'>in</span> <span class='ocrx_word' id='word_1_115' title='bbox 482 1373 515 1415; x_wconf 93' lang='lat' dir='ltr'>re</span> <span class='ocrx_word' id='word_1_116' title='bbox 530 1366 673 1430; x_wconf 80' lang='lat' dir='ltr'>qnantum</span> <span class='ocrx_word' id='word_1_117' title='bbox 686 1356 850 1430; x_wconf 82' lang='lat' dir='ltr'>prudentia</span> <span class='ocrx_word' id='word_1_118' title='bbox 869 1355 1072 1430; x_wconf 86' lang='lat' dir='ltr'>praestiterint</span> 
     </span>
     <span class='ocr_line' id='line_1_15' title="bbox 70 1435 1070 1514; baseline 0 -20"><span class='ocrx_word' id='word_1_119' title='bbox 70 1435 107 1510; x_wconf 90' lang='lat' dir='ltr'>iis,</span> <span class='ocrx_word' id='word_1_120' title='bbox 126 1439 175 1514; x_wconf 91' lang='lat' dir='ltr'>qui</span> <span class='ocrx_word' id='word_1_121' title='bbox 192 1440 275 1513; x_wconf 88' lang='lat' dir='ltr'>apud</span> <span class='ocrx_word' id='word_1_122' title='bbox 296 1447 433 1498; x_wconf 88' lang='lat' dir='ltr'>caeteros</span> <span class='ocrx_word' id='word_1_123' title='bbox 448 1439 663 1513; x_wconf 82' lang='lat' dir='ltr'>sapientissimi</span> <span class='ocrx_word' id='word_1_124' title='bbox 681 1439 776 1498; x_wconf 89' lang='lat' dir='ltr'>luisse</span> <span class='ocrx_word' id='word_1_125' title='bbox 793 1438 948 1510; x_wconf 87' lang='lat' dir='ltr'>dicuntur,</span> <span class='ocrx_word' id='word_1_126' title='bbox 971 1436 1070 1496; x_wconf 89' lang='lat' dir='ltr'>consi-</span> 
     </span>
     <span class='ocr_line' id='line_1_16' title="bbox 70 1519 1071 1591; baseline -0.001 -14"><span class='ocrx_word' id='word_1_127' title='bbox 70 1519 161 1581; x_wconf 85' lang='lat' dir='ltr'>derate.</span> <span class='ocrx_word' id='word_1_128' title='bbox 205 1519 256 1582; x_wconf 83' lang='lat'>70.</span> <span class='ocrx_word' id='word_1_129' title='bbox 282 1521 517 1587; x_wconf 88' lang='lat' dir='ltr'>Prudentissima</span> <span class='ocrx_word' id='word_1_130' title='bbox 541 1522 647 1581; x_wconf 90' lang='lat' dir='ltr'>civitas</span> <span class='ocrx_word' id='word_1_131' title='bbox 668 1521 912 1591; x_wconf 88' lang='lat' dir='ltr'>Atheniensium,</span> <span class='ocrx_word' id='word_1_132' title='bbox 940 1521 1071 1579; x_wconf 89' lang='lat' dir='ltr'>dumea</span> 
     </span>
     <span class='ocr_line' id='line_1_17' title="bbox 70 1603 1070 1679; baseline 0.002 -22"><span class='ocrx_word' id='word_1_133' title='bbox 70 1617 148 1662; x_wconf 88' lang='lat' dir='ltr'>rerum</span> <span class='ocrx_word' id='word_1_134' title='bbox 170 1605 266 1679; x_wconf 87' lang='lat' dir='ltr'>potita</span> <span class='ocrx_word' id='word_1_135' title='bbox 287 1612 347 1675; x_wconf 88' lang='lat' dir='ltr'>est,</span> <span class='ocrx_word' id='word_1_136' title='bbox 378 1603 473 1664; x_wconf 90' lang='lat' dir='ltr'>luisse</span> <span class='ocrx_word' id='word_1_137' title='bbox 493 1605 627 1664; x_wconf 87' lang='lat' dir='ltr'>traditur.</span> <span class='ocrx_word' id='word_1_138' title='bbox 664 1603 738 1662; x_wconf 86' lang='lat' dir='ltr'>Eius</span> <span class='ocrx_word' id='word_1_139' title='bbox 759 1618 850 1676; x_wconf 92' lang='lat' dir='ltr'>porro</span> <span class='ocrx_word' id='word_1_140' title='bbox 872 1603 999 1662; x_wconf 90' lang='lat' dir='ltr'>civitatis</span> <span class='ocrx_word' id='word_1_141' title='bbox 1023 1618 1070 1673; x_wconf 52' lang='lat' dir='ltr'>sa:</span> 
     </span>
     <span class='ocr_line' id='line_1_18' title="bbox 70 1683 1070 1757; baseline 0 -17"><span class='ocrx_word' id='word_1_142' title='bbox 70 1685 269 1756; x_wconf 88' lang='lat' dir='ltr'>pientissimum</span> <span class='ocrx_word' id='word_1_143' title='bbox 291 1686 434 1746; x_wconf 91' lang='lat' dir='ltr'>Solonem</span> <span class='ocrx_word' id='word_1_144' title='bbox 455 1687 558 1747; x_wconf 89' lang='lat' dir='ltr'>dicunt</span> <span class='ocrx_word' id='word_1_145' title='bbox 572 1687 683 1757; x_wconf 91' lang='lat' dir='ltr'>luisse,</span> <span class='ocrx_word' id='word_1_146' title='bbox 707 1701 790 1754; x_wconf 88' lang='lat' dir='ltr'>eum,</span> <span class='ocrx_word' id='word_1_147' title='bbox 814 1684 866 1757; x_wconf 89' lang='lat' dir='ltr'>qui</span> <span class='ocrx_word' id='word_1_148' title='bbox 882 1686 981 1756; x_wconf 91' lang='lat' dir='ltr'>leges,</span> <span class='ocrx_word' id='word_1_149' title='bbox 1005 1683 1070 1756; x_wconf 89' lang='lat' dir='ltr'>qui-</span> 
     </span>
     <span class='ocr_line' id='line_1_19' title="bbox 70 1765 1070 1843; baseline -0.001 -19"><span class='ocrx_word' id='word_1_150' title='bbox 70 1765 110 1826; x_wconf 85' lang='lat' dir='ltr'>bus</span> <span class='ocrx_word' id='word_1_151' title='bbox 122 1769 213 1829; x_wconf 91' lang='lat' dir='ltr'>hodie</span> <span class='ocrx_word' id='word_1_152' title='bbox 229 1785 352 1843; x_wconf 88' lang='lat' dir='ltr'>quoque</span> <span class='ocrx_word' id='word_1_153' title='bbox 368 1777 505 1839; x_wconf 92' lang='lat' dir='ltr'>utuntur,</span> <span class='ocrx_word' id='word_1_154' title='bbox 521 1768 686 1842; x_wconf 83' lang='lat' dir='ltr'>scripserit.</span> <span class='ocrx_word' id='word_1_155' title='bbox 720 1768 751 1826; x_wconf 91' lang='lat' dir='ltr'>Is</span> <span class='ocrx_word' id='word_1_156' title='bbox 768 1782 859 1838; x_wconf 87' lang='lat' dir='ltr'>quum</span> <span class='ocrx_word' id='word_1_157' title='bbox 873 1766 1070 1838; x_wconf 85' lang='lat' dir='ltr'>interrogare·</span> 
     </span>
     <span class='ocr_line' id='line_1_20' title="bbox 70 1845 1070 1925; baseline -0.002 -20"><span class='ocrx_word' id='word_1_158' title='bbox 70 1856 101 1907; x_wconf 90' lang='lat' dir='ltr'>tur</span> <span class='ocrx_word' id='word_1_159' title='bbox 119 1868 170 1910; x_wconf 89' lang='lat' dir='ltr'>our</span> <span class='ocrx_word' id='word_1_160' title='bbox 186 1853 301 1911; x_wconf 93' lang='lat' dir='ltr'>nullum</span> <span class='ocrx_word' id='word_1_161' title='bbox 322 1850 505 1925; x_wconf 90' lang='lat' dir='ltr'>supplicium</span> <span class='ocrx_word' id='word_1_162' title='bbox 526 1849 734 1909; x_wconf 86' lang='lat' dir='ltr'>constituisset</span> <span class='ocrx_word' id='word_1_163' title='bbox 746 1848 776 1906; x_wconf 93' lang='lat' dir='ltr'>in</span> <span class='ocrx_word' id='word_1_164' title='bbox 791 1864 875 1919; x_wconf 90' lang='lat' dir='ltr'>eum,</span> <span class='ocrx_word' id='word_1_165' title='bbox 899 1845 950 1920; x_wconf 87' lang='lat' dir='ltr'>qui</span> <span class='ocrx_word' id='word_1_166' title='bbox 964 1861 1070 1920; x_wconf 88' lang='lat' dir='ltr'>paren·</span> 
     </span>
     <span class='ocr_line' id='line_1_21' title="bbox 70 1932 1070 2006; baseline -0.004 -18"><span class='ocrx_word' id='word_1_167' title='bbox 70 1937 111 1992; x_wconf 88' lang='lat' dir='ltr'>tem</span> <span class='ocrx_word' id='word_1_168' title='bbox 130 1942 285 2006; x_wconf 79' lang='lat' dir='ltr'>necasset,</span> <span class='ocrx_word' id='word_1_169' title='bbox 311 1933 470 2006; x_wconf 89' lang='lat' dir='ltr'>respondit</span> <span class='ocrx_word' id='word_1_170' title='bbox 491 1949 525 1992; x_wconf 93' lang='lat' dir='ltr'>se</span> <span class='ocrx_word' id='word_1_171' title='bbox 545 1933 576 1990; x_wconf 90' lang='lat' dir='ltr'>id</span> <span class='ocrx_word' id='word_1_172' title='bbox 596 1933 745 1989; x_wconf 89' lang='lat' dir='ltr'>neminem</span> <span class='ocrx_word' id='word_1_173' title='bbox 769 1932 914 1990; x_wconf 84' lang='lat' dir='ltr'>iacturum</span> <span class='ocrx_word' id='word_1_174' title='bbox 937 1937 1070 2003; x_wconf 90' lang='lat' dir='ltr'>putasse.</span> 
     </span>
     <span class='ocr_line' id='line_1_22' title="bbox 70 2010 1070 2090; baseline -0.001 -20"><span class='ocrx_word' id='word_1_175' title='bbox 70 2010 209 2089; x_wconf 87' lang='lat' dir='ltr'>Sapienter</span> <span class='ocrx_word' id='word_1_176' title='bbox 233 2016 344 2075; x_wconf 84' lang='lat' dir='ltr'>fecisse</span> <span class='ocrx_word' id='word_1_177' title='bbox 365 2014 487 2089; x_wconf 88' lang='lat' dir='ltr'>dicitur,</span> <span class='ocrx_word' id='word_1_178' title='bbox 510 2032 603 2090; x_wconf 89' lang='lat' dir='ltr'>quum</span> <span class='ocrx_word' id='word_1_179' title='bbox 624 2015 661 2073; x_wconf 92' lang='lat' dir='ltr'>de</span> <span class='ocrx_word' id='word_1_180' title='bbox 677 2030 715 2073; x_wconf 92' lang='lat' dir='ltr'>eo</span> <span class='ocrx_word' id='word_1_181' title='bbox 731 2013 805 2071; x_wconf 91' lang='lat' dir='ltr'>nihil</span> <span class='ocrx_word' id='word_1_182' title='bbox 819 2013 966 2084; x_wconf 76' lang='lat' dir='ltr'>sanxerit,</span> <span class='ocrx_word' id='word_1_183' title='bbox 988 2011 1070 2086; x_wconf 90' lang='lat' dir='ltr'>quod</span> 
     </span>
     <span class='ocr_line' id='line_1_23' title="bbox 70 2093 1070 2171; baseline 0.005 -19"><span class='ocrx_word' id='word_1_184' title='bbox 70 2107 138 2158; x_wconf 88' lang='lat' dir='ltr'>antea</span> <span class='ocrx_word' id='word_1_185' title='bbox 152 2100 347 2158; x_wconf 89' lang='lat' dir='ltr'>commissum</span> <span class='ocrx_word' id='word_1_186' title='bbox 362 2115 423 2157; x_wconf 91' lang='lat' dir='ltr'>non</span> <span class='ocrx_word' id='word_1_187' title='bbox 440 2107 518 2171; x_wconf 89' lang='lat' dir='ltr'>erat,</span> <span class='ocrx_word' id='word_1_188' title='bbox 533 2115 572 2157; x_wconf 89' lang='lat' dir='ltr'>ne</span> <span class='ocrx_word' id='word_1_189' title='bbox 586 2114 646 2157; x_wconf 91' lang='lat' dir='ltr'>non</span> <span class='ocrx_word' id='word_1_190' title='bbox 662 2106 722 2156; x_wconf 86' lang='lat' dir='ltr'>tam</span> <span class='ocrx_word' id='word_1_191' title='bbox 737 2096 898 2171; x_wconf 89' lang='lat' dir='ltr'>prohibere</span> <span class='ocrx_word' id='word_1_192' title='bbox 914 2111 1004 2168; x_wconf 84' lang='lat' dir='ltr'>quam</span> <span class='ocrx_word' id='word_1_193' title='bbox 1018 2093 1070 2158; x_wconf 84' lang='lat' dir='ltr'>ad-</span> 
     </span>
     <span class='ocr_line' id='line_1_24' title="bbox 70 2173 1071 2254; baseline -0.002 -18"><span class='ocrx_word' id='word_1_194' title='bbox 70 2192 172 2242; x_wconf 84' lang='lat' dir='ltr'>monere</span> <span class='ocrx_word' id='word_1_195' title='bbox 195 2182 356 2242; x_wconf 86' lang='lat' dir='ltr'>videretur.</span> <span class='ocrx_word' id='word_1_196' title='bbox 391 2181 507 2254; x_wconf 81' lang='lat' dir='ltr'>Quanto</span> <span class='ocrx_word' id='word_1_197' title='bbox 529 2182 660 2240; x_wconf 90' lang='lat' dir='ltr'>maiores</span> <span class='ocrx_word' id='word_1_198' title='bbox 682 2178 777 2240; x_wconf 87' lang='lat' dir='ltr'>nostri</span> <span class='ocrx_word' id='word_1_199' title='bbox 799 2178 989 2252; x_wconf 79' lang='lat' dir='ltr'>sapientiusr</span> <span class='ocrx_word' id='word_1_200' title='bbox 1020 2173 1071 2248; x_wconf 88' lang='lat' dir='ltr'>qui</span> 
     </span>
     <span class='ocr_line' id='line_1_25' title="bbox 70 2256 1070 2341; baseline -0.005 -21"><span class='ocrx_word' id='word_1_201' title='bbox 70 2275 142 2333; x_wconf 79' lang='lat' dir='ltr'>quum</span> <span class='ocrx_word' id='word_1_202' title='bbox 160 2263 363 2337; x_wconf 77' lang='lat' dir='ltr'>intelligerent</span> <span class='ocrx_word' id='word_1_203' title='bbox 386 2262 458 2322; x_wconf 76' lang='lat' dir='ltr'>nteit</span> <span class='ocrx_word' id='word_1_204' title='bbox 479 2280 550 2323; x_wconf 91' lang='lat' dir='ltr'>esse</span> <span class='ocrx_word' id='word_1_205' title='bbox 573 2273 632 2322; x_wconf 87' lang='lat' dir='ltr'>tam</span> <span class='ocrx_word' id='word_1_206' title='bbox 654 2270 807 2332; x_wconf 90' lang='lat' dir='ltr'>sanctum,</span> <span class='ocrx_word' id='word_1_207' title='bbox 828 2261 911 2341; x_wconf 83' lang='lat' dir='ltr'>quod</span> <span class='ocrx_word' id='word_1_208' title='bbox 934 2275 994 2317; x_wconf 90' lang='lat' dir='ltr'>non</span> <span class='ocrx_word' id='word_1_209' title='bbox 1017 2256 1070 2316; x_wconf 88' lang='lat' dir='ltr'>ali-</span> 
     </span>
     <span class='ocr_line' id='line_1_26' title="bbox 70 2341 1071 2420; baseline -0.007 -16"><span class='ocrx_word' id='word_1_210' title='bbox 70 2348 171 2415; x_wconf 75' lang='lat' dir='ltr'>pamm</span> <span class='ocrx_word' id='word_1_211' title='bbox 188 2345 318 2413; x_wconf 88' lang='lat' dir='ltr'>violaret</span> <span class='ocrx_word' id='word_1_212' title='bbox 332 2346 475 2419; x_wconf 87' lang='lat' dir='ltr'>audacia,</span> <span class='ocrx_word' id='word_1_213' title='bbox 493 2345 675 2420; x_wconf 87' lang='lat' dir='ltr'>supplicium</span> <span class='ocrx_word' id='word_1_214' title='bbox 692 2347 722 2403; x_wconf 88' lang='lat' dir='ltr'>in</span> <span class='ocrx_word' id='word_1_215' title='bbox 739 2342 904 2416; x_wconf 87' lang='lat' dir='ltr'>parricidas</span> <span class='ocrx_word' id='word_1_216' title='bbox 920 2341 1071 2414; x_wconf 87' lang='lat' dir='ltr'>singulare</span> 
     </span>
     <span class='ocr_line' id='line_1_27' title="bbox 70 2422 1070 2504; baseline 0.001 -23"><span class='ocrx_word' id='word_1_217' title='bbox 70 2429 316 2504; x_wconf 85' lang='lat' dir='ltr'>excogitaverunt,</span> <span class='ocrx_word' id='word_1_218' title='bbox 334 2422 382 2498; x_wconf 84' lang='lat' dir='ltr'>ut,</span> <span class='ocrx_word' id='word_1_219' title='bbox 404 2444 481 2502; x_wconf 86' lang='lat' dir='ltr'>quos</span> <span class='ocrx_word' id='word_1_220' title='bbox 498 2437 605 2488; x_wconf 88' lang='lat' dir='ltr'>natura</span> <span class='ocrx_word' id='word_1_221' title='bbox 618 2428 687 2501; x_wconf 88' lang='lat' dir='ltr'>ipsa</span> <span class='ocrx_word' id='word_1_222' title='bbox 700 2425 828 2485; x_wconf 86' lang='lat' dir='ltr'>retinere</span> <span class='ocrx_word' id='word_1_223' title='bbox 844 2423 873 2482; x_wconf 93' lang='lat' dir='ltr'>in</span> <span class='ocrx_word' id='word_1_224' title='bbox 892 2423 994 2482; x_wconf 88' lang='lat' dir='ltr'>olfioio</span> <span class='ocrx_word' id='word_1_225' title='bbox 1010 2439 1070 2482; x_wconf 93' lang='lat' dir='ltr'>non</span> 
     </span>
     <span class='ocr_line' id='line_1_28' title="bbox 70 2508 1070 2585; baseline -0.006 -16"><span class='ocrx_word' id='word_1_226' title='bbox 70 2511 213 2585; x_wconf 80' lang='lat' dir='ltr'>potuisset,</span> <span class='ocrx_word' id='word_1_227' title='bbox 234 2510 438 2584; x_wconf 84' lang='lat' dir='ltr'>magnitudine</span> <span class='ocrx_word' id='word_1_228' title='bbox 458 2526 575 2585; x_wconf 88' lang='lat' dir='ltr'>poenae</span> <span class='ocrx_word' id='word_1_229' title='bbox 596 2508 779 2569; x_wconf 87' lang='lat' dir='ltr'>amaleficio</span> <span class='ocrx_word' id='word_1_230' title='bbox 802 2514 1070 2567; x_wconf 90' lang='lat' dir='ltr'>summoverentur.</span> 
     </span>
     <span class='ocr_line' id='line_1_29' title="bbox 70 2587 1094 2667; baseline -0.008 -14"><span class='ocrx_word' id='word_1_231' title='bbox 70 2587 130 2653; x_wconf 86' lang='lat' dir='ltr'>lusui</span> <span class='ocrx_word' id='word_1_232' title='bbox 142 2595 304 2654; x_wconf 90' lang='lat' dir='ltr'>volucrunt</span> <span class='ocrx_word' id='word_1_233' title='bbox 315 2595 344 2651; x_wconf 92' lang='lat' dir='ltr'>in</span> <span class='ocrx_word' id='word_1_234' title='bbox 357 2594 476 2652; x_wconf 91' lang='lat' dir='ltr'>culeum</span> <span class='ocrx_word' id='word_1_235' title='bbox 486 2592 575 2653; x_wconf 90' lang='lat' dir='ltr'>vivos</span> <span class='ocrx_word' id='word_1_236' title='bbox 587 2601 677 2667; x_wconf 85' lang='lat' dir='ltr'>atque</span> <span class='ocrx_word' id='word_1_237' title='bbox 688 2591 718 2649; x_wconf 94' lang='lat' dir='ltr'>in</span> <span class='ocrx_word' id='word_1_238' title='bbox 731 2590 840 2650; x_wconf 88' lang='lat' dir='ltr'>llumen</span> <span class='ocrx_word' id='word_1_239' title='bbox 854 2589 951 2649; x_wconf 87' lang='lat' dir='ltr'>deiici.</span> <span class='ocrx_word' id='word_1_240' title='bbox 966 2588 1071 2647; x_wconf 86' lang='lat' dir='ltr'><strong>XXVI.</strong></span> <span class='ocrx_word' id='word_1_241' title='bbox 1090 2630 1094 2639; x_wconf 77' lang='grc'>.</span> 
     </span>
     <span class='ocr_line' id='line_1_30' title="bbox 70 2666 1071 2751; baseline -0.002 -21"><span class='ocrx_word' id='word_1_242' title='bbox 70 2666 101 2735; x_wconf 89' lang='lat' dir='ltr'>lt.</span> <span class='ocrx_word' id='word_1_243' title='bbox 121 2675 143 2736; x_wconf 91' lang='lat'>0</span> <span class='ocrx_word' id='word_1_244' title='bbox 159 2676 344 2751; x_wconf 81' lang='lat' dir='ltr'>singularem</span> <span class='ocrx_word' id='word_1_245' title='bbox 357 2675 550 2750; x_wconf 88' lang='lat' dir='ltr'>sapientiam,</span> <span class='ocrx_word' id='word_1_246' title='bbox 565 2675 696 2735; x_wconf 87' lang='lat' dir='ltr'>iudices!</span> <span class='ocrx_word' id='word_1_247' title='bbox 718 2674 824 2734; x_wconf 90' lang='lat' dir='ltr'>Nonne</span> <span class='ocrx_word' id='word_1_248' title='bbox 839 2671 978 2732; x_wconf 86' lang='lat' dir='ltr'>videntur</span> <span class='ocrx_word' id='word_1_249' title='bbox 991 2670 1071 2731; x_wconf 90' lang='lat' dir='ltr'>hunc</span> 
     </span>
     <span class='ocr_line' id='line_1_31' title="bbox 70 2753 1172 2830; baseline -0.005 -15"><span class='ocrx_word' id='word_1_250' title='bbox 70 2759 201 2819; x_wconf 76' lang='lat' dir='ltr'>nominem</span> <span class='ocrx_word' id='word_1_251' title='bbox 224 2776 264 2818; x_wconf 88' lang='lat' dir='ltr'>ex</span> <span class='ocrx_word' id='word_1_252' title='bbox 283 2775 384 2818; x_wconf 91' lang='lat' dir='ltr'>rerum</span> <span class='ocrx_word' id='word_1_253' title='bbox 403 2767 510 2818; x_wconf 88' lang='lat' dir='ltr'>natura</span> <span class='ocrx_word' id='word_1_254' title='bbox 530 2757 692 2820; x_wconf 91' lang='lat' dir='ltr'>sustulisse</span> <span class='ocrx_word' id='word_1_255' title='bbox 713 2766 743 2816; x_wconf 91' lang='lat' dir='ltr'>et</span> <span class='ocrx_word' id='word_1_256' title='bbox 763 2756 928 2830; x_wconf 82' lang='lat' dir='ltr'>eripuisse,</span> <span class='ocrx_word' id='word_1_257' title='bbox 956 2753 1005 2812; x_wconf 89' lang='lat' dir='ltr'>cui</span> <span class='ocrx_word' id='word_1_258' title='bbox 1024 2768 1071 2811; x_wconf 92' lang='lat' dir='ltr'>re-</span> <span class='ocrx_word' id='word_1_259' title='bbox 1167 2818 1172 2824; x_wconf 53' lang='lat'>,</span> 
     </span>
     <span class='ocr_line' id='line_1_32' title="bbox 70 2832 1071 2926; baseline -0.008 -28"><span class='ocrx_word' id='word_1_260' title='bbox 70 2851 139 2909; x_wconf 69' lang='lat' dir='ltr'>lente</span> <span class='ocrx_word' id='word_1_261' title='bbox 155 2843 290 2915; x_wconf 70' lang='lat' dir='ltr'>caelum,</span> <span class='ocrx_word' id='word_1_262' title='bbox 314 2843 425 2916; x_wconf 92' lang='lat' dir='ltr'>solem,</span> <span class='ocrx_word' id='word_1_263' title='bbox 446 2857 557 2916; x_wconf 86' lang='lat' dir='ltr'>aquam</span> <span class='ocrx_word' id='word_1_264' title='bbox 570 2848 741 2913; x_wconf 87' lang='lat' dir='ltr'>terramque</span> <span class='ocrx_word' id='word_1_265' title='bbox 756 2837 935 2906; x_wconf 88' lang='lat' dir='ltr'>ademerint,</span> <span class='ocrx_word' id='word_1_266' title='bbox 951 2844 998 2907; x_wconf 90' lang='lat' dir='ltr'>ut,</span> <span class='ocrx_word' id='word_1_267' title='bbox 1020 2832 1071 2926; x_wconf 81' lang='lat' dir='ltr'>qui</span> 
     </span>
     <span class='ocr_line' id='line_1_33' title="bbox 70 2918 1070 3009; baseline -0.011 -27"><span class='ocrx_word' id='word_1_268' title='bbox 70 2934 119 2985; x_wconf 83' lang='lat' dir='ltr'>tum</span> <span class='ocrx_word' id='word_1_269' title='bbox 131 2933 289 2997; x_wconf 86' lang='lat' dir='ltr'>necasset,</span> <span class='ocrx_word' id='word_1_270' title='bbox 302 2925 384 2984; x_wconf 91' lang='lat' dir='ltr'>unde</span> <span class='ocrx_word' id='word_1_271' title='bbox 397 2924 465 2999; x_wconf 91' lang='lat' dir='ltr'>ipse</span> <span class='ocrx_word' id='word_1_272' title='bbox 480 2933 569 2984; x_wconf 88' lang='lat' dir='ltr'>natus</span> <span class='ocrx_word' id='word_1_273' title='bbox 580 2932 676 2993; x_wconf 88' lang='lat' dir='ltr'>esset,</span> <span class='ocrx_word' id='word_1_274' title='bbox 691 2929 807 2980; x_wconf 86' lang='lat' dir='ltr'>careret</span> <span class='ocrx_word' id='word_1_275' title='bbox 819 2921 857 2979; x_wconf 89' lang='lat' dir='ltr'>iis</span> <span class='ocrx_word' id='word_1_276' title='bbox 872 2918 963 2977; x_wconf 90' lang='lat' dir='ltr'>rebus</span> <span class='ocrx_word' id='word_1_277' title='bbox 978 2930 1070 3009; x_wconf 69' lang='lat' dir='ltr'>omni-</span> 
     </span>
     <span class='ocr_line' id='line_1_34' title="bbox 70 2998 1070 3083; baseline -0.009 -18"><span class='ocrx_word' id='word_1_278' title='bbox 70 3019 122 3081; x_wconf 83' lang='lat' dir='ltr'>tus,</span> <span class='ocrx_word' id='word_1_279' title='bbox 143 3025 184 3068; x_wconf 87' lang='lat' dir='ltr'>ex</span> <span class='ocrx_word' id='word_1_280' title='bbox 209 3008 320 3083; x_wconf 91' lang='lat' dir='ltr'>quibus</span> <span class='ocrx_word' id='word_1_281' title='bbox 335 3000 436 3068; x_wconf 85' lang='lat' dir='ltr'>omnia</span> <span class='ocrx_word' id='word_1_282' title='bbox 457 3017 527 3067; x_wconf 86' lang='lat' dir='ltr'>nata</span> <span class='ocrx_word' id='word_1_283' title='bbox 542 3022 613 3065; x_wconf 90' lang='lat' dir='ltr'>esse</span> <span class='ocrx_word' id='word_1_284' title='bbox 628 3005 789 3065; x_wconf 66' lang='lat' dir='ltr'>dicuntur?</span> <span class='ocrx_word' id='word_1_285' title='bbox 817 3003 983 3059; x_wconf 91' lang='lat' dir='ltr'>Noluerunt</span> <span class='ocrx_word' id='word_1_286' title='bbox 999 2998 1070 3056; x_wconf 85' lang='lat' dir='ltr'>lens</span> 
     </span>
     <span class='ocr_line' id='line_1_35' title="bbox 70 3080 1071 3166; baseline -0.007 -19"><span class='ocrx_word' id='word_1_287' title='bbox 70 3100 161 3166; x_wconf 80' lang='lat' dir='ltr'>torpus</span> <span class='ocrx_word' id='word_1_288' title='bbox 177 3091 325 3163; x_wconf 90' lang='lat' dir='ltr'>obiicere,</span> <span class='ocrx_word' id='word_1_289' title='bbox 341 3107 381 3149; x_wconf 92' lang='lat' dir='ltr'>ne</span> <span class='ocrx_word' id='word_1_290' title='bbox 394 3089 501 3149; x_wconf 88' lang='lat' dir='ltr'>bestiis</span> <span class='ocrx_word' id='word_1_291' title='bbox 519 3104 657 3162; x_wconf 87' lang='lat' dir='ltr'>quoque,</span> <span class='ocrx_word' id='word_1_292' title='bbox 674 3103 752 3161; x_wconf 89' lang='lat' dir='ltr'>quae</span> <span class='ocrx_word' id='word_1_293' title='bbox 765 3093 877 3144; x_wconf 85' lang='lat' dir='ltr'>tantum</span> <span class='ocrx_word' id='word_1_294' title='bbox 892 3081 992 3139; x_wconf 90' lang='lat' dir='ltr'>scelus</span> <span class='ocrx_word' id='word_1_295' title='bbox 1006 3080 1071 3140; x_wconf 86' lang='lat' dir='ltr'>atti-</span> 
     </span>
     <span class='ocr_line' id='line_1_36' title="bbox 70 3162 1071 3246; baseline -0.011 -14"><span class='ocrx_word' id='word_1_296' title='bbox 70 3171 180 3246; x_wconf 75' lang='lat' dir='ltr'>issent,</span> <span class='ocrx_word' id='word_1_297' title='bbox 203 3173 432 3234; x_wconf 90' lang='lat' dir='ltr'>immanioribus</span> <span class='ocrx_word' id='word_1_298' title='bbox 452 3179 617 3231; x_wconf 86' lang='lat' dir='ltr'>uteremur:</span> <span class='ocrx_word' id='word_1_299' title='bbox 647 3185 706 3227; x_wconf 92' lang='lat' dir='ltr'>non</span> <span class='ocrx_word' id='word_1_300' title='bbox 729 3168 773 3225; x_wconf 89' lang='lat' dir='ltr'>sio</span> <span class='ocrx_word' id='word_1_301' title='bbox 793 3165 892 3223; x_wconf 91' lang='lat' dir='ltr'>nudos</span> <span class='ocrx_word' id='word_1_302' title='bbox 913 3162 944 3221; x_wconf 91' lang='lat' dir='ltr'>in</span> <span class='ocrx_word' id='word_1_303' title='bbox 960 3163 1071 3222; x_wconf 79' lang='lat' dir='ltr'>flumen</span> 
     </span>
     <span class='ocr_line' id='line_1_37' title="bbox 70 3247 1071 3332; baseline -0.005 -22"><span class='ocrx_word' id='word_1_304' title='bbox 70 3251 196 3330; x_wconf 86' lang='lat' dir='ltr'>leiicere,</span> <span class='ocrx_word' id='word_1_305' title='bbox 213 3274 267 3330; x_wconf 92' lang='lat' dir='ltr'>ne,</span> <span class='ocrx_word' id='word_1_306' title='bbox 289 3273 382 3332; x_wconf 87' lang='lat' dir='ltr'>quum</span> <span class='ocrx_word' id='word_1_307' title='bbox 397 3252 488 3312; x_wconf 90' lang='lat' dir='ltr'>delati</span> <span class='ocrx_word' id='word_1_308' title='bbox 503 3260 607 3311; x_wconf 88' lang='lat' dir='ltr'>essent</span> <span class='ocrx_word' id='word_1_309' title='bbox 620 3251 649 3308; x_wconf 87' lang='lat' dir='ltr'>io</span> <span class='ocrx_word' id='word_1_310' title='bbox 663 3265 760 3320; x_wconf 88' lang='lat' dir='ltr'>mare,</span> <span class='ocrx_word' id='word_1_311' title='bbox 781 3249 879 3320; x_wconf 90' lang='lat' dir='ltr'>ipsum</span> <span class='ocrx_word' id='word_1_312' title='bbox 895 3247 1071 3321; x_wconf 90' lang='lat' dir='ltr'>polluerent,</span> 
     </span>
     <span class='ocr_line' id='line_1_38' title="bbox 70 3329 1071 3414; baseline -0.011 -17"><span class='ocrx_word' id='word_1_313' title='bbox 70 3349 262 3410; x_wconf 66' lang='lat' dir='ltr'>runcantem,</span> <span class='ocrx_word' id='word_1_314' title='bbox 288 3355 366 3414; x_wconf 87' lang='lat' dir='ltr'>quae</span> <span class='ocrx_word' id='word_1_315' title='bbox 383 3337 495 3398; x_wconf 88' lang='lat' dir='ltr'>violata</span> <span class='ocrx_word' id='word_1_316' title='bbox 515 3342 599 3407; x_wconf 90' lang='lat' dir='ltr'>sunt,</span> <span class='ocrx_word' id='word_1_317' title='bbox 620 3330 737 3406; x_wconf 83' lang='lat' dir='ltr'>expiari</span> <span class='ocrx_word' id='word_1_318' title='bbox 751 3337 911 3404; x_wconf 85' lang='lat' dir='ltr'>putantur:</span> <span class='ocrx_word' id='word_1_319' title='bbox 941 3329 1071 3401; x_wconf 88' lang='lat' dir='ltr'>donique</span> 
     </span>
     <span class='ocr_line' id='line_1_39' title="bbox 70 3413 1073 3547; baseline -0.007 -73"><span class='ocrx_word' id='word_1_320' title='bbox 70 3419 123 3482; x_wconf 88' lang='lat' dir='ltr'>nihil</span> <span class='ocrx_word' id='word_1_321' title='bbox 142 3432 204 3484; x_wconf 88' lang='lat' dir='ltr'>tam</span> <span class='ocrx_word' id='word_1_322' title='bbox 220 3423 280 3488; x_wconf 80' lang='lat' dir='ltr'>nile</span> <span class='ocrx_word' id='word_1_323' title='bbox 300 3436 400 3496; x_wconf 88' lang='lat' dir='ltr'>neque</span> <span class='ocrx_word' id='word_1_324' title='bbox 415 3428 474 3479; x_wconf 91' lang='lat' dir='ltr'>tam</span> <span class='ocrx_word' id='word_1_325' title='bbox 492 3418 615 3491; x_wconf 84' lang='lat' dir='ltr'>vulgare</span> <span class='ocrx_word' id='word_1_326' title='bbox 630 3423 678 3475; x_wconf 89' lang='lat' dir='ltr'>est</span> <span class='ocrx_word' id='word_1_327' title='bbox 691 3413 777 3473; x_wconf 87' lang='lat' dir='ltr'>euius</span> <span class='ocrx_word' id='word_1_328' title='bbox 792 3422 908 3547; x_wconf 52' lang='lat' dir='ltr'>partgm</span> <span class='ocrx_word' id='word_1_329' title='bbox 921 3413 1012 3473; x_wconf 91' lang='lat' dir='ltr'>ullam</span> <span class='ocrx_word' id='word_1_330' title='bbox 1025 3425 1073 3468; x_wconf 85' lang='lat' dir='ltr'>re-</span> 
     </span>
     <span class='ocr_line' id='line_1_40' title="bbox 1058 3592 1128 3632; baseline 0 0"><span class='ocrx_word' id='word_1_331' title='bbox 1058 3592 1128 3632; x_wconf 66' lang='lat' dir='ltr'>n</span> 
     </span>
    </p>
   </div>
   <div class='ocr_carea' id='block_1_3' title="bbox 0 0 1182 3854">
    <p class='ocr_par' dir='ltr' id='par_1_3' title="bbox 0 0 1182 3854">
     <span class='ocr_line' id='line_1_41' title="bbox 0 0 1182 3854; baseline 0 0"><span class='ocrx_word' id='word_1_332' title='bbox 0 0 1182 3854; x_wconf 95' lang='lat' dir='ltr'> </span> 
     </span>
    </p>
   </div>
  </div>
 </body>
</html>
