2356 3854
1061 126 1074 155 ὅ

329 164 1105 264 crr.a-⁵1s.-⁶10.v„1⁵o·

58 343 184 398 uenam,
210 344 288 401 quos
311 328 507 397 condemnat,
529 337 581 387 aut
600 345 655 401 per
676 340 813 390 senatum
828 339 880 391 aut
896 347 951 405 per
966 349 1062 407 popu-

58 428 93 470 m
108 413 214 468 levare
229 411 342 484 possit:
361 406 449 484 eripit
463 412 552 469 etiam
567 427 668 484 spem,
685 429 764 485 quae
779 414 845 472 sola
864 413 1040 474 hominem'
1032 432 1062 474 ιιι

58 491 166 553 iseriis
183 491 338 553 consolari
354 492 446 552 solet·
468 493 551 552 bona
565 502 722 567 praeterea
736 496 884 570 publicari
899 497 994 556 iubet:
1019 497 1073 556 via
1151 530 1154 537 ,

58 593 93 635 ,ιιι
109 578 209 636 solam
224 575 367 649 relinquit
381 574 503 634 nefariis
524 570 711 637 hominibus=
734 595 824 652 quarn
847 579 873 638 si
891 579 1061 654 eripuisset,

58 661 147 720 tultos
168 675 232 718 uno
247 656 353 719 dolore
375 658 498 717 dolores
518 658 609 716 animi
632 667 723 734 atque
744 661 882 735 corporis
905 672 934 722 et
955 675 1060 724 omnes

58 744 186 802 relerum
203 748 319 816 poenas
335 740 509 800 ademisset.
531 742 636 815 ltaque
650 750 683 801 ut
697 742 798 816 aliqua
813 743 843 802 in
856 744 916 805 vita
932 746 1060 806 formido

58 825 183 921 nprobis
199 833 284 884 esset
298 823 412 898 posita,
432 823 515 898 apud
536 823 651 884 inferos
676 825 741 885 erus
758 826 838 885 modi
855 829 1004 901 quaedam
1019 828 1061 887 illi

58 908 151 1004 ntiqui
167 906 340 983 supplicia
332 906 432 1002 impiis
447 906 610 967 constituta
625 924 696 968 esse
714 909 961 984 volueruntque
976 909 1060 971 vide

59 1001 105 1052 cet
117 991 148 1050 in
151 989 359 1065 telligebant'
339 1007 378 1049 ns
392 992 516 1050 remotis
537 1006 598 1050 non
622 1007 693 1050 esse
709 1000 834 1052 mortem
856 991 954 1067 ipsam
971 995 1059 1082 perti·
1096 1044 1101 1057 ,

58 1075 240 1134 rescendam.

116 1159 154 1216 V.
177 1156 447 1232 adunationes
466 1156 643 1234 conscripti,
665 1173 722 1232 ego
739 1175 807 1219 mea
820 1158 913 1219 video
929 1157 1024 1233 quid'
1016 1176 1060 1222 mr

58 1239 128 1301 arsit
152 1240 184 1300 Si
200 1239 284 1300 eritis
300 1239 396 1300 secuti
409 1239 588 1300 sententiam
604 1241 635 1300 C.
652 1241 806 1315 Caesaris,
822 1242 966 1317 quoniam
982 1242 1060 1301 hano

58 1322 112 1382 sin
123 1340 157 1384 re
173 1323 296 1399 publica
313 1323 407 1394 viam,
425 1340 503 1397 quae
519 1324 677 1399 popularis
692 1325 833 1399 habetur,
856 1335 980 1387 secutus
1003 1331 1059 1399 est,

58 1406 165 1467 ortasse
179 1407 281 1467 minus
298 1416 385 1467 erunt
405 1407 465 1467 hoc
481 1416 606 1468 auctore
631 1417 661 1469 et
675 1407 831 1483 cognitore
845 1409 974 1469 huiusce
991 1425 1059 1469 sen-

58 1489 145 1551 entiae
159 1491 231 1550 mihi
249 1492 413 1566 populares
430 1489 560 1565 impetus
576 1490 825 1565 pertimescendi:
849 1493 895 1552 sin
916 1493 996 1551 illam
1016 1492 1058 1551 al-

59 1587 137 1645 aram,
152 1572 258 1634 nescio
273 1590 313 1632 an
327 1573 456 1649 amplius
471 1574 543 1633 mihi
557 1573 677 1648 negocii
692 1575 893 1647 contrahatur.
939 1575 1000 1634 Sed
1016 1583 1058 1633 ta-

58 1670 106 1715 nen
118 1673 255 1716 meorum
269 1655 473 1731 periculorum
488 1656 622 1717 rationes
641 1656 754 1717 utilitas
773 1657 818 1716 rei
841 1656 980 1731 publicae
994 1656 1056 1714 vin-

58 1745 95 1796 tat
122 1740 275 1800 Habemus
290 1738 399 1800 enima
421 1739 566 1812 Caesare,
595 1738 674 1799 siout
692 1738 791 1812 ipsius
813 1738 942 1812 dignitas
958 1747 1058 1798 etma-

58 1835 133 1881 omm
146 1823 213 1883 eius
229 1823 394 1898 amplitudo
413 1822 594 1896 postulabat,
613 1819 791 1890 sententiam
804 1830 955 1896 tamquam
978 1820 1066 1880 obsi·

58 1900 106 1964 lem
124 1915 289 1981 perpetuae
311 1905 341 1965 in
364 1921 428 1964 rem
450 1905 603 1979 publicam
618 1903 791 1965 voluntatis.
813 1905 996 1978 Intellectum
1012 1912 1059 1964 est

58 1986 110 2056 trid
125 1987 289 2051 interesset
299 1988 376 2048 inter
387 1988 539 2048 levitatem
552 1988 792 2047 contionatorum
804 1996 834 2047 et
845 1987 975 2047 animum
986 2002 1057 2047 vere
1136 2038 1140 2049 .

58 2071 221 2146 ropidarem,
235 2072 324 2132 saluti
339 2071 446 2146 populi
461 2072 679 2131 consulentem.
726 2069 774 2131 10.
799 2072 896 2130 Video
908 2071 958 2131 ede
981 2068 1057 2143 istis,

58 2151 93 2222 ui
104 2171 135 2214 se
148 2156 315 2230 populares
331 2155 435 2214 haberi
448 2156 564 2227 volunt,
579 2156 691 2214 abesse
703 2170 766 2214 non
783 2153 947 2227 neminem,
966 2171 1004 2213 ne
1019 2153 1057 2212 de

58 2235 132 2308 rapite
147 2236 290 2299 videlicet
304 2237 414 2297 civium
434 2238 640 2298 Romanorum
661 2237 839 2297 sententiam
862 2238 946 2297 serat.
984 2237 1014 2295 Is
1028 2242 1058 2294 et

58 2319 142 2380 rudius
157 2322 262 2382 tertius
274 2321 303 2380 in
316 2320 484 2383 custodiam
500 2321 583 2382 cives
595 2323 750 2381 Romanos
763 2319 846 2379 dedit
862 2328 892 2380 et
905 2318 1056 2394 supplica-

58 2396 143 2464 ionem
156 2403 230 2464 mihi
246 2403 427 2465 decrevitet
441 2403 558 2465 indices
580 2405 723 2464 hesterno
742 2404 792 2462 die
812 2401 950 2462 maximis
968 2418 1053 2477 prae·

58 2481 102 2544 niis
114 2488 233 2551 adfecit.
255 2489 318 2547 lam
335 2488 393 2548 hoc
408 2487 520 2547 nemini
530 2488 655 2548 dublum
671 2495 726 2558 est,
744 2485 796 2561 qui
807 2503 861 2547 reo
877 2503 932 2547 cus
933 2485 1054 2555 todiam,

58 2570 197 2634 {nemitori
213 2570 450 2644 gratulationem,
466 2570 559 2632 indici
577 2571 742 2646 praemium
757 2570 906 2642 decrevit,
930 2569 1004 2644 quid
1018 2569 1056 2627 de

58 2656 97 2709 tta
110 2667 142 2712 re
156 2662 187 2715 et
202 2669 295 2714 causa
310 2653 458 2715 iudicarit.
484 2658 525 2714 At
538 2671 612 2714 vero
629 2655 659 2714 C.
677 2654 789 2714 Caesar
805 2652 944 2728 intelligit
959 2654 1056 2726 legem

58 2723 240 2809 temproniam
253 2753 323 2796 esse
335 2738 373 2796 de
386 2737 503 2798 civibus
514 2736 659 2798 Romanis
674 2737 880 2798 constitutam·
895 2735 945 2810 qui
957 2743 1055 2795 autem

58 2812 80 2871 ti
94 2819 230 2890 publicae
245 2819 284 2879 sit
297 2819 409 2892 hostis,
434 2838 502 2881 eum
525 2821 622 2881 civem
644 2837 714 2880 esse
734 2821 923 2879 nullomodo
945 2831 1054 2892 posse

58 2890 180 2975 lenique
172 2920 274 2977 ipsum
286 2904 411 2964 latorem
420 2904 619 2978 Semproniae
630 2903 726 2978 legis
718 2920 805 2963 russu
820 2900 927 2976 populi
937 2914 1054 2974 poenas

58 2978 79 3037 ti
92 2985 230 3058 publicae
245 2987 442 3061 dependisse.
473 2988 580 3047 Idem
573 3004 673 3061 ipsum
686 2986 860 3055 Lentulum,
883 2983 1055 3055 largitorem

58 3065 250 3144 [prodigum
276 3087 336 3130 non
353 3079 452 3143 putat,
476 3087 567 3142 quum
588 3070 626 3128 de
642 3068 777 3143 pernicie
792 3064 901 3141 populi
917 3062 1054 3136 Rotnani,

58 3147 121 3212 titio
136 3152 228 3214 liuius
242 3153 326 3214 urbis
344 3161 404 3212 tam
419 3153 539 3224 acerbe,
554 3150 791 3217 tamcrudeliter
802 3147 950 3221 cogitarit,
965 3146 1054 3208 etiarn

58 3235 176 3305 apellari
192 3252 288 3310 posse
305 3237 502 3310 popularem
528 3235 640 3308 ltaque
657 3233 748 3293 horno
763 3231 941 3292 mitissimus
963 3239 1054 3304 atque

58 3315 203 3379 missimus
221 3335 281 3377 non
297 3319 457 3378 dubitati).
474 3317 632 3377 Lentulum
652 3315 783 3376 oeternis
802 3317 934 3376 tenebris
952 3315 1053 3373 vinou-

58 3407 126 3473 sque
141 3401 287 3461 mandare
301 3411 331 3461 et
345 3399 443 3460 sancit
462 3400 493 3460 in
512 3409 676 3475 posterum,
696 3417 734 3463 oe
750 3399 821 3474 quis'
833 3398 922 3461 huius
940 3396 1052 3472 suppli·
