2356 3854
83 203 159 268 294¹-
380 204 454 265 PRO
470 205 501 267 P.
518 203 649 264 sasrto
665 202 815 263 ORATIO.

83 356 127 416 roi
148 356 296 430 publicae.
332 356 396 433 Non
420 370 457 413 ea
471 362 518 413 est
536 353 701 427 medicina,
726 370 818 428 quum
833 369 928 412 sanae
943 370 994 427 par

84 439 169 514 poris
190 438 366 511 scalpellum
387 436 545 496 adhibetur
563 446 657 510 atque
683 437 831 510 integrae:
859 436 994 494 carnifici

84 521 144 581 ista
164 529 194 580 et
215 519 391 581 crudelitas:
417 519 444 578 ei
465 520 622 578 medentur
645 517 689 576 rei
711 519 866 592 publicae,
891 520 943 591 qui
957 535 993 577 ex

84 612 203 678 pestem
217 603 347 677 aliquam
362 611 513 675 tamquam
529 609 672 662 strumam
689 601 828 661 civitatis.

169 682 239 744 1³6.
262 684 324 745 Sed
340 693 373 757 ut
384 692 550 744 extremuni
565 684 675 744 habeat
688 683 802 758 aliquid
818 683 915 742 oratio
931 700 994 742 mea

86 783 142 842 ego
161 777 231 839 ante
247 768 368 827 dicendi
383 766 473 826 tinem
488 767 594 825 luciam
610 783 698 840 quarn
714 783 770 826 vos
786 783 834 825 rue
848 775 910 825 tam
925 776 994 825 atter

86 850 203 923 dieadi‚
224 852 402 911 concludam
423 850 496 909 illud
516 849 555 908 de
569 848 767 923 optimatibusx
777 865 946 923 eorumque
963 867 994 923 pr

84 935 143 993 bus
164 933 258 993 acrei
275 934 414 1008 publicae
429 931 656 1002 defensoribus,
676 945 810 1005 vosque,
825 933 990 991 adolescen

77 1014 138 1091 ‘qui
158 1016 276 1075 nobiles
296 1016 386 1091 estis,
407 1017 445 1075 ad
463 1014 607 1074 maiorum
624 1023 792 1076 vestrorum
807 1013 994 1075 iniimtionen

84 1098 170 1169 tabo,
194 1106 224 1158 et
245 1097 296 1171 qui
316 1097 436 1172 ingenio
458 1113 494 1157 ac
518 1097 624 1158 virtute
644 1096 827 1157 nobilitatem
849 1098 982 1170 potestis

86 1182 154 1255 qui,
168 1181 208 1238 ad
223 1195 288 1239 eam
304 1181 464 1254 rationem,
485 1180 515 1239 in
531 1196 591 1254 qua
605 1181 688 1239 multi
703 1178 844 1239 homines
859 1182 933 1239 novi
948 1181 994 1239 etl

84 1270 115 1322 et
127 1262 222 1334 gloria
236 1262 410 1334 floruerunt,
428 1263 616 1322 cohortabor.
649 1259 717 1323 137.
738 1262 822 1321 Haec
833 1271 953 1322 estana
964 1263 992 1320 vi

85 1343 214 1417 credite,
236 1353 266 1404 et
287 1345 385 1410 laudis
407 1353 437 1404 et
451 1343 649 1418 dignitatiset
661 1344 802 1405 honoris:
821 1361 840 1402 a
859 1346 951 1404 bonis
968 1344 994 1403 vi

85 1425 236 1501 pientibus
257 1435 288 1486 et
306 1428 384 1487 bene
404 1435 511 1487 natura
530 1427 699 1488 constitutis
712 1426 830 1491 laudari
845 1436 876 1486 et
890 1427 988 1501 diligi,

85 1508 318 1582 descriptionem
339 1508 467 1570 civitatis
483 1509 647 1591 maioribus
662 1509 774 1570 nostris
790 1510 994 1583 sapientissim

85 1591 232 1665 stitutum,
248 1592 300 1667 qui
318 1608 409 1673 quum
423 1607 527 1666 regum
542 1600 721 1667 potestatem
738 1608 799 1652 non
814 1592 970 1661 tulissent,
985 1592 995 1650 i

84 1673 228 1750 gistratus
248 1692 366 1752 annuos
386 1684 577 1747 creaverunt,
601 1682 634 1736 ut
656 1674 816 1735 consilium
833 1685 960 1734 senatus
982 1692 994 1732 r

84 1756 183 1817 blicae
196 1759 662 1833 praeponereatsempitemum‚
686 1757 892 1832 deligerentur
912 1767 994 1818 auten

84 1840 243 1902 consilium
255 1843 293 1900 ab
305 1842 447 1903 universo
459 1844 573 1918 populo
583 1842 743 1915 aditusque
757 1840 785 1898 in
798 1840 881 1899 illum
894 1857 994 1901 summ

84 1922 184 1983 dinem
198 1922 328 1985 omniurn
338 1925 453 2003 civium
465 1923 631 1984 industriae
643 1940 680 1983 ac
695 1922 793 1982 virtuti
810 1931 935 1997 pateret.
959 1924 994 1983 Se

83 2003 128 2064 rei
139 2005 278 2079 publicae
289 2008 456 2081 custodem,
468 2006 646 2083 praesident,
665 2013 920 2080 propugnatorem
933 2007 994 2066 coll

83 2086 167 2147 nuniz
182 2088 269 2149 huius
286 2089 400 2149 ordinis
415 2090 592 2151 auctoritate
604 2090 646 2149 uti
661 2087 853 2162 magistratus
869 2098 899 2148 et
914 2087 994 2163 quasi

85 2166 165 2231 siros
186 2171 356 2251 gramssimi
378 2172 496 2233 consilii
513 2189 583 2232 esse
597 2173 772 2231 voluerunt:
788 2181 927 2231 senatum
943 2180 994 2231 aut

84 2270 150 2314 sum
172 2252 375 2329 proximorum
403 2255 541 2315 ordinum
568 2254 760 2328 splendorem
787 2255 980 2326 confirmare,

83 2336 249 2411 libertatem
262 2345 293 2405 et
306 2339 467 2399 commoda
480 2336 557 2398 tueri
571 2345 662 2411 atque
679 2353 792 2410 angere
804 2339 975 2397 voluerunt.

164 2402 268 2487 mvl.
291 2419 359 2482 138.
380 2423 463 2481 Haec
478 2421 530 2496 qui
546 2436 602 2494 pro
618 2419 695 2478 virili
713 2428 796 2493 parte
817 2420 994 2488 defendunt,

83 2508 178 2560 mutes
196 2512 282 2576 sunt,
297 2502 515 2579 cuiuscumque
529 2510 600 2563 sunt
613 2502 741 2563 ordinis:
758 2502 809 2576 qui
823 2511 922 2562 autem
938 2516 994 2576 prat

83 2581 147 2642 suis
174 2584 341 2646 cervicibus
366 2595 446 2646 tanta
467 2585 569 2645 munia
588 2593 679 2658 atque
693 2601 756 2643 rem
771 2584 924 2659 publicam
942 2600 994 2643 sus

82 2665 113 2725 bi
125 2681 247 2740 semper
259 2668 351 2729 habiti
366 2678 436 2729 sunt
450 2666 636 2743 optimatium
652 2666 816 2741 principes,
831 2678 970 2728 auctores
983 2681 994 2723 e

83 2761 255 2809 servatores
279 2751 416 2824 civitatis.
447 2752 523 2811 Huic
547 2750 699 2827 hominum
722 2749 826 2822 generi
843 2751 954 2820 fatcor,
973 2755 994 2807 ut

82 2830 163 2905 dixi,
176 2834 285 2894 multos
300 2833 507 2902 adversarios,
523 2830 671 2903 inimicos,
688 2830 810 2892 invidos
828 2849 909 2904 esse,
924 2832 994 2890 mult

82 2914 155 2989 poni
168 2915 316 2991 pericula,
339 2918 449 2976 multas
471 2916 573 2975 inferri
588 2912 729 2984 iniurius,
752 2929 882 2988 magnos
896 2930 965 2974 esse
978 2927 994 2970 e:

81 2998 180 3058 undas
198 3007 228 3059 ct
241 2999 419 3059 subeundos
436 2999 570 3058 labores:
590 2998 644 3056 sed
660 2995 732 3056 mihi
747 2996 847 3057 omnis
862 2998 957 3056 oratio
973 3009 994 3052 et

81 3079 204 3155 virtute,
219 3097 279 3141 non
295 3094 362 3141 cum
377 3078 509 3163 desidio,
526 3095 593 3139 cunr
609 3078 760 3154 dignitate,
777 3095 839 3139 non
852 3096 922 3139 curn
938 3079 994 3136 votn

49 3193 53 3202 ·
81 3174 149 3220 cum
170 3163 207 3223 iis
222 3164 272 3239 qui
288 3179 323 3223 se
338 3162 468 3239 patriae,
489 3161 617 3238 quisuis
633 3160 765 3232 civibus,
784 3161 834 3234 qui
849 3161 944 3230 laudi,
967 3174 994 3232 qt

82 3240 153 3314 riae,
168 3261 244 3317 non,
266 3245 316 3320 qui
334 3262 441 3306 somno
456 3254 487 3306 et
502 3241 650 3306 conviviis
667 3253 698 3305 ct
712 3243 904 3303 delectationi
920 3252 994 3302 natos

82 3329 203 3384 truatur.
234 3327 310 3386 Nam
330 3327 356 3388 si
377 3329 429 3403 qui
450 3326 656 3402 voluptatibus
675 3327 828 3386 ducuntur
849 3335 932 3386 etse
957 3321 994 3381 vit

80 3402 231 3467 illecebris
251 3415 282 3467 et
303 3408 499 3483 cupiditatum
521 3407 680 3469 lenonicils
701 3408 897 3483 dediderunt,
921 3406 994 3465 misst
