<?xml version="1.0" encoding="UTF-8"?>
<!DOCTYPE html PUBLIC "-//W3C//DTD XHTML 1.0 Transitional//EN"
    "http://www.w3.org/TR/xhtml1/DTD/xhtml1-transitional.dtd">
<html xmlns="http://www.w3.org/1999/xhtml" xml:lang="en" lang="en">
 <head>
  <title>
</title>
<meta http-equiv="Content-Type" content="text/html;charset=utf-8" />
  <meta name='ocr-system' content='tesseract 3.04.00' />
  <meta name='ocr-capabilities' content='ocr_page ocr_carea ocr_par ocr_line ocrx_word'/>
</head>
<body>
  <div class='ocr_page' id='page_1' title='image "./mtulliiciceroni08cicegoog_0405.png"; bbox 0 0 2384 3854; ppageno 0'>
   <div class='ocr_carea' id='block_1_1' title="bbox 148 156 1123 267">
    <p class='ocr_par' dir='ltr' id='par_1_1' title="bbox 148 156 1123 267">
     <span class='ocr_line' id='line_1_1' title="bbox 148 156 1123 267; baseline -0.011 0"><span class='ocrx_word' id='word_1_1' title='bbox 148 201 213 267; x_wconf 79' lang='lat' dir='ltr'><strong>all</strong></span> <span class='ocrx_word' id='word_1_2' title='bbox 232 200 348 261; x_wconf 75' lang='lat' dir='ltr'><strong>paor.</strong></span> <span class='ocrx_word' id='word_1_3' title='bbox 359 199 447 257; x_wconf 82' lang='lat' dir='ltr'><strong>nnn.</strong></span> <span class='ocrx_word' id='word_1_4' title='bbox 462 197 608 257; x_wconf 76' lang='lat' dir='ltr'><strong>munau</strong></span> <span class='ocrx_word' id='word_1_5' title='bbox 619 195 730 256; x_wconf 80' lang='lat' dir='ltr'><strong>cunr.</strong></span> <span class='ocrx_word' id='word_1_6' title='bbox 750 156 914 258; x_wconf 64' lang='lat' dir='ltr'><strong>cmi-sa</strong></span> <span class='ocrx_word' id='word_1_7' title='bbox 929 201 956 261; x_wconf 84' lang='lat' dir='ltr'><strong>s.</strong></span> <span class='ocrx_word' id='word_1_8' title='bbox 972 203 1123 257; x_wconf 76' lang='lat' dir='ltr'><strong>ios-10⁵.</strong></span> 
     </span>
    </p>
   </div>
   <div class='ocr_carea' id='block_1_2' title="bbox 92 334 1170 2732">
    <p class='ocr_par' dir='ltr' id='par_1_2' title="bbox 145 334 1160 1079">
     <span class='ocr_line' id='line_1_2' title="bbox 151 334 1160 422; baseline -0.008 -11"><span class='ocrx_word' id='word_1_9' title='bbox 151 357 247 412; x_wconf 83' lang='lat' dir='ltr'><strong>morta</strong></span> <span class='ocrx_word' id='word_1_10' title='bbox 260 347 522 422; x_wconf 72' lang='lat' dir='ltr'><strong>nequieruntzquc</strong></span> <span class='ocrx_word' id='word_1_11' title='bbox 536 347 738 419; x_wconf 80' lang='lat' dir='ltr'><strong>deprecantcl</strong></span> <span class='ocrx_word' id='word_1_12' title='bbox 749 360 808 404; x_wconf 79' lang='lat' dir='ltr'><strong>me</strong></span> <span class='ocrx_word' id='word_1_13' title='bbox 853 343 925 406; x_wconf 80' lang='lat' dir='ltr'><strong>loa.</strong></span> <span class='ocrx_word' id='word_1_14' title='bbox 944 345 1102 417; x_wconf 76' lang='lat' dir='ltr'>Quodnam</span> <span class='ocrx_word' id='word_1_15' title='bbox 1114 334 1160 420; x_wconf 79' lang='lat' dir='ltr'><strong>&#39;ego</strong></span> 
     </span>
     <span class='ocr_line' id='line_1_3' title="bbox 150 426 1160 503; baseline -0.007 -10"><span class='ocrx_word' id='word_1_16' title='bbox 150 430 407 503; x_wconf 72' lang='lat' dir='ltr'><strong>conceptaculum</strong></span> <span class='ocrx_word' id='word_1_17' title='bbox 420 431 523 490; x_wconf 86' lang='lat' dir='ltr'><strong>scelus</strong></span> <span class='ocrx_word' id='word_1_18' title='bbox 534 437 589 488; x_wconf 90' lang='lat' dir='ltr'><strong>aut</strong></span> <span class='ocrx_word' id='word_1_19' title='bbox 602 428 685 502; x_wconf 87' lang='lat' dir='ltr'><strong>qnod</strong></span> <span class='ocrx_word' id='word_1_20' title='bbox 698 427 730 486; x_wconf 85' lang='lat' dir='ltr'><strong>in</strong></span> <span class='ocrx_word' id='word_1_21' title='bbox 743 443 792 486; x_wconf 87' lang='lat' dir='ltr'><strong>me</strong></span> <span class='ocrx_word' id='word_1_22' title='bbox 802 435 917 487; x_wconf 73' lang='lat' dir='ltr'><strong>mutum</strong></span> <span class='ocrx_word' id='word_1_23' title='bbox 928 426 1051 486; x_wconf 76' lang='lat' dir='ltr'><strong>lacinus</strong></span> <span class='ocrx_word' id='word_1_24' title='bbox 1061 428 1160 502; x_wconf 75' lang='lat' dir='ltr'><strong>admisi</strong></span> 
     </span>
     <span class='ocr_line' id='line_1_4' title="bbox 150 504 1158 585; baseline -0.005 -11"><span class='ocrx_word' id='word_1_25' title='bbox 150 511 277 582; x_wconf 83' lang='lat' dir='ltr'><strong>iudices,</strong></span> <span class='ocrx_word' id='word_1_26' title='bbox 292 529 383 585; x_wconf 82' lang='lat' dir='ltr'><strong>quum</strong></span> <span class='ocrx_word' id='word_1_27' title='bbox 397 512 448 570; x_wconf 84' lang='lat' dir='ltr'><strong>illa</strong></span> <span class='ocrx_word' id='word_1_28' title='bbox 465 504 577 571; x_wconf 84' lang='lat' dir='ltr'><strong>indicia</strong></span> <span class='ocrx_word' id='word_1_29' title='bbox 590 509 758 570; x_wconf 67' lang='lat' dir='ltr'><strong>cummunis</strong></span> <span class='ocrx_word' id='word_1_30' title='bbox 772 509 855 568; x_wconf 88' lang='lat' dir='ltr'><strong>exitii</strong></span> <span class='ocrx_word' id='word_1_31' title='bbox 866 508 1022 584; x_wconf 77' lang='lat' dir='ltr'>indagavi,</span> <span class='ocrx_word' id='word_1_32' title='bbox 1039 510 1158 584; x_wconf 75' lang='lat' dir='ltr'><strong>patefeci,</strong></span> 
     </span>
     <span class='ocr_line' id='line_1_5' title="bbox 152 592 1158 670; baseline 0 -15"><span class='ocrx_word' id='word_1_33' title='bbox 152 594 270 670; x_wconf 84' lang='lat' dir='ltr'><strong>protuli,</strong></span> <span class='ocrx_word' id='word_1_34' title='bbox 286 593 438 655; x_wconf 72' lang='lat' dir='ltr'><strong>exstinxi?</strong></span> <span class='ocrx_word' id='word_1_35' title='bbox 457 593 568 653; x_wconf 81' lang='lat' dir='ltr'><strong>Omnes</strong></span> <span class='ocrx_word' id='word_1_36' title='bbox 583 592 612 651; x_wconf 94' lang='lat' dir='ltr'><strong>in</strong></span> <span class='ocrx_word' id='word_1_37' title='bbox 629 609 677 652; x_wconf 86' lang='lat' dir='ltr'><strong>me</strong></span> <span class='ocrx_word' id='word_1_38' title='bbox 692 607 840 666; x_wconf 83' lang='lat' dir='ltr'><strong>meosque</strong></span> <span class='ocrx_word' id='word_1_39' title='bbox 855 592 1032 652; x_wconf 79' lang='lat' dir='ltr'><strong>redundant</strong></span> <span class='ocrx_word' id='word_1_40' title='bbox 1043 609 1082 651; x_wconf 87' lang='lat' dir='ltr'><strong>ex</strong></span> <span class='ocrx_word' id='word_1_41' title='bbox 1095 593 1158 655; x_wconf 81' lang='lat' dir='ltr'><strong>lonc</strong></span> 
     </span>
     <span class='ocr_line' id='line_1_6' title="bbox 151 675 1158 749; baseline -0.003 -12"><span class='ocrx_word' id='word_1_42' title='bbox 151 676 202 737; x_wconf 90' lang='lat' dir='ltr'><strong>illo</strong></span> <span class='ocrx_word' id='word_1_43' title='bbox 216 677 348 738; x_wconf 63' lang='lat' dir='ltr'><strong>dolam</strong></span> <span class='ocrx_word' id='word_1_44' title='bbox 391 676 469 749; x_wconf 83' lang='lat' dir='ltr'><strong>Quid</strong></span> <span class='ocrx_word' id='word_1_45' title='bbox 484 693 531 735; x_wconf 86' lang='lat' dir='ltr'><strong>me</strong></span> <span class='ocrx_word' id='word_1_46' title='bbox 546 676 690 735; x_wconf 77' lang='lat' dir='ltr'><strong>reducem</strong></span> <span class='ocrx_word' id='word_1_47' title='bbox 708 691 779 734; x_wconf 85' lang='lat' dir='ltr'><strong>esse</strong></span> <span class='ocrx_word' id='word_1_48' title='bbox 791 675 957 735; x_wconf 72' lang='lat' dir='ltr'><strong>vetustiss</strong></span> <span class='ocrx_word' id='word_1_49' title='bbox 972 691 1013 732; x_wconf 87' lang='lat' dir='ltr'><strong>an</strong></span> <span class='ocrx_word' id='word_1_50' title='bbox 1031 684 1065 734; x_wconf 92' lang='lat' dir='ltr'><strong>ut</strong></span> <span class='ocrx_word' id='word_1_51' title='bbox 1077 675 1158 749; x_wconf 81' lang='lat' dir='ltr'><strong>inspe</strong></span> 
     </span>
     <span class='ocr_line' id='line_1_7' title="bbox 151 756 1157 834; baseline -0.005 -13"><span class='ocrx_word' id='word_1_52' title='bbox 151 767 249 821; x_wconf 78' lang='lat' dir='ltr'><strong>eunte</strong></span> <span class='ocrx_word' id='word_1_53' title='bbox 263 775 311 819; x_wconf 87' lang='lat' dir='ltr'><strong>me</strong></span> <span class='ocrx_word' id='word_1_54' title='bbox 324 760 546 834; x_wconf 78' lang='lat' dir='ltr'><strong>expellerentur</strong></span> <span class='ocrx_word' id='word_1_55' title='bbox 559 757 589 829; x_wconf 89' lang='lat' dir='ltr'><strong>ii,</strong></span> <span class='ocrx_word' id='word_1_56' title='bbox 601 775 658 832; x_wconf 85' lang='lat' dir='ltr'><strong>per</strong></span> <span class='ocrx_word' id='word_1_57' title='bbox 670 775 749 832; x_wconf 81' lang='lat' dir='ltr'><strong>quas</strong></span> <span class='ocrx_word' id='word_1_58' title='bbox 760 773 861 817; x_wconf 78' lang='lat' dir='ltr'><strong>essem</strong></span> <span class='ocrx_word' id='word_1_59' title='bbox 875 756 1061 816; x_wconf 65' lang='lat' dir='ltr'><strong>restitutus?</strong></span> <span class='ocrx_word' id='word_1_60' title='bbox 1071 759 1157 827; x_wconf 73' lang='lat' dir='ltr'><strong>Nolite,</strong></span> 
     </span>
     <span class='ocr_line' id='line_1_8' title="bbox 145 839 1158 914; baseline -0.007 -10"><span class='ocrx_word' id='word_1_61' title='bbox 145 842 281 904; x_wconf 77' lang='lat' dir='ltr'><strong>,obsecro</strong></span> <span class='ocrx_word' id='word_1_62' title='bbox 296 857 368 910; x_wconf 79' lang='lat' dir='ltr'><strong>aes,</strong></span> <span class='ocrx_word' id='word_1_63' title='bbox 381 840 569 901; x_wconf 73' lang='lat' dir='ltr'><strong>acerbiorem</strong></span> <span class='ocrx_word' id='word_1_64' title='bbox 582 839 654 899; x_wconf 89' lang='lat' dir='ltr'><strong>mibi</strong></span> <span class='ocrx_word' id='word_1_65' title='bbox 667 839 727 914; x_wconf 89' lang='lat' dir='ltr'><strong>pali</strong></span> <span class='ocrx_word' id='word_1_66' title='bbox 741 839 870 899; x_wconf 83' lang='lat' dir='ltr'><strong>reditum</strong></span> <span class='ocrx_word' id='word_1_67' title='bbox 883 855 966 912; x_wconf 84' lang='lat' dir='ltr'><strong>esse,</strong></span> <span class='ocrx_word' id='word_1_68' title='bbox 983 857 1076 914; x_wconf 84' lang='lat' dir='ltr'><strong>quam</strong></span> <span class='ocrx_word' id='word_1_69' title='bbox 1090 839 1158 899; x_wconf 86' lang='lat' dir='ltr'><strong>luerit</strong></span> 
     </span>
     <span class='ocr_line' id='line_1_9' title="bbox 151 922 1157 998; baseline -0.005 -11"><span class='ocrx_word' id='word_1_70' title='bbox 151 924 201 987; x_wconf 82' lang='lat' dir='ltr'><strong>ille</strong></span> <span class='ocrx_word' id='word_1_71' title='bbox 217 923 288 998; x_wconf 82' lang='lat' dir='ltr'><strong>ipse</strong></span> <span class='ocrx_word' id='word_1_72' title='bbox 305 923 471 984; x_wconf 71' lang='lat' dir='ltr'>discessus,</span> <span class='ocrx_word' id='word_1_73' title='bbox 513 923 588 982; x_wconf 78' lang='lat' dir='ltr'><strong>Nam</strong></span> <span class='ocrx_word' id='word_1_74' title='bbox 607 922 660 997; x_wconf 85' lang='lat' dir='ltr'><strong>qui</strong></span> <span class='ocrx_word' id='word_1_75' title='bbox 682 938 808 996; x_wconf 82' lang='lat' dir='ltr'><strong>possum</strong></span> <span class='ocrx_word' id='word_1_76' title='bbox 822 931 930 997; x_wconf 85' lang='lat' dir='ltr'><strong>putare</strong></span> <span class='ocrx_word' id='word_1_77' title='bbox 944 938 996 982; x_wconf 87' lang='lat' dir='ltr'><strong>me</strong></span> <span class='ocrx_word' id='word_1_78' title='bbox 1009 925 1157 984; x_wconf 81' lang='lat' dir='ltr'><strong>restitum</strong></span> 
     </span>
     <span class='ocr_line' id='line_1_10' title="bbox 146 1004 1114 1079; baseline -0.007 -10"><span class='ocrx_word' id='word_1_79' title='bbox 146 1021 231 1076; x_wconf 78' lang='lat' dir='ltr'><strong>ease,</strong></span> <span class='ocrx_word' id='word_1_80' title='bbox 248 1005 275 1066; x_wconf 90' lang='lat' dir='ltr'><strong>si</strong></span> <span class='ocrx_word' id='word_1_81' title='bbox 289 1005 438 1067; x_wconf 80' lang='lat' dir='ltr'><strong>distrahar</strong></span> <span class='ocrx_word' id='word_1_82' title='bbox 452 1006 490 1065; x_wconf 91' lang='lat' dir='ltr'><strong>ab</strong></span> <span class='ocrx_word' id='word_1_83' title='bbox 507 1004 554 1074; x_wconf 87' lang='lat' dir='ltr'><strong>iis,</strong></span> <span class='ocrx_word' id='word_1_84' title='bbox 570 1021 625 1079; x_wconf 88' lang='lat' dir='ltr'><strong>per</strong></span> <span class='ocrx_word' id='word_1_85' title='bbox 641 1021 719 1079; x_wconf 84' lang='lat' dir='ltr'><strong>quos</strong></span> <span class='ocrx_word' id='word_1_86' title='bbox 732 1006 889 1064; x_wconf 88' lang='lat' dir='ltr'><strong>restitutus</strong></span> <span class='ocrx_word' id='word_1_87' title='bbox 904 1012 997 1065; x_wconf 70' lang='lat' dir='ltr'><strong>sums</strong></span> <span class='ocrx_word' id='word_1_88' title='bbox 1109 1011 1114 1017; x_wconf 77' lang='grc'><strong>’</strong></span> 
     </span>
    </p>

    <p class='ocr_par' dir='ltr' id='par_1_3' title="bbox 92 1087 1170 2732">
     <span class='ocr_line' id='line_1_11' title="bbox 212 1087 1158 1163; baseline -0.003 -14"><span class='ocrx_word' id='word_1_89' title='bbox 212 1089 370 1149; x_wconf 81' lang='lat' dir='ltr'><strong>xxxvrtl.</strong></span> <span class='ocrx_word' id='word_1_90' title='bbox 391 1088 510 1148; x_wconf 83' lang='lat' dir='ltr'><strong>Utinam</strong></span> <span class='ocrx_word' id='word_1_91' title='bbox 533 1087 564 1147; x_wconf 87' lang='lat' dir='ltr'><strong>di</strong></span> <span class='ocrx_word' id='word_1_92' title='bbox 583 1087 766 1148; x_wconf 87' lang='lat' dir='ltr'><strong>immortales</strong></span> <span class='ocrx_word' id='word_1_93' title='bbox 779 1087 936 1161; x_wconf 35' lang='lat' dir='ltr'><strong>,fecissent</strong></span> <span class='ocrx_word' id='word_1_94' title='bbox 956 1120 1003 1135; x_wconf 81' lang='lat'><strong>—-</strong></span> <span class='ocrx_word' id='word_1_95' title='bbox 1025 1104 1098 1163; x_wconf 88' lang='lat' dir='ltr'><strong>pace</strong></span> <span class='ocrx_word' id='word_1_96' title='bbox 1114 1095 1158 1156; x_wconf 81' lang='lat' dir='ltr'><strong>tun,</strong></span> 
     </span>
     <span class='ocr_line' id='line_1_12' title="bbox 92 1167 1159 1245; baseline -0.001 -15"><span class='ocrx_word' id='word_1_97' title='bbox 92 1193 96 1201; x_wconf 89' lang='lat'>·</span> <span class='ocrx_word' id='word_1_98' title='bbox 146 1171 261 1245; x_wconf 83' lang='lat' dir='ltr'><strong>petria,</strong></span> <span class='ocrx_word' id='word_1_99' title='bbox 276 1170 417 1230; x_wconf 62' lang='lat' dir='ltr'><strong>dixeritne</strong></span> <span class='ocrx_word' id='word_1_100' title='bbox 436 1179 538 1230; x_wconf 84' lang='lat' dir='ltr'><strong>metuo</strong></span> <span class='ocrx_word' id='word_1_101' title='bbox 561 1171 640 1230; x_wconf 90' lang='lat' dir='ltr'><strong>cuim</strong></span> <span class='ocrx_word' id='word_1_102' title='bbox 655 1187 695 1230; x_wconf 88' lang='lat' dir='ltr'><strong>ne</strong></span> <span class='ocrx_word' id='word_1_103' title='bbox 712 1171 859 1232; x_wconf 86' lang='lat' dir='ltr'><strong>scelerate</strong></span> <span class='ocrx_word' id='word_1_104' title='bbox 875 1170 977 1229; x_wconf 86' lang='lat' dir='ltr'><strong>dicam</strong></span> <span class='ocrx_word' id='word_1_105' title='bbox 991 1169 1025 1229; x_wconf 90' lang='lat' dir='ltr'><strong>iu</strong></span> <span class='ocrx_word' id='word_1_106' title='bbox 1045 1179 1076 1230; x_wconf 91' lang='lat' dir='ltr'><strong>te</strong></span> <span class='ocrx_word' id='word_1_107' title='bbox 1095 1167 1159 1245; x_wconf 83' lang='lat' dir='ltr'><strong>quod</strong></span> 
     </span>
     <span class='ocr_line' id='line_1_13' title="bbox 146 1251 1160 1327; baseline -0.002 -15"><span class='ocrx_word' id='word_1_108' title='bbox 146 1255 207 1327; x_wconf 69' lang='lat' dir='ltr'><strong>pio</strong></span> <span class='ocrx_word' id='word_1_109' title='bbox 221 1251 333 1312; x_wconf 80' lang='lat' dir='ltr'><strong>Milone</strong></span> <span class='ocrx_word' id='word_1_110' title='bbox 346 1251 445 1312; x_wconf 89' lang='lat' dir='ltr'><strong>dicam</strong></span> <span class='ocrx_word' id='word_1_111' title='bbox 464 1254 515 1326; x_wconf 89' lang='lat' dir='ltr'><strong>pie</strong></span> <span class='ocrx_word' id='word_1_112' title='bbox 537 1286 573 1299; x_wconf 88' lang='lat'>-</span> <span class='ocrx_word' id='word_1_113' title='bbox 595 1252 708 1313; x_wconf 88' lang='lat' dir='ltr'><strong>utinam</strong></span> <span class='ocrx_word' id='word_1_114' title='bbox 722 1253 758 1310; x_wconf 80' lang='lat' dir='ltr'><strong>P:</strong></span> <span class='ocrx_word' id='word_1_115' title='bbox 773 1253 896 1313; x_wconf 78' lang='lat' dir='ltr'><strong>clodius</strong></span> <span class='ocrx_word' id='word_1_116' title='bbox 910 1270 974 1313; x_wconf 83' lang='lat' dir='ltr'><strong>non</strong></span> <span class='ocrx_word' id='word_1_117' title='bbox 989 1254 1083 1314; x_wconf 85' lang='lat' dir='ltr'><strong>modo</strong></span> <span class='ocrx_word' id='word_1_118' title='bbox 1096 1253 1160 1312; x_wconf 84' lang='lat' dir='ltr'><strong>vive</strong></span> 
     </span>
     <span class='ocr_line' id='line_1_14' title="bbox 150 1333 1162 1412; baseline 0.002 -16"><span class='ocrx_word' id='word_1_119' title='bbox 150 1343 210 1404; x_wconf 84' lang='lat' dir='ltr'><strong>ret,</strong></span> <span class='ocrx_word' id='word_1_120' title='bbox 226 1334 282 1394; x_wconf 87' lang='lat' dir='ltr'><strong>sed</strong></span> <span class='ocrx_word' id='word_1_121' title='bbox 303 1333 391 1395; x_wconf 80' lang='lat' dir='ltr'><strong>eliam</strong></span> <span class='ocrx_word' id='word_1_122' title='bbox 405 1343 542 1407; x_wconf 85' lang='lat' dir='ltr'><strong>praetor,</strong></span> <span class='ocrx_word' id='word_1_123' title='bbox 562 1337 687 1410; x_wconf 86' lang='lat' dir='ltr'><strong>consul,</strong></span> <span class='ocrx_word' id='word_1_124' title='bbox 707 1335 836 1395; x_wconf 82' lang='lat' dir='ltr'><strong>dictator</strong></span> <span class='ocrx_word' id='word_1_125' title='bbox 857 1344 943 1396; x_wconf 82' lang='lat' dir='ltr'><strong>esset</strong></span> <span class='ocrx_word' id='word_1_126' title='bbox 960 1337 1071 1411; x_wconf 85' lang='lat' dir='ltr'><strong>potius</strong></span> <span class='ocrx_word' id='word_1_127' title='bbox 1090 1349 1162 1412; x_wconf 79' lang='lat' dir='ltr'><strong>quam</strong></span> 
     </span>
     <span class='ocr_line' id='line_1_15' title="bbox 151 1416 1164 1488; baseline -0.001 -11"><span class='ocrx_word' id='word_1_128' title='bbox 151 1416 210 1477; x_wconf 84' lang='lat' dir='ltr'><strong>hcc</strong></span> <span class='ocrx_word' id='word_1_129' title='bbox 224 1417 430 1488; x_wconf 80' lang='lat' dir='ltr'><strong>spectaculum</strong></span> <span class='ocrx_word' id='word_1_130' title='bbox 445 1417 596 1476; x_wconf 88' lang='lat' dir='ltr'><strong>videremt</strong></span> <span class='ocrx_word' id='word_1_131' title='bbox 622 1416 689 1477; x_wconf 82' lang='lat' dir='ltr'><strong>lul.</strong></span> <span class='ocrx_word' id='word_1_132' title='bbox 709 1417 733 1477; x_wconf 92' lang='lat'>0</span> <span class='ocrx_word' id='word_1_133' title='bbox 747 1416 779 1477; x_wconf 84' lang='lat' dir='ltr'><strong>di</strong></span> <span class='ocrx_word' id='word_1_134' title='bbox 795 1419 999 1479; x_wconf 82' lang='lat' dir='ltr'><strong>immortales!</strong></span> <span class='ocrx_word' id='word_1_135' title='bbox 1023 1422 1126 1480; x_wconf 65' lang='lat' dir='ltr'><strong>torum</strong></span> <span class='ocrx_word' id='word_1_136' title='bbox 1141 1423 1164 1476; x_wconf 90' lang='lat' dir='ltr'><strong>el</strong></span> 
     </span>
     <span class='ocr_line' id='line_1_16' title="bbox 149 1496 1164 1578; baseline 0.003 -21"><span class='ocrx_word' id='word_1_137' title='bbox 149 1513 170 1557; x_wconf 82' lang='lat' dir='ltr'><strong>e</strong></span> <span class='ocrx_word' id='word_1_138' title='bbox 187 1496 290 1568; x_wconf 80' lang='lat' dir='ltr'><strong>vobis,</strong></span> <span class='ocrx_word' id='word_1_139' title='bbox 305 1496 436 1569; x_wconf 88' lang='lat' dir='ltr'><strong>iudices,</strong></span> <span class='ocrx_word' id='word_1_140' title='bbox 452 1501 693 1578; x_wconf 75' lang='lat' dir='ltr'><strong>conservandum</strong></span> <span class='ocrx_word' id='word_1_141' title='bbox 709 1500 821 1560; x_wconf 84' lang='lat' dir='ltr'><strong>virumt</strong></span> <span class='ocrx_word' id='word_1_142' title='bbox 835 1500 975 1574; x_wconf 77' lang='lat' dir='ltr'><strong>Minime,</strong></span> <span class='ocrx_word' id='word_1_143' title='bbox 990 1503 1120 1575; x_wconf 82' lang='lat' dir='ltr'><strong>minime,</strong></span> <span class='ocrx_word' id='word_1_144' title='bbox 1130 1501 1164 1560; x_wconf 80' lang='lat' dir='ltr'><strong>in</strong></span> 
     </span>
     <span class='ocr_line' id='line_1_17' title="bbox 150 1579 1166 1656; baseline 0.005 -17"><span class='ocrx_word' id='word_1_145' title='bbox 150 1579 224 1653; x_wconf 83' lang='lat' dir='ltr'><strong>quit.</strong></span> <span class='ocrx_word' id='word_1_146' title='bbox 265 1579 359 1639; x_wconf 89' lang='lat' dir='ltr'><strong>lmmn</strong></span> <span class='ocrx_word' id='word_1_147' title='bbox 375 1597 447 1642; x_wconf 85' lang='lat' dir='ltr'><strong>vern</strong></span> <span class='ocrx_word' id='word_1_148' title='bbox 460 1599 575 1656; x_wconf 87' lang='lat' dir='ltr'><strong>poenas</strong></span> <span class='ocrx_word' id='word_1_149' title='bbox 590 1583 641 1644; x_wconf 86' lang='lat' dir='ltr'><strong>ille</strong></span> <span class='ocrx_word' id='word_1_150' title='bbox 657 1583 776 1644; x_wconf 88' lang='lat' dir='ltr'><strong>debitas</strong></span> <span class='ocrx_word' id='word_1_151' title='bbox 796 1583 896 1644; x_wconf 73' lang='lat' dir='ltr'><strong>lueritz</strong></span> <span class='ocrx_word' id='word_1_152' title='bbox 921 1601 984 1644; x_wconf 89' lang='lat' dir='ltr'><strong>nos</strong></span> <span class='ocrx_word' id='word_1_153' title='bbox 1005 1587 1166 1655; x_wconf 73' lang='lat' dir='ltr'><strong>subeamus,</strong></span> 
     </span>
     <span class='ocr_line' id='line_1_18' title="bbox 148 1660 1167 1742; baseline 0.006 -20"><span class='ocrx_word' id='word_1_154' title='bbox 148 1664 177 1728; x_wconf 76' lang='lat' dir='ltr'><strong>ei</strong></span> <span class='ocrx_word' id='word_1_155' title='bbox 191 1663 232 1728; x_wconf 83' lang='lat' dir='ltr'><strong>ita</strong></span> <span class='ocrx_word' id='word_1_156' title='bbox 246 1678 375 1724; x_wconf 87' lang='lat' dir='ltr'><strong>necesse</strong></span> <span class='ocrx_word' id='word_1_157' title='bbox 389 1673 445 1734; x_wconf 80' lang='lat' dir='ltr'><strong>est</strong></span> <span class='ocrx_word' id='word_1_158' title='bbox 458 1682 520 1725; x_wconf 87' lang='lat' dir='ltr'><strong>non</strong></span> <span class='ocrx_word' id='word_1_159' title='bbox 533 1660 664 1726; x_wconf 68' lang='lat' dir='ltr'><strong>debitas</strong></span> <span class='ocrx_word' id='word_1_160' title='bbox 704 1665 811 1726; x_wconf 84' lang='lat' dir='ltr'><strong>Hicine</strong></span> <span class='ocrx_word' id='word_1_161' title='bbox 831 1668 876 1726; x_wconf 86' lang='lat' dir='ltr'><strong>vir</strong></span> <span class='ocrx_word' id='word_1_162' title='bbox 890 1667 1013 1742; x_wconf 80' lang='lat' dir='ltr'><strong>patriae</strong></span> <span class='ocrx_word' id='word_1_163' title='bbox 1022 1677 1116 1730; x_wconf 82' lang='lat' dir='ltr'><strong>natus</strong></span> <span class='ocrx_word' id='word_1_164' title='bbox 1125 1683 1167 1728; x_wconf 85' lang='lat' dir='ltr'><strong>us·</strong></span> 
     </span>
     <span class='ocr_line' id='line_1_19' title="bbox 153 1745 1168 1825; baseline 0.011 -24"><span class='ocrx_word' id='word_1_165' title='bbox 153 1761 241 1819; x_wconf 79' lang='lat' dir='ltr'><strong>quam</strong></span> <span class='ocrx_word' id='word_1_166' title='bbox 258 1745 316 1804; x_wconf 90' lang='lat' dir='ltr'><strong>nisi</strong></span> <span class='ocrx_word' id='word_1_167' title='bbox 330 1746 359 1804; x_wconf 93' lang='lat' dir='ltr'><strong>in</strong></span> <span class='ocrx_word' id='word_1_168' title='bbox 376 1749 472 1821; x_wconf 84' lang='lat' dir='ltr'><strong>patria</strong></span> <span class='ocrx_word' id='word_1_169' title='bbox 488 1750 639 1822; x_wconf 88' lang='lat' dir='ltr'><strong>morietur,</strong></span> <span class='ocrx_word' id='word_1_170' title='bbox 653 1757 713 1822; x_wconf 89' lang='lat' dir='ltr'><strong>aul,</strong></span> <span class='ocrx_word' id='word_1_171' title='bbox 733 1748 762 1809; x_wconf 91' lang='lat' dir='ltr'><strong>si</strong></span> <span class='ocrx_word' id='word_1_172' title='bbox 779 1751 864 1818; x_wconf 84' lang='lat' dir='ltr'><strong>sorte,</strong></span> <span class='ocrx_word' id='word_1_173' title='bbox 884 1765 939 1824; x_wconf 89' lang='lat' dir='ltr'><strong>pro</strong></span> <span class='ocrx_word' id='word_1_174' title='bbox 954 1753 1080 1825; x_wconf 71' lang='lat' dir='ltr'><strong>patriar</strong></span> <span class='ocrx_word' id='word_1_175' title='bbox 1092 1752 1168 1812; x_wconf 79' lang='lat' dir='ltr'><strong>nun</strong></span> 
     </span>
     <span class='ocr_line' id='line_1_20' title="bbox 153 1828 1169 1907; baseline 0.007 -22"><span class='ocrx_word' id='word_1_176' title='bbox 153 1843 211 1887; x_wconf 88' lang='lat' dir='ltr'><strong>vos</strong></span> <span class='ocrx_word' id='word_1_177' title='bbox 233 1828 324 1889; x_wconf 82' lang='lat' dir='ltr'><strong>animi</strong></span> <span class='ocrx_word' id='word_1_178' title='bbox 345 1839 534 1891; x_wconf 75' lang='lat' dir='ltr'><strong>monumenta</strong></span> <span class='ocrx_word' id='word_1_179' title='bbox 555 1831 737 1902; x_wconf 84' lang='lat' dir='ltr'><strong>retinebitis,</strong></span> <span class='ocrx_word' id='word_1_180' title='bbox 757 1831 897 1907; x_wconf 84' lang='lat' dir='ltr'><strong>corporis</strong></span> <span class='ocrx_word' id='word_1_181' title='bbox 914 1834 1053 1896; x_wconf 84' lang='lat' dir='ltr'><strong>initalia</strong></span> <span class='ocrx_word' id='word_1_182' title='bbox 1068 1836 1169 1896; x_wconf 88' lang='lat' dir='ltr'><strong>nullum</strong></span> 
     </span>
     <span class='ocr_line' id='line_1_21' title="bbox 149 1912 1170 1990; baseline 0.002 -17"><span class='ocrx_word' id='word_1_183' title='bbox 149 1912 325 1984; x_wconf 79' lang='lat' dir='ltr'><strong>sepulcrum</strong></span> <span class='ocrx_word' id='word_1_184' title='bbox 340 1927 410 1973; x_wconf 85' lang='lat' dir='ltr'><strong>esse</strong></span> <span class='ocrx_word' id='word_1_185' title='bbox 426 1914 599 1988; x_wconf 79' lang='lat' dir='ltr'><strong>patieminia</strong></span> <span class='ocrx_word' id='word_1_186' title='bbox 619 1915 778 1975; x_wconf 81' lang='lat' dir='ltr'><strong>hunc-sua</strong></span> <span class='ocrx_word' id='word_1_187' title='bbox 794 1916 958 1990; x_wconf 86' lang='lat' dir='ltr'><strong>quisquam</strong></span> <span class='ocrx_word' id='word_1_188' title='bbox 974 1919 1128 1980; x_wconf 81' lang='lat' dir='ltr'><strong>sententia</strong></span> <span class='ocrx_word' id='word_1_189' title='bbox 1138 1933 1170 1977; x_wconf 83' lang='lat' dir='ltr'><strong>cx</strong></span> 
     </span>
     <span class='ocr_line' id='line_1_22' title="bbox 151 1993 1170 2072; baseline 0.007 -19"><span class='ocrx_word' id='word_1_190' title='bbox 151 1993 208 2053; x_wconf 82' lang='lat' dir='ltr'><strong>buc</strong></span> <span class='ocrx_word' id='word_1_191' title='bbox 224 1993 297 2051; x_wconf 88' lang='lat' dir='ltr'><strong>urbe</strong></span> <span class='ocrx_word' id='word_1_192' title='bbox 315 1996 461 2068; x_wconf 82' lang='lat' dir='ltr'><strong>expellet,</strong></span> <span class='ocrx_word' id='word_1_193' title='bbox 472 2013 573 2070; x_wconf 77' lang='lat' dir='ltr'><strong>,quem</strong></span> <span class='ocrx_word' id='word_1_194' title='bbox 596 2014 702 2058; x_wconf 88' lang='lat' dir='ltr'><strong>omncs</strong></span> <span class='ocrx_word' id='word_1_195' title='bbox 717 1997 808 2058; x_wconf 90' lang='lat' dir='ltr'><strong>urbes</strong></span> <span class='ocrx_word' id='word_1_196' title='bbox 822 2002 990 2072; x_wconf 84' lang='lat' dir='ltr'><strong>expulsum</strong></span> <span class='ocrx_word' id='word_1_197' title='bbox 1005 2019 1026 2061; x_wconf 88' lang='lat' dir='ltr'><strong>a</strong></span> <span class='ocrx_word' id='word_1_198' title='bbox 1039 2000 1170 2063; x_wconf 80' lang='lat' dir='ltr'><strong>vobisut</strong></span> 
     </span>
     <span class='ocr_line' id='line_1_23' title="bbox 151 2075 1169 2161; baseline 0.008 -28"><span class='ocrx_word' id='word_1_199' title='bbox 151 2089 186 2133; x_wconf 88' lang='lat' dir='ltr'><strong>se</strong></span> <span class='ocrx_word' id='word_1_200' title='bbox 201 2075 372 2134; x_wconf 67' lang='lat' dir='ltr'><strong>vocabunt?</strong></span> <span class='ocrx_word' id='word_1_201' title='bbox 392 2076 461 2138; x_wconf 83' lang='lat'><strong>105.</strong></span> <span class='ocrx_word' id='word_1_202' title='bbox 478 2078 501 2138; x_wconf 92' lang='lat'>0</span> <span class='ocrx_word' id='word_1_203' title='bbox 517 2088 624 2140; x_wconf 88' lang='lat' dir='ltr'><strong>terram</strong></span> <span class='ocrx_word' id='word_1_204' title='bbox 640 2081 719 2140; x_wconf 87' lang='lat' dir='ltr'><strong>illam</strong></span> <span class='ocrx_word' id='word_1_205' title='bbox 733 2082 867 2150; x_wconf 80' lang='lat' dir='ltr'><strong>beatam,</strong></span> <span class='ocrx_word' id='word_1_206' title='bbox 884 2099 966 2156; x_wconf 85' lang='lat' dir='ltr'><strong>quae</strong></span> <span class='ocrx_word' id='word_1_207' title='bbox 985 2085 1073 2161; x_wconf 80' lang='lat' dir='ltr'><strong>hune</strong></span> <span class='ocrx_word' id='word_1_208' title='bbox 1087 2083 1169 2144; x_wconf 82' lang='lat' dir='ltr'><strong>cirum</strong></span> 
     </span>
     <span class='ocr_line' id='line_1_24' title="bbox 123 2155 1168 2237; baseline 0.01 -24"><span class='ocrx_word' id='word_1_209' title='bbox 123 2209 127 2213; x_wconf 84' lang='lat'>.</span> <span class='ocrx_word' id='word_1_210' title='bbox 150 2155 320 2230; x_wconf 74' lang='lat' dir='ltr'><strong>exceperit:</strong></span> <span class='ocrx_word' id='word_1_211' title='bbox 341 2157 419 2218; x_wconf 87' lang='lat' dir='ltr'><strong>hane</strong></span> <span class='ocrx_word' id='word_1_212' title='bbox 432 2162 591 2234; x_wconf 80' lang='lat' dir='ltr'><strong>ingratam,</strong></span> <span class='ocrx_word' id='word_1_213' title='bbox 608 2162 635 2223; x_wconf 91' lang='lat' dir='ltr'><strong>si</strong></span> <span class='ocrx_word' id='word_1_214' title='bbox 648 2163 785 2223; x_wconf 73' lang='lat' dir='ltr'><strong>eieceritz</strong></span> <span class='ocrx_word' id='word_1_215' title='bbox 808 2164 966 2237; x_wconf 83' lang='lat' dir='ltr'><strong>miseram,</strong></span> <span class='ocrx_word' id='word_1_216' title='bbox 988 2168 1018 2227; x_wconf 86' lang='lat' dir='ltr'><strong>si</strong></span> <span class='ocrx_word' id='word_1_217' title='bbox 1032 2166 1168 2228; x_wconf 87' lang='lat' dir='ltr'><strong>amiserit!</strong></span> 
     </span>
     <span class='ocr_line' id='line_1_25' title="bbox 150 2235 1169 2325; baseline 0.014 -27"><span class='ocrx_word' id='word_1_218' title='bbox 150 2235 213 2298; x_wconf 82' lang='lat' dir='ltr'><strong>Sed</strong></span> <span class='ocrx_word' id='word_1_219' title='bbox 240 2237 309 2299; x_wconf 84' lang='lat' dir='ltr'><strong>linis</strong></span> <span class='ocrx_word' id='word_1_220' title='bbox 330 2241 383 2300; x_wconf 79' lang='lat' dir='ltr'><strong>sit:</strong></span> <span class='ocrx_word' id='word_1_221' title='bbox 402 2259 500 2317; x_wconf 89' lang='lat' dir='ltr'><strong>neque</strong></span> <span class='ocrx_word' id='word_1_222' title='bbox 522 2244 600 2303; x_wconf 85' lang='lat' dir='ltr'><strong>enim</strong></span> <span class='ocrx_word' id='word_1_223' title='bbox 621 2262 692 2318; x_wconf 84' lang='lat' dir='ltr'><strong>prae</strong></span> <span class='ocrx_word' id='word_1_224' title='bbox 714 2246 843 2306; x_wconf 82' lang='lat' dir='ltr'><strong>lacrimis</strong></span> <span class='ocrx_word' id='word_1_225' title='bbox 857 2249 916 2306; x_wconf 87' lang='lat' dir='ltr'><strong>iam</strong></span> <span class='ocrx_word' id='word_1_226' title='bbox 940 2248 1030 2324; x_wconf 88' lang='lat' dir='ltr'><strong>loqui</strong></span> <span class='ocrx_word' id='word_1_227' title='bbox 1046 2264 1169 2325; x_wconf 81' lang='lat' dir='ltr'><strong>possum,</strong></span> 
     </span>
     <span class='ocr_line' id='line_1_26' title="bbox 150 2319 1168 2409; baseline 0.012 -31"><span class='ocrx_word' id='word_1_228' title='bbox 150 2329 181 2380; x_wconf 92' lang='lat' dir='ltr'><strong>et</strong></span> <span class='ocrx_word' id='word_1_229' title='bbox 194 2319 242 2380; x_wconf 87' lang='lat' dir='ltr'><strong>hic</strong></span> <span class='ocrx_word' id='word_1_230' title='bbox 255 2323 437 2386; x_wconf 81' lang='lat' dir='ltr'><strong>selacrimis</strong></span> <span class='ocrx_word' id='word_1_231' title='bbox 454 2327 575 2386; x_wconf 81' lang='lat' dir='ltr'><strong>delendi</strong></span> <span class='ocrx_word' id='word_1_232' title='bbox 590 2336 678 2388; x_wconf 87' lang='lat' dir='ltr'><strong>vetat.</strong></span> <span class='ocrx_word' id='word_1_233' title='bbox 722 2330 787 2387; x_wconf 91' lang='lat' dir='ltr'><strong>Vos</strong></span> <span class='ocrx_word' id='word_1_234' title='bbox 802 2346 856 2389; x_wconf 89' lang='lat' dir='ltr'><strong>oro</strong></span> <span class='ocrx_word' id='word_1_235' title='bbox 875 2329 1092 2409; x_wconf 86' lang='lat' dir='ltr'><strong>obtestorque,</strong></span> <span class='ocrx_word' id='word_1_236' title='bbox 1106 2331 1168 2394; x_wconf 79' lang='lat' dir='ltr'><strong>iudi</strong></span> 
     </span>
     <span class='ocr_line' id='line_1_27' title="bbox 150 2404 1168 2483; baseline 0.014 -23"><span class='ocrx_word' id='word_1_237' title='bbox 150 2417 218 2473; x_wconf 87' lang='lat' dir='ltr'><strong>ces,</strong></span> <span class='ocrx_word' id='word_1_238' title='bbox 244 2411 277 2463; x_wconf 94' lang='lat' dir='ltr'><strong>ut</strong></span> <span class='ocrx_word' id='word_1_239' title='bbox 304 2404 334 2463; x_wconf 93' lang='lat' dir='ltr'><strong>in</strong></span> <span class='ocrx_word' id='word_1_240' title='bbox 354 2409 509 2470; x_wconf 86' lang='lat' dir='ltr'><strong>sententiis</strong></span> <span class='ocrx_word' id='word_1_241' title='bbox 532 2410 672 2469; x_wconf 85' lang='lat' dir='ltr'><strong>terendis.</strong></span> <span class='ocrx_word' id='word_1_242' title='bbox 693 2412 776 2482; x_wconf 84' lang='lat' dir='ltr'><strong>quod</strong></span> <span class='ocrx_word' id='word_1_243' title='bbox 792 2411 945 2483; x_wconf 85' lang='lat' dir='ltr'><strong>sentietis,</strong></span> <span class='ocrx_word' id='word_1_244' title='bbox 975 2415 1010 2475; x_wconf 89' lang='lat' dir='ltr'><strong>id</strong></span> <span class='ocrx_word' id='word_1_245' title='bbox 1032 2414 1168 2477; x_wconf 80' lang='lat' dir='ltr'><strong>audeatis·</strong></span> 
     </span>
     <span class='ocr_line' id='line_1_28' title="bbox 150 2483 1168 2571; baseline 0.019 -31"><span class='ocrx_word' id='word_1_246' title='bbox 150 2483 291 2546; x_wconf 86' lang='lat' dir='ltr'><strong>Vestrum</strong></span> <span class='ocrx_word' id='word_1_247' title='bbox 304 2487 457 2559; x_wconf 85' lang='lat' dir='ltr'><strong>virtutem,</strong></span> <span class='ocrx_word' id='word_1_248' title='bbox 479 2491 633 2559; x_wconf 87' lang='lat' dir='ltr'><strong>iustitiam,</strong></span> <span class='ocrx_word' id='word_1_249' title='bbox 650 2492 756 2563; x_wconf 87' lang='lat' dir='ltr'><strong>tidem,</strong></span> <span class='ocrx_word' id='word_1_250' title='bbox 773 2493 844 2553; x_wconf 90' lang='lat' dir='ltr'><strong>mibi</strong></span> <span class='ocrx_word' id='word_1_251' title='bbox 860 2496 990 2571; x_wconf 83' lang='lat' dir='ltr'><strong>credite,</strong></span> <span class='ocrx_word' id='word_1_252' title='bbox 1007 2498 1036 2560; x_wconf 91' lang='lat' dir='ltr'><strong>is</strong></span> <span class='ocrx_word' id='word_1_253' title='bbox 1051 2498 1168 2560; x_wconf 83' lang='lat' dir='ltr'><strong>maxim</strong></span> 
     </span>
     <span class='ocr_line' id='line_1_29' title="bbox 150 2567 1167 2658; baseline 0.022 -36"><span class='ocrx_word' id='word_1_254' title='bbox 150 2567 305 2640; x_wconf 86' lang='lat' dir='ltr'><strong>probabit,</strong></span> <span class='ocrx_word' id='word_1_255' title='bbox 328 2572 378 2644; x_wconf 88' lang='lat' dir='ltr'><strong>qui</strong></span> <span class='ocrx_word' id='word_1_256' title='bbox 399 2572 428 2630; x_wconf 90' lang='lat' dir='ltr'><strong>in</strong></span> <span class='ocrx_word' id='word_1_257' title='bbox 453 2572 604 2633; x_wconf 90' lang='lat' dir='ltr'><strong>iudicibus</strong></span> <span class='ocrx_word' id='word_1_258' title='bbox 621 2575 765 2647; x_wconf 81' lang='lat' dir='ltr'><strong>legendis</strong></span> <span class='ocrx_word' id='word_1_259' title='bbox 778 2576 924 2651; x_wconf 85' lang='lat' dir='ltr'><strong>optimum</strong></span> <span class='ocrx_word' id='word_1_260' title='bbox 940 2588 974 2640; x_wconf 88' lang='lat' dir='ltr'><strong>et</strong></span> <span class='ocrx_word' id='word_1_261' title='bbox 989 2577 1167 2658; x_wconf 71' lang='lat' dir='ltr'><strong>sapiential-</strong></span> 
     </span>
     <span class='ocr_line' id='line_1_30' title="bbox 148 2651 785 2732; baseline 0.02 -26"><span class='ocrx_word' id='word_1_262' title='bbox 148 2663 228 2710; x_wconf 91' lang='lat' dir='ltr'><strong>mum</strong></span> <span class='ocrx_word' id='word_1_263' title='bbox 244 2664 274 2712; x_wconf 90' lang='lat' dir='ltr'><strong>et</strong></span> <span class='ocrx_word' id='word_1_264' title='bbox 289 2651 484 2714; x_wconf 77' lang='lat' dir='ltr'><strong>fortissimum</strong></span> <span class='ocrx_word' id='word_1_265' title='bbox 500 2671 650 2732; x_wconf 87' lang='lat' dir='ltr'><strong>quemque</strong></span> <span class='ocrx_word' id='word_1_266' title='bbox 665 2657 785 2732; x_wconf 81' lang='lat' dir='ltr'><strong>delegit</strong></span> 
     </span>
    </p>
   </div>
   <div class='ocr_carea' id='block_1_3' title="bbox 0 0 1200 3854">
    <p class='ocr_par' dir='ltr' id='par_1_4' title="bbox 0 0 1200 3854">
     <span class='ocr_line' id='line_1_31' title="bbox 0 0 1200 3854; baseline 0 0"><span class='ocrx_word' id='word_1_267' title='bbox 0 0 1200 3854; x_wconf 95' lang='lat' dir='ltr'><strong> </strong></span> 
     </span>
    </p>
   </div>
  </div>
 </body>
</html>
