2356 3854
117 240 139 302 o
270 201 342 289 rao
365 227 445 286 sax.
467 220 603 281 noecro
625 215 797 276 :mantuo
821 215 970 274 canno.
1070 220 1073 227 ’

117 386 199 446 scius
213 361 499 442 essetnmertcat.
513 376 613 426 autem
625 366 683 426 iste
694 367 825 426 Roscius
832 367 962 425 Romae:
979 382 1071 438 quum
1084 364 1172 422 hie

116 465 196 526 filius
218 458 365 518 adsiduus
389 453 418 511 in
441 444 574 525 praediis
590 456 673 508 esset
688 464 841 523 quumque
863 464 897 506 se
911 448 1067 507 voluntate
1081 463 1171 521 pa·-

116 546 170 607 tris
191 542 234 601 rei
253 535 388 598 familiari
406 533 547 605 vitaeque
568 532 700 591 rusticae
716 530 867 601 dedisset,
885 530 942 589 iste
956 538 1057 589 autern
1075 531 1152 588 fre-

116 641 214 701 quens
232 625 346 682 Romae
363 623 460 687 esset,
484 614 631 673 occiditur
652 614 692 671 ad
705 613 830 672 balneas
844 611 994 671 Palatinas
1010 613 1145 672 rediens

117 722 248 768 acoena
269 703 339 765 Sex.
354 697 494 758 Roscius
531 696 627 769 Spero
644 712 683 754 ex
698 695 756 755 lroc
770 695 839 768 ipso
857 711 917 753 non
935 711 1006 753 esse
1024 696 1144 754 obscu-

115 807 181 850 rum
201 787 240 845 ad
265 799 354 859 quem
372 777 506 853 suspicio
527 777 666 838 maleficii
686 777 847 852 pertineat:
868 793 973 835 verum
988 777 1034 849 id,
1052 776 1139 852 quod

115 872 215 932 adhuc
249 874 296 925 est
328 860 553 937 suspiciosum,
586 860 644 920 nisi
673 860 867 934 perspicuum
904 876 955 918 res
989 860 1059 932 ipsa
1092 862 1137 918 fe-

115 939 205 1025 cerit,
230 951 310 1010 hunc
339 945 469 1004 adfinem
500 945 606 1018 culpae
630 942 801 1002 iudicatotc.
846 940 894 1001 19.
927 940 1036 1002 Occiso
1064 941 1133 1001 Sex.

115 1033 228 1096 Roscio
253 1029 367 1105 primus
384 1025 536 1085 Ameriam
561 1024 682 1084 nunciat
703 1025 823 1084 Mallius
850 1024 974 1083 Glaucia
1002 1024 1133 1098 quidam,

116 1119 205 1176 homo
227 1111 340 1180 tenuis,
367 1108 537 1180 libertinus,
565 1109 658 1167 cliens
684 1116 714 1167 ct
740 1106 892 1166 familiaris
914 1106 1000 1166 istius
1023 1107 1054 1165 T.
1075 1109 1133 1167 Ro-

99 1198 185 1268 scii,
208 1203 237 1254 ct
257 1190 380 1262 nunciat
396 1191 517 1249 domum
540 1206 601 1248 non
622 1189 690 1261 filii,
713 1191 768 1248 sed
783 1190 813 1246 T.
832 1189 986 1263 Capitonis
1007 1188 1130 1248 inimici:
1170 1186 1173 1251 i

113 1289 145 1339 et
165 1293 256 1352 quum
277 1280 349 1348 post
371 1273 474 1332 horam
500 1272 626 1347 primam
646 1272 744 1332 noctis
769 1272 890 1337 occisus
915 1280 1013 1345 esset,
1038 1273 1130 1346 primo

114 1359 246 1420 diluculo
268 1354 396 1416 nuncius
417 1355 466 1415 hic
488 1355 638 1415 Ameriam
660 1355 756 1414 venit:
785 1355 890 1413 decem
911 1354 993 1414 horis
1015 1363 1130 1414 noctur·

28 1431 32 1439 ¹
114 1443 161 1501 nis
187 1456 243 1499 sex
272 1447 302 1499 et
328 1438 545 1513 quinquaginta
570 1436 650 1496 milia
675 1452 820 1511 passuum
846 1436 930 1496 cisiis
956 1435 1131 1510 pervolavit,

114 1540 174 1584 non
196 1522 287 1581 modo
308 1524 342 1581 ut
362 1529 538 1595 exoptatum
557 1520 679 1578 inimico
700 1519 842 1578 nuncium
862 1519 976 1592 piimus
993 1521 1131 1592 adferret,

112 1605 170 1668 sed
197 1604 286 1663 ctiam
308 1619 446 1663 cruorem
473 1602 584 1661 inimici
608 1618 698 1677 quam
718 1601 959 1661 recentissimum
982 1604 1132 1674 telumque
1171 1654 1173 1685 Ι

113 1687 298 1762 paulloante
315 1701 333 1744 e
348 1701 476 1759 corpore
491 1693 656 1744 extractum
672 1686 853 1744 ostenderet.
882 1684 932 1745 20.
950 1683 1131 1757 Quadrima,
1171 1690 1173 1695 '

113 1783 174 1842 quo
190 1767 264 1827 haec
279 1777 365 1843 gesta
377 1776 460 1842 sunt,
473 1784 525 1827 res
536 1769 575 1826 ad
587 1767 818 1845 Chrysogonum
832 1766 862 1825 in
876 1774 975 1827 castra
985 1767 1018 1824 L.
1033 1766 1132 1826 Sullae

112 1851 287 1910 Volaterras
303 1852 449 1911 defertur:
470 1850 644 1925 magnitudo
657 1850 806 1924 pecuniae
821 1850 1059 1909 demonstratur:
1080 1850 1132 1908 bo·

113 1932 190 1992 nitas
206 1932 398 2005 praediorum
411 1965 454 1978 -—
470 1951 539 1991 nam
554 1934 665 1992 fundos
680 1933 786 1992 decem
802 1940 832 1991 et
848 1940 909 1992 tres
926 1933 1062 2006 reliquit,
1083 1929 1132 2006 qui

112 2007 241 2075 Tiberim
268 2015 331 2073 fere
357 2031 462 2074 omnes
487 2024 610 2088 tangunt
628 2047 685 2085 -,
708 2015 798 2074 huius
824 2014 928 2089 inopia
948 2023 978 2074 ct
998 2015 1131 2074 solitudo

112 2100 378 2156 commemoratur:
407 2097 626 2168 demonstrant,
643 2114 735 2169 quum
746 2105 833 2170 pater
846 2097 973 2156 huiusce
986 2097 1058 2156 Sex.
1073 2099 1132 2157 Ro·

113 2177 197 2238 scius
220 2179 310 2238 homo
332 2186 392 2237 tam
414 2179 592 2252 splendidus
616 2187 645 2238 et
667 2178 819 2252 gratiosus
839 2182 922 2238 nullo
943 2179 1073 2253 negocio
1096 2179 1133 2238 sit

113 2260 254 2333 occisus,
275 2260 421 2335 perfacile
440 2261 520 2320 hunc
540 2262 691 2321 hominem
712 2260 864 2320 incautum
888 2271 918 2321 et
936 2262 1083 2321 rusticum
1105 2269 1134 2320 et

112 2347 226 2404 Romae
246 2345 381 2416 ignotum
404 2343 442 2402 de
462 2344 562 2404 medio
578 2345 640 2404 tolli
656 2361 766 2418 posse:
788 2345 827 2402 ad
844 2361 910 2404 eam
926 2360 991 2403 rem
1007 2360 1133 2417 operam

112 2425 200 2486 suam
221 2425 409 2498 pollicentur.
437 2426 481 2485 Ne
496 2427 608 2487 diutius
623 2436 756 2498 teneam,
771 2426 903 2498 indices,
921 2426 1054 2486 societas
1071 2426 1133 2486 coi·

111 2518 167 2569 tur.
208 2507 286 2565 vltt.
306 2506 355 2567 al.
384 2508 480 2582 Quum
496 2509 555 2567 iam
569 2509 803 2584 proscriptionis
816 2511 928 2568 mentio
941 2511 1023 2568 nulla
1037 2510 1133 2580 ficret,

112 2605 206 2665 quum
225 2590 314 2649 etiam
337 2590 388 2665 qui
411 2600 498 2652 antea
520 2601 686 2655 metuerant
700 2591 832 2651 redirent
845 2607 882 2650 ac
897 2591 956 2650 iam
971 2592 1133 2652 defunctos

110 2688 182 2732 sese
196 2671 340 2746 periculis
354 2673 583 2745 arbitrarentur,
599 2689 707 2733 nomen
722 2674 850 2732 refertur
863 2674 893 2732 in
910 2673 1027 2733 tabulas
1046 2672 1133 2733 Sexti

111 2753 231 2826 Roscii,
248 2754 379 2814 hominis
397 2755 613 2815 studiosissimi
629 2754 807 2816 nobilitatis:
829 2772 975 2830 manceps
990 2756 1023 2815 frt
1038 2756 1133 2832 Chry-

111 2853 263 2911 sogonus:
288 2837 344 2897 tria
361 2838 486 2911 praedia
501 2839 548 2896 vel
567 2837 754 2897 nobilissima
768 2837 903 2911 Capitoni
925 2838 1049 2912 propria
1074 2847 1132 2898 tra-

111 2921 235 2992 duntur,
251 2936 331 2994 quae
345 2919 436 2979 hodie
448 2920 601 2993 possidet:
617 2920 647 2979 in
661 2919 795 2993 reliquas
808 2937 914 2980 omnes
926 2922 1062 2980 fortunas
1075 2920 1134 2980 iste

109 3000 142 3058 Τ.
164 3001 295 3062 Roscius
317 2998 444 3061 nomine
460 3002 665 3078 Chrysogoni,
690 3003 943 3076 quemadmodum
964 3003 1032 3077 ipsc
1049 3003 1132 3075 dicit,

109 3081 253 3155 impetum
268 3084 349 3145 facit.
381 3082 464 3145 Haec
478 3084 561 3144 bona
572 3094 710 3146 emuntur
725 3085 846 3151 duobus
861 3086 981 3145 milibus
996 3102 1132 3145 numum.

108 3164 192 3224 Haec
213 3167 327 3240 omnia,
348 3167 480 3239 iudices,
504 3167 694 3241 imprudente
712 3167 744 3225 L.
763 3167 847 3227 Sulla
864 3169 943 3228 facta
961 3185 1032 3228 esse
1046 3176 1132 3228 certo

107 3246 185 3306 scio.
228 3245 278 3306 22.
299 3250 405 3324 Neque
427 3252 505 3311 enim
519 3250 641 3323 mirum,
666 3266 759 3325 quum
774 3251 882 3309 eodem
897 3259 1033 3323 tempore
1049 3259 1080 3310 et
1095 3265 1134 3308 ea

111 3345 189 3403 quae
210 3330 371 3403 praeterita
388 3343 458 3394 sunt
477 3341 507 3393 et
524 3349 561 3392 ea
577 3349 655 3407 quae
671 3332 811 3391 videntur
826 3331 940 3392 instare
959 3341 1132 3406 praeparet,

106 3427 202 3487 quum
221 3419 252 3473 et
270 3413 357 3487 pacis
379 3415 609 3477 constituendae
629 3414 776 3475 rationem
798 3421 828 3474 et
840 3413 918 3478 ¹belli
934 3416 1061 3489 gerendi
1076 3431 1135 3489 po·
