2356 3854
219 214 222 219 ·
332 208 437 273 ‚cna
458 215 586 281 loss—ta.
609 215 634 274 s.
646 217 814 328 ιιι-ιιι.
841 242 844 247 -
1052 207 1093 271 ³3

82 360 229 420 stulabant
238 354 354 432 indigni
369 366 453 418 erant
468 358 520 432 qui
533 358 747 431 impetrarent?
760 375 797 418 an
810 358 837 419 is
848 367 877 418 te
889 375 950 418 non
962 375 1092 419 commo·

82 443 175 513 vebat,
191 457 248 516 pro
265 457 326 515 quo
344 442 559 515 postulabant?
573 456 611 498 an
628 456 678 515 res
693 441 761 515 ipsa
775 441 828 500 tibi
845 441 949 516 iniqua
971 440 1092 501 videba-

85 531 148 584 ιιι-ι
175 524 373 584 Postulabant
391 523 529 582 homines
546 520 724 582 nobilissimi
738 530 829 597 atque
843 523 1024 597 integerrimi
1039 541 1092 585 no-

87 616 157 667 suae
171 606 318 678 civitatis,
342 622 421 679 quos
442 606 501 664 iam
523 613 612 664 antea
626 604 792 675 nominavi;
826 606 877 680 qui
900 606 941 666 ita
954 605 1093 667 vixerunt

86 690 215 764 talesque
233 704 254 747 u
269 690 383 762 populo
397 689 535 747 Romano
557 696 712 761 putantur,
737 696 770 746 ut
791 687 939 762 quidquid
958 689 1093 749 dicerent

86 786 163 832 nemo
178 778 262 831 esset
285 771 336 843 qui
355 786 416 829 non
429 787 561 844 aequum
574 776 700 844 putaret.
722 769 916 829 Postulabant
926 778 1023 830 autem
1035 786 1090 845 pro

85 853 197 912 homine
210 852 378 913 miserrimo
396 861 488 927 atque
508 851 730 922 infelicissimo,
753 851 805 924 qui
824 853 873 910 vel
893 852 961 925 ipse
976 869 1046 912 sese
1061 853 1090 912 in

86 936 241 996 cruciatum
257 934 324 994 dari
340 944 477 1009 cuperet,
504 935 575 995 dum
596 936 634 994 de
654 934 748 1009 patris
772 943 868 993 morte
889 944 1091 1007 quaereretur.

87 1017 147 1079 lto.
162 1020 224 1078 Res
240 1034 332 1092 porro
349 1019 405 1077 abs
416 1025 447 1078 te
458 1018 524 1078 eius
536 1016 618 1076 modi
635 1018 852 1091 postulabatur,
867 1024 900 1076 ut
913 1016 987 1075 nihil
1001 1017 1090 1076 inter-

86 1109 169 1174 esset,
184 1108 284 1160 utrum
298 1115 365 1159 eam
379 1117 443 1160 rem
464 1116 622 1159 recusares
640 1116 677 1159 an
690 1100 729 1159 de
740 1098 888 1158 maleficio
904 1099 1090 1159 confiterere.

86 1182 163 1254 Quae
175 1200 266 1259 quum
284 1183 325 1242 ita
339 1183 412 1257 sint,
429 1198 542 1258 quaero
558 1183 613 1241 abs
632 1190 660 1242 te
675 1199 765 1257 quam
780 1183 818 1242 ob
831 1198 953 1241 causam
969 1197 1091 1241 recusa·

86 1264 134 1324 ris?
161 1265 254 1340 Quum
269 1264 416 1326 occiditur
432 1266 503 1325 Sex.
523 1265 669 1337 Roscius,
690 1265 802 1324 ibidem
818 1265 947 1324 luerunt.
978 1264 1090 1324 Servos

86 1347 164 1422 ipsos
178 1349 262 1423 quod
275 1348 315 1407 ad
332 1364 380 1407 me
394 1348 507 1419 attinet,
528 1364 627 1421 neque
645 1364 738 1422 arguo
754 1364 854 1421 neque
872 1362 985 1422 purgo:
1007 1347 1091 1421 quod

87 1430 197 1491 avohis
212 1432 272 1491 hoc
288 1431 416 1504 pugnari
429 1430 520 1490 video
537 1447 575 1489 ne
589 1430 619 1488 in
638 1430 845 1504 quaestionem
860 1431 976 1503 dentur,
991 1428 1089 1504 suspi-

88 1512 193 1573 ciosum
208 1522 271 1573 esta
289 1513 373 1586 quod
384 1529 456 1573 vero
474 1515 554 1586 apud
571 1529 627 1572 vos
638 1513 724 1587 ipsos
739 1513 770 1571 in
785 1513 900 1572 honore
918 1519 999 1572 tanto
1012 1520 1089 1582 sunt,

88 1596 213 1667 prolecto
228 1610 358 1654 necesse
372 1604 420 1655 est
436 1594 533 1655 sciant
547 1595 670 1669 aliquid,
687 1593 769 1668 quod
791 1593 817 1653 si
835 1593 972 1664 dixerint,
991 1594 1089 1667 perni-

89 1676 193 1738 ciosum
205 1677 294 1738 vobis
308 1678 439 1738 laturum
453 1677 500 1737 sit.
511 1678 592 1736 -ln
608 1677 747 1736 dominos
757 1677 861 1750 quaeri
875 1676 913 1734 de
926 1675 1023 1734 servis
1035 1673 1090 1733 ini-

89 1775 167 1834 quum
178 1769 235 1821 εει.
245 1794 289 1806 -
298 1762 387 1820 Αιιιε
398 1762 470 1837 [que
481 1759 512 1818 in
524 1760 591 1835 vos]
605 1759 771 1833 quaeritur:
787 1757 857 1816 Sex.
870 1757 949 1815 enim
958 1755 1089 1815 Roscius

87 1856 146 1903 ιιιιιε
156 1852 218 1903 est:
230 1859 332 1917 neque
342 1852 390 1903 εει
399 1842 536 1916 iniquum
544 1841 582 1899 de
593 1841 652 1899 hoc
666 1839 783 1913 quaeri:
796 1855 852 1898 vos
864 1837 1089 1897 enimdominos

89 1925 392 1985 assuetos-eum
401 1925 600 1999 Chrysogono
609 1931 688 1981 sunt
698 1955 732 1965 -
743 1922 787 1982 lta
800 1921 906 1981 credo:
921 1919 1025 1981 litteris
1039 1936 1089 1980 eo·
1119 1992 1126 2003 ,

87 2020 142 2066 mm
152 2016 182 2068 et
190 2008 359 2068 urbanitate
370 2007 587 2082 Chrysogonus
600 2005 727 2077 ducitur,
741 2012 774 2064 ut
780 2003 857 2064 inter
869 2020 943 2063 suos
958 2002 1089 2063 omnium

88 2088 347 2165 deliciarnmatque
355 2089 486 2159 omnium
494 2088 599 2148 artium
608 2089 750 2161 puerulos
761 2086 1089 2161 extotelegantissimis

88 2171 193 2234 lanriliis
205 2174 302 2233 lectos
311 2173 385 2232 velit
397 2172 454 2231 hos
471 2171 594 2242 versari,
609 2171 856 2244 homincs'paene
869 2170 1035 2242 operarios,
1051 2183 1089 2225 ex

88 2255 217 2317 interino
231 2254 393 2329 disciplina
413 2254 507 2329 patris
529 2253 658 2313 familiae
673 2250 826 2313 rusticani.
864 2249 939 2310 121.
960 2251 1026 2308 Non
1042 2258 1089 2307 est

88 2333 120 2395 ita
141 2340 294 2412 proiecto,
315 2337 448 2397 iudices:
480 2353 541 2396 non
565 2343 612 2395 est
630 2335 694 2396 veri
715 2334 811 2395 simile
825 2341 858 2392 ut
872 2332 1088 2408 Chrysogonus

84 2416 180 2479 horum
194 2420 311 2480 litteras
325 2418 473 2479 adamarit
484 2426 535 2478 aut
550 2418 772 2489 humanitatem,
788 2432 849 2474 non
864 2423 898 2474 ut
906 2414 950 2472 rei
966 2413 1088 2473 lamilia-
1162 2412 1164 2416 ”

72 2496 121 2560 'ris
135 2502 262 2578 negocio
284 2501 467 2576 diligentiam
485 2500 623 2574 cognorit
636 2516 741 2560 eorum
757 2506 786 2558 et
800 2497 901 2557 iidem.
934 2497 989 2557 Est
1003 2496 1088 2571 quid-

88 2582 153 2656 dam,
168 2586 252 2660 quod
267 2587 447 2655 occultatur,
478 2585 560 2658 quod
582 2600 642 2657 quo
658 2581 825 2642 studiosius
841 2580 878 2639 ab
895 2579 971 2654 ipsis
987 2579 1088 2654 oppri-

87 2665 163 2727 nitur
180 2676 212 2728 et
232 2666 444 2739 absconditur,
470 2683 506 2726 eo
527 2665 622 2739 magis
644 2664 754 2725 eminet
774 2672 804 2723 et
824 2672 961 2737 apparet.
1001 2662 1088 2721 XLII.

88 2744 145 2811 lta
177 2749 255 2823 Quid
274 2749 383 2824 igitur?
412 2749 627 2825 Chrysogonus
648 2747 734 2808 suine
759 2745 897 2806 maleficii
920 2743 1089 2804 occultandi

86 2845 168 2893 musa
182 2833 392 2908 quaestionem
406 2832 445 2891 de
461 2831 509 2892 his
523 2831 627 2890 haberi
642 2847 702 2890 non
714 2831 799 2889 vult?
812 2828 942 2898 Minime,
957 2827 1087 2885 iudices:

85 2916 177 2975 nonin
190 2931 296 2975 ornnes
308 2915 436 2974 arbitror
451 2916 551 2974 omnia
563 2913 734 2973 convenire
759 2912 845 2984 Ego'
838 2928 868 2969 ιιι
880 2910 1087 2981 Chrysogono,

86 3000 157 3071 quod
179 2999 219 3058 ad
239 3014 287 3057 me
305 2996 427 3069 attinet,
448 2996 520 3056 nihil
544 2995 705 3056 eiusmodi
721 2993 875 3066 suspicor:
909 3005 1009 3062 neque
1030 2988 1088 3047 hoc

85 3078 145 3140 mhi
159 3096 240 3141 nunc
256 3080 384 3175 primurn
404 3079 434 3139 in
452 3089 581 3138 mentem
598 3076 680 3138 venit
695 3077 805 3135 dicere
839 3070 1017 3131 Meministis
1040 3088 1087 3131 me

85 3157 118 3221 ito
130 3164 321 3225 distribuisse
335 3162 418 3222 initio
432 3175 564 3232 causam,
579 3160 608 3218 in
621 3159 742 3229 crimen,
757 3156 843 3215 cuius
857 3162 919 3213 tota
931 3170 1087 3227 argumen-

85 3246 144 3307 tatio
157 3247 309 3322 permissa
326 3245 435 3304 Erucio
453 3252 507 3314 est,
525 3252 554 3302 et
570 3241 600 3299 in
615 3238 780 3306 audaciam,
807 3238 892 3296 cuius
909 3245 1009 3309 partos
1026 3239 1086 3297 Ro-

85 3326 145 3389 tciis
168 3328 329 3424 impositae
351 3334 428 3387 sunt
466 3323 624 3398 Quidquid
645 3318 798 3392 maleficii,
821 3319 959 3390 sceleris,
984 3321 1085 3379 caedis

85 3410 137 3484 etit,
151 3411 308 3487 proprium
325 3408 356 3469 id
370 3408 550 3469 Rosciorum
565 3422 637 3502 esse
655 3402 783 3464 debebit.
821 3401 947 3545 Nimia3m
962 3401 1086 3474 gratiam

108 3507 158 3553 cic
176 3511 267 3556 onan
