2356 3854
126 172 190 240 356
353 168 428 231 PRO
442 170 474 229 T.
490 167 607 228 ANNIO
622 167 766 274 Mltolttt
783 167 937 228 ORATIO.

125 320 303 385 admodum
318 316 407 394 igitur
420 335 490 382 eum
504 319 571 379 dies
582 334 644 378 non
656 316 782 379 lelellitt
802 314 872 378 Dixi
896 317 1041 393 equidem
1054 319 1132 383 modo.
1160 322 1177 365 n

126 403 287 466 Dictatoris
304 401 453 461 Lanuvini
475 410 554 462 stata
575 399 724 462 sacrificia
739 416 836 460 nosse
849 400 973 475 negocii
991 401 1063 461 nihil
1079 410 1133 464 ortt
1161 399 1177 449 ·l

127 486 210 547 Vidit
223 500 353 544 necesse
369 500 440 544 esse
456 483 562 544 Miloni
584 481 738 559 proficisci
751 481 923 543 Lanuvium
942 483 999 544 illo
1014 483 1079 560 ipao
1092 502 1134 561 quc
1162 491 1174 530 ll

127 578 174 631 est
188 566 415 643 prolectusdic
459 568 565 642 ltaque
587 563 755 626 antevertit
797 568 839 626 At
859 565 1014 640 quocies
1033 574 1138 642 quun
1169 581 1170 588 ¹

117 661 197 715 ¹ante
208 649 280 721 dixi,
295 649 367 709 lurt
360 666 554 710 insanissima
566 649 665 711 contio
678 647 736 708 ab
728 646 826 723 ιριὶιι
837 649 1033 710 mercenario
1044 651 1173 711 tntum

127 733 226 810 plebis
243 734 406 792 concitata:
423 750 514 807 quern
529 731 608 799 diem
623 732 682 803 ille,
698 748 788 807 quam
805 730 995 806 contionem,
1014 733 1160 809 quoscle
1165 739 1177 819 l

128 824 240 889 mores,
254 813 314 875 nist
304 814 363 874 ad
376 817 538 888 cogitatum
556 814 673 875 lacinus
687 823 919 910 approperaret,
934 830 1167 890 numquamrc
1174 809 1176 858 3

129 898 279 975 liquisset.
322 897 402 972 Ergo
424 897 467 957 illi
487 914 526 958 nc
542 914 636 958 causa
652 898 774 972 quidem
792 896 925 970 itineris,
941 898 1050 958 etiam
1068 914 1141 958 caua
1171 904 1177 947 l

129 980 286 1042 manendi:
309 979 414 1040 Miloni
428 979 570 1040 manendi
585 982 667 1041 nulla
680 980 823 1053 facultas,
838 980 978 1041 exeundi
992 997 1057 1042 non
1070 997 1142 1042 cauta
1167 995 1174 1021 ι

131 1067 239 1137 solum,
251 1065 307 1123 sed
325 1063 414 1123 etiarn
428 1062 596 1124 necessitas
614 1062 677 1123 luit
710 1060 813 1136 Quidr
826 1062 861 1136 si,
877 1068 910 1122 ut
923 1061 979 1123 ille
998 1063 1142 1138 scivitlli
1168 1077 1169 1084 ¹

130 1151 231 1210 ionem
247 1147 313 1206 lore
328 1162 365 1205 eo
384 1145 433 1206 die
447 1146 477 1206 in
495 1146 554 1220 via,
569 1144 614 1206 sic
630 1146 766 1206 Clodium
780 1144 851 1205 Milo
869 1162 908 1205 ne
924 1146 1082 1222 suspicari
1095 1145 1142 1223 qui·
1173 1180 1175 1186 2

130 1233 199 1291 dem
212 1229 329 1302 potultt
344 1227 394 1289 dd.
406 1229 535 1289 Primum
550 1245 663 1303 quaero
680 1227 732 1304 qul
746 1227 825 1288 scire
837 1228 998 1303 potueritt
1013 1230 1094 1306 qnod
1103 1238 1143 1290 tot
1171 1246 1177 1267 ¹

130 1313 211 1372 idern
231 1309 262 1369 in
277 1309 383 1370 Clodio
409 1328 555 1386 quaerere
574 1328 636 1372 non
660 1312 796 1385 potestis.
844 1311 885 1372 Ut
905 1312 993 1373 enim
1016 1313 1143 1374 nemircu

11 1464 13 1471 y
130 1395 221 1454 alium
239 1393 297 1453 nisi
312 1393 343 1451 T.
359 1393 508 1467 Patinarn,
522 1393 785 1455 familiarissimum
799 1410 903 1467 suum,
917 1404 1074 1472 rogasset,
1086 1396 1143 1457 acic
1168 1406 1170 1431 ³

130 1477 229 1552 potuit
238 1475 291 1535 illo
307 1476 375 1550 ipso
391 1476 440 1537 die
450 1476 605 1537 Lanuviia
621 1476 767 1539 dictatore
778 1477 891 1538 Milone
906 1479 1003 1553 prodi
1014 1479 1143 1540 damiata
1168 1493 1169 1496 ¹

111 1556 262 1621 ¹necesse
283 1575 363 1619 esse.
408 1559 470 1620 Sed
496 1568 580 1620 erant
597 1560 737 1635 permulti
756 1560 821 1634 alii,
843 1574 882 1620 ex
905 1561 1023 1636 quibus
1038 1563 1069 1622 id
1081 1561 1142 1621 [ιιι
1176 1606 1177 1612 ι

96 1684 102 1693 ι
132 1643 202 1703 lime
218 1642 296 1702 scire
317 1651 440 1717 posset=
465 1659 571 1704 omnes
593 1644 710 1705 scilicet
719 1643 878 1705 Lanuvini.
920 1643 1001 1705 Milo
1017 1640 1142 1705 aoctcd
1168 1657 1169 1660 ’

65 1780 68 1785 4
130 1726 230 1787 reditu
252 1726 335 1786 uude
351 1725 526 1802 'quaesivitt
544 1726 712 1800 Quaesierit
738 1742 827 1787 sane:
851 1727 958 1788 videte
981 1729 1057 1804 quid
1076 1724 1141 1787 voti

131 1810 256 1884 largiar:
276 1826 396 1870 servum
413 1809 510 1884 etiant,
526 1818 558 1870 ιιι
575 1810 609 1884 Q.
627 1808 743 1884 Arrius,
757 1825 844 1870 meus
856 1809 988 1884 amicus,
1003 1811 1086 1884 dixit,
1097 1823 1141 1870 cor

129 1891 256 1968 ruperit.
298 1892 403 1968 Legite
417 1891 589 1954 testimonia
603 1892 723 1953 testium
740 1901 920 1954 vestrorum.
950 1894 1037 1954 Dixit
1051 1893 1081 1954 c
1092 1892 1141 1952 cte
1169 1916 1173 1933 ·

132 1974 229 2035 sinius
250 1974 378 2048 Schola,
399 1977 600 2047 Interamnam,
628 1975 878 2037 familiarissimus
899 1982 929 2036 et
951 1975 1037 2037 idem
1063 1986 1142 2037 contet
1170 2005 1176 2018 ι

129 2056 242 2127 Clodii,
268 2057 354 2118 cuius
368 2059 426 2117 iarn
442 2057 559 2137 pridem
572 2058 744 2120 testimonio
760 2059 884 2121 Clodius
899 2061 1012 2124 eadem
1032 2059 1141 2121 horale
1172 2070 1177 2090 ⁵

132 2148 287 2200 teramnae
298 2141 396 2202 luerat
407 2150 437 2202 et
447 2142 571 2214 Romae,
587 2143 620 2200 P.
634 2141 770 2203 Clodium
780 2141 832 2202 illo
848 2140 898 2202 die
908 2142 939 2202 in
949 2144 1072 2204 Albano
1083 2156 1141 2202 mar
1170 2150 1177 2191 ἐ

134 2239 237 2284 surum
253 2225 364 2298 luisse,
382 2223 437 2283 sed
452 2223 551 2284 subito
567 2241 639 2284 esse
658 2224 687 2285 ei
708 2224 882 2286 nunciatum
899 2225 1015 2301 Cyrum
1042 2226 1141 2287 archita

131 2315 213 2367 ctum
225 2324 295 2368 esse
309 2315 469 2381 mortuum,
485 2305 588 2382 itaque
602 2316 726 2381 repente
741 2309 868 2368 Romam
880 2307 1082 2371 constituisse
1094 2320 1142 2384 prr
1171 2332 1174 2338 ·

132 2389 238 2450 ficisci.
281 2389 364 2451 Dixit
376 2391 436 2450 hoc
451 2404 554 2450 comes
571 2390 642 2450 item
653 2390 684 2449 P.
701 2390 811 2463 clodii,
828 2390 858 2453 C.
876 2391 1017 2454 Clodius.
1060 2387 1143 2452 xvttl
1175 2404 1177 2408 ⁴

132 2469 183 2532 47.
195 2471 315 2546 Videte,
327 2471 454 2545 iudices,
467 2483 598 2549 quantae
609 2489 660 2534 res
672 2471 720 2534 his
730 2473 910 2535 testimoniis
922 2476 988 2536 sint
999 2477 1144 2537 coniectat

131 2552 262 2613 Primum
277 2564 358 2615 certe
373 2555 516 2616 liberatur
529 2556 600 2617 Milo
621 2573 681 2617 uon
701 2572 738 2616 eo
762 2556 891 2618 consilio
907 2562 1072 2632 proiectus
1086 2568 1145 2625 ιιι

132 2644 165 2696 ιι
178 2635 372 2697 insidiaretur
385 2638 415 2695 in
431 2638 480 2697 via
495 2639 619 2700 Clodio:
636 2639 758 2714 quippe,
775 2642 801 2701 si
815 2640 865 2700 ille
879 2641 995 2703 obvius
1006 2642 1038 2703 ei
1053 2644 1145 2703 iuturus

131 2720 256 2781 omnino
274 2736 335 2780 non
348 2728 421 2781 erat.
449 2720 566 2782 Deinde
581 2741 699 2783 -non
714 2723 795 2783 enirn
811 2723 901 2783 video
917 2740 978 2785 cur
991 2742 1057 2786 uon
1069 2736 1146 2785 ιιιιιιι

134 2819 258 2878 quoque
274 2819 362 2878 agant
380 2803 541 2878 negocium
559 2840 594 2850 -
618 2806 718 2878 scitis,
731 2806 859 2878 iudicas,
873 2807 976 2869 luisse
991 2809 1048 2883 qni
1064 2808 1093 2868 io
1105 2806 1146 2865 lnt

131 2888 291 2961 rogatione
306 2888 465 2949 suadenda
480 2887 616 2949 dicerent
630 2888 751 2950 Milonis
773 2907 864 2949 uranu
886 2893 1019 2951 caedem
1039 2907 1106 2954 esse
1117 2890 1146 2947 la·

132 2977 228 3044 ctam,
250 2970 379 3032 consilio
392 2988 464 3031 vero
479 2970 601 3033 maioris
616 2971 754 3033 alicuius
795 2973 846 3032 Me
860 2970 1007 3036 videlicet
1024 2977 1147 3036 latrarem

131 3069 169 3114 ec
184 3052 326 3115 sicarium
341 3052 452 3118 abiecti
464 3055 602 3115 homines
621 3062 651 3116 ct
666 3055 775 3130 perditi
796 3053 1025 3117 describebant
1070 3056 1147 3116 laert

131 3136 198 3196 auis
213 3139 376 3201 testibus”
357 3158 391 3209 n,
415 3159 467 3217 qur
458 3135 619 3198 Clodium
637 3148 750 3226 negant
769 3155 807 3199 eo
823 3138 873 3198 die
887 3139 1037 3215 Romam,
1059 3135 1148 3200 matu

134 3215 214 3292 cyro
229 3221 380 3297 audisset,
404 3222 501 3284 luisse
514 3214 688 3284 rediturum.
731 3220 903 3296 Respiravi,
920 3222 1072 3285 liberatus
1085 3234 1148 3282 ιιι·

133 3312 194 3357 uon
207 3301 314 3367 vereor
327 3322 385 3378 ne,
407 3307 490 3382 quod
511 3322 550 3365 ne
565 3303 716 3381 suspicari
735 3306 857 3380 quidem
872 3307 1044 3380 potuerim,
1066 3305 1149 3365 vidctt

133 3379 166 3440 id
180 3384 340 3457 cogitasse
362 3386 413 3450 48.
424 3387 828 3464 Nuncperseqaarcaetcre
845 3387 922 3449 Maru
933 3388 1070 3451 occurrit
1078 3382 1146 3446 tllult
