2356 3854
86 179 161 243 ’164
345 177 382 234 ΙΝ
398 176 430 234 L.
447 173 656 233 CATILINAM
670 172 817 231 ORATIO
826 173 878 230 lv.

99 325 251 388 concitata
266 340 373 383 manus
388 322 446 382 ista
462 325 530 397 plus
547 324 672 382 valuerit
693 339 783 397 quam
799 329 900 381 vestra
920 339 927 380 t

98 425 156 471 eac
170 407 316 480 dignitas,
330 423 379 466 me
393 413 492 465 tamen
508 422 642 466 meorum
660 407 806 465 factorum
822 414 915 478 atque

93 506 272 565 numquam,
287 498 391 563 patres
405 488 578 563 conscripti,
593 487 767 571 poenitebit.
795 487 913 546 Etenim

98 574 142 634 illi
156 575 287 634 lortasse
301 570 481 645 minitantur,
496 571 635 632 omnibus
648 580 694 630 est
706 569 826 645 parata:
843 569 923 630 vitae

99 654 183 728 dem,
209 663 322 730 quanta
343 671 397 714 vos
414 668 462 713 me
478 654 587 714 vostris
608 653 739 725 decretis
757 654 925 717 honestasti

93 741 274 800 adsecutus.
311 737 445 798 coeteris
459 737 540 797 enirn
556 753 677 811 semper
690 737 769 795 bene
782 744 883 810 gesta,
900 753 927 793 rn

100 831 269 884 servatore
288 822 408 896 publica
422 815 651 894 gratulationem
666 819 855 879 decrevistis
890 819 927 878 21

98 900 284 975 clarus'ille,
322 904 409 978 cuius
433 902 561 963 consilio
588 911 680 976 atque
704 904 813 962 virtute
832 903 927 962 Hanni

92 1005 166 1050 carn
176 986 276 1048 redire
291 996 383 1062 atque
398 986 482 1046 ltalia
502 986 654 1046 decedere
668 994 793 1044 coactus
817 994 879 1056 est,
909 1003 926 1044 o

97 1071 210 1132 eximia
229 1070 320 1130 laude
337 1069 514 1141 AfricanuS,
539 1067 591 1143 qui
611 1069 688 1127 duas
709 1069 801 1128 urbes
822 1068 892 1127 huic
911 1069 927 1126 h

100 1156 261 1226 stissimas,
278 1148 492 1226 Karthaginem
508 1151 767 1226 Numantiamque,
785 1152 906 1224 delevit,
922 1152 927 1209 l

99 1238 240 1311 egregius
254 1236 376 1295 Paullus
391 1235 455 1308 ille,
480 1235 567 1295 cuius
582 1251 701 1294 currum
717 1250 771 1292 rex
787 1236 927 1308 potentiss

99 1321 169 1378 dam
189 1328 220 1379 et
240 1319 446 1378 nobilissimus
467 1319 575 1377 Perses
605 1317 793 1389 honestavit,
819 1317 858 1376 sit
882 1327 927 1378 aet

96 1401 221 1473 Marius,
240 1400 292 1475 qui
306 1401 354 1461 bis
369 1401 483 1460 ltaliam
499 1400 657 1460 obsidione
669 1410 699 1460 et
716 1409 796 1459 metu
812 1402 926 1460 servitu

97 1494 300 1559 anteponatur
318 1483 456 1544 omnibus
470 1483 648 1557 PompeiuS,
674 1483 760 1543 cuius
776 1500 825 1543 res
841 1494 927 1558 gesta

99 1576 178 1628 tutes
193 1567 306 1627 iisdem'
318 1567 428 1641 quibus
444 1566 519 1627 solis
535 1583 642 1626 cursus
659 1567 835 1641 regionibus
853 1585 889 1626 ac
905 1578 927 1627 te

98 1651 244 1714 tuentur:
262 1650 318 1710 erit
328 1651 470 1724 protecto
479 1650 556 1710 inter
566 1651 674 1710 horum
686 1651 793 1710 laudes
805 1650 921 1724 aliquid

99 1734 229 1809 gloriae,
256 1733 315 1794 nisi
337 1734 414 1793 lorte
440 1732 536 1793 maius
565 1742 612 1794 est
635 1735 807 1808 patefacere
833 1735 922 1793 nobis

99 1834 160 1891 quo
179 1816 263 1878 exire
279 1816 451 1891 possimus,
474 1834 566 1892 quam
583 1832 690 1877 curare
710 1826 742 1876 ut
756 1817 845 1876 etiam
861 1818 918 1888 illi,

97 1901 229 1960 habeant
249 1917 310 1974 quo
330 1900 463 1961 victores
483 1909 681 1965 revertantur.
724 1899 774 1960 22.
798 1900 927 1974 Quamqt

97 1985 168 2061 loco
190 1983 331 2043 condicio
353 1983 460 2043 melior
480 1992 624 2044 externae
646 1983 791 2042 victoriae
815 2002 905 2058 quam

48 2107 50 2112 -
99 2065 184 2141 quod
204 2066 310 2144 hostes
332 2066 520 2140 alienigenae
540 2076 593 2127 aut
614 2067 756 2142 oppressi
779 2067 915 2127 serviunt

88 2146 247 2217 ,beneficio
263 2164 298 2208 se
312 2148 462 2223 obligatos
477 2158 597 2223 putant,
620 2150 673 2225 qui
694 2158 793 2209 autem
810 2167 849 2209 ex
865 2169 927 2210 nun

99 2231 250 2306 dementia
270 2230 372 2305 aliqua
394 2232 565 2306 depravati,
589 2233 694 2293 hostes
717 2235 831 2307 patriae
850 2251 927 2294 seme

97 2322 221 2388 perum,
240 2329 296 2375 eos
313 2331 405 2390 quum
420 2331 438 2373 a
455 2314 590 2389 pernicie
603 2315 647 2376 rei
663 2315 803 2390 publicae
817 2320 925 2391 reppul

98 2400 242 2458 coercere
261 2414 318 2458 nec
340 2398 635 2473 beneficioplacare
657 2399 769 2472 possis.
814 2400 878 2473 Qua
902 2418 927 2459 rt

98 2479 224 2552 perditis
240 2481 357 2541 civibus
372 2489 526 2542 aeternum
543 2482 654 2542 bellum
676 2492 852 2557 susceptum
870 2500 927 2543 essi

20 2597 22 2600 >
97 2577 155 2636 ego
181 2572 285 2623 vestro
312 2565 523 2640 bonorumque
549 2565 682 2625 emnium
703 2565 816 2625 auxilio
837 2583 927 2626 menn

97 2652 195 2704 torum
210 2645 428 2719 periculorum,
446 2665 524 2723 quae
538 2666 597 2708 non
614 2649 705 2709 modo
721 2649 751 2706 in
769 2649 827 2708 hoc
842 2667 927 2723 popu

96 2737 264 2801 vatusrest,
286 2728 388 2790 sedin
409 2731 540 2792 omnium
561 2732 700 2805 gentium·
712 2733 904 2792 sermonibus
925 2757 927 2788 t

96 2826 220 2885 semper
233 2810 383 2886 haerebit,
405 2830 424 2872 a
437 2832 486 2875 me
500 2822 591 2888 atque
606 2831 625 2875 a
641 2815 716 2874 meis
732 2815 821 2874 focile
839 2833 927 2890 propt

96 2894 229 2955 conlido.
258 2895 364 2971 Neque
378 2898 440 2956 ulla
454 2898 591 2972 prolecto
607 2906 687 2958 tanta
708 2896 754 2956 vis
775 2899 926 2972 reperietu

40 3036 42 3043 ,
95 2978 279 3039 iunctionem
299 2987 432 3039 vestram
447 2980 644 3055 equitumque
660 2983 866 3040 Romanorum
881 2991 911 3042 et

76 3060 293 3148 ¹spirationem
322 3062 472 3123 bonorum
500 3064 634 3123 omnium
661 3064 852 3138 confringere
883 3074 914 3124 et

97 3144 207 3214 possit.

38 3243 49 3265 ¹¹
178 3225 228 3285 Xl.
243 3226 294 3287 23.
316 3227 399 3301 Quae
415 3245 508 3305 quum
523 3227 564 3289 ila
580 3229 654 3302 sint,
672 3246 728 3304 pro
744 3229 887 3303 imperio,
905 3248 925 3305 p

70 3317 75 3327 “
97 3307 328 3382 proprovincia,
342 3328 432 3384 quam
445 3311 575 3386 neglexi,
589 3330 646 3387 pro
658 3313 809 3387 triumpho
822 3318 927 3372 caeter}

97 3385 280 3465 insignibus,
304 3409 384 3466 quac
399 3403 470 3455 sunt
483 3410 502 3455 a
518 3412 567 3456 me
581 3404 707 3470 propter
719 3396 804 3458 urbis
821 3404 927 3457 vestra
