2356 3854
349 126 767 271 car.‘1a-1a.s.ar-ea'
1016 173 1077 238 lut

44 317 104 380 tibi
126 318 185 376 non
209 326 373 378 succenset
395 350 439 365 -
461 325 544 377 esset
563 315 644 377 eninr
663 337 725 395 non
744 322 841 381 solum
856 322 1006 400 ingratus,
1021 327 1078 393 sed

45 401 141 466 etiarn
156 416 317 472 amens-,
331 416 433 461 verum
449 416 569 461 omnem
584 403 826 476 tranquillitatem
841 410 871 465 e‘t
885 406 1016 481 quietem
1029 425 1076 469 se·

44 483 181 542 nectutis
195 491 351 557 acceptam
364 485 457 544 refert
472 483 652 544 clementiae
663 493 743 546 tuae.
778 486 857 546 XIV.
873 488 938 562 Quo
955 490 1077 564 quidem

44 566 151 626 animo
166 583 257 640 quum
269 575 359 626 antea
373 566 428 627 luit
441 575 503 627 tum
515 581 575 625 non
586 565 690 628 dubito
706 568 778 642 quin
793 569 983 647 tuis-litteris,
1003 591 1077 648 qua-

45 665 115 708 rum
131 651 303 725 exemplum
319 648 394 724 lagi,
415 665 493 722 quas
507 649 547 707 ad
567 665 637 708 eum
651 651 821 718 Tarracone
835 652 905 713 huic
924 653 1076 717 Blesamio
1156 674 1158 679 ’

46 732 176 804 dedisti,
200 749 235 792 se
262 732 358 806 magis
384 730 475 793 etiam
501 732 632 792 erexerit
650 734 688 792 ab
707 734 1076 808 omniquasollioitudlne

44 816 239 876 abstraxerit.
287 817 379 876 lobes
403 815 483 874 enim
510 830 580 875 eum
604 815 683 875 bene
707 833 831 890 sperma
855 824 885 877 ct
904 819 987 878 bono
1006 836 1076 880 esse
1115 836 1118 843 ’

45 900 168 972 animo,
204 900 287 973 quod
316 899 381 959 scin
412 906 444 958 te
469 913 530 956 non
554 900 664 958 frustra
690 899 824 959 seribere
849 902 962 960 solere.
1013 901 1077 962 Me·

45 981 120 1043 mini
146 981 224 1040 enim
252 981 363 1041 iisdem
389 981 453 1040 iere
484 978 587 1039 verbis
609 981 651 1040 ad
677 997 725 1041 me
745 991 775 1041 te
800 982 936 1042 scribere
968 999 1078 1057 meque

35 1066 107 1125 -tuis
138 1064 244 1123 litteris
268 1064 347 1122 bene
373 1073 499 1136 sperare
528 1080 589 1122 non
613 1065 726 1124 trustra
750 1079 822 1124 esse
845 1067 973 1125 iussum.
1026 1064 1078 1124 tte

24 1148 173 1223 ‚Daboro
202 1144 345 1220 equidem
365 1144 447 1218 regis
475 1145 609 1205 Deiotari
635 1162 742 1222 causa,
760 1163 894 1223 quocum
913 1145 986 1207 mihi
1005 1146 1077 1207 ami-

45 1229 149 1289 citiam
171 1245 223 1287 res
250 1227 372 1301 publica
402 1227 592 1302 conciliavit,
621 1229 786 1305 hospitium
800 1233 952 1292 noluntas
966 1230 1078 1305 utrius·

11 1326 109 1399 ¹-pque
124 1309 300 1384 coniunxit,
325 1309 554 1370 familiaritatem
568 1314 765 1375 consuetudo
794 1314 905 1388 attulit,
931 1330 1078 1375 summam

10 1404 121 1453 uero
143 1393 397 1453 necessitudinem
420 1408 531 1467 magna
545 1393 611 1454 eins
633 1395 736 1456 cilicia
763 1397 793 1456 in
819 1413 870 1458 me
889 1405 921 1459 et
945 1397 976 1458 in
990 1413 1077 1458 exer-

36 1478 137 1537 --citum
160 1492 258 1535 meum
279 1475 459 1536 effecerunt:
484 1477 540 1536 sed
562 1480 714 1552 quamde
744 1480 796 1540 illo
822 1481 928 1541 laboro
949 1490 1011 1542 tum
1038 1480 1079 1539 de

46 1559 147 1620 multis
160 1558 355 1633 amplissimis
366 1559 450 1632 viriS,
463 1560 573 1634 quibus
586 1563 681 1621 semel
691 1564 827 1637 ignotum
838 1580 857 1623 a
867 1571 974 1624 teesse
986 1579 1077 1638 opor·

47 1650 102 1714 tet,
125 1658 182 1701 nec
204 1651 286 1701 tuum
305 1642 488 1701 beneficium
509 1642 539 1700 in
554 1644 679 1703 dubium
694 1645 813 1718 vocari,
836 1661 893 1704 nec
906 1646 1032 1705 haerere
1045 1643 1078 1703 in

48 1724 155 1786 animis
181 1723 335 1784 hominum
357 1724 592 1783 sollicitudinem
613 1725 842 1799 sempiternam,
862 1742 920 1786 nec
938 1728 1078 1786 accidere

46 1808 77 1868 ιιι
94 1806 258 1882 quisquam
274 1813 302 1866 te
318 1806 423 1866 timere
438 1805 562 1879 incipiat
576 1821 696 1879 eornm,
712 1808 763 1882 qui
779 1808 839 1868 sint
856 1808 952 1867 semel
965 1825 984 1867 a
998 1815 1028 1866 te
1043 1806 1078 1866 li·

45 1888 144 1951 berati
158 1889 276 1951 timore.
318 1887 370 1949 40.
385 1887 451 1946 Νοιι
467 1888 576 1967 debeo,
593 1889 623 1947 C.
640 1889 759 1962 Caesar,
777 1889 861 1964 quod
875 1889 941 1949 fleri
959 1891 1037 1950 solet
1046 1887 1079 1947 in

16 1994 21 2011 ·-
44 1973 139 2035 tantis
162 1971 321 2048 periculis,
344 1979 491 2045 temptare
511 1962 681 2046 ecquonam
702 1973 794 2033 modo
810 1971 941 2033 dicendo
962 1969 1078 2032 miseri·
1146 2036 1149 2043 ,

41 2055 182 2118 cordiam
198 2064 278 2114 tuam
296 2069 489 2149 commone
508 2053 634 2128 possim.
676 2055 755 2115 Nihil
773 2071 852 2132 opus
867 2064 924 2116 est.
968 2055 1081 2116 occur-¹

407 2206 409 2210 ,
439 2136 442 2141 ’
468 2210 480 2217 ,Ι
539 2146 571 2198 et
591 2137 791 2211 calamitosis,
813 2138 926 2199 nullius
941 2139 1078 2198 oratione

19 2226 24 2232 ’
39 2231 185 2284 evocata
228 2221 398 2296 Proponet
386 2212 453 2280 ubl
477 2218 485 2229 ''
498 2237 534 2280 os
551 2236 641 2294 reges
656 2230 686 2282 et
699 2220 731 2281 id
743 2222 844 2282 animo
859 2221 1075 2294 contemplare,

43 2305 134 2382 quod
163 2304 261 2364 oeulis
287 2320 348 2363 non
370 2312 469 2379 potes.
511 2304 605 2364 Dabis
630 2306 767 2378 prolecto
792 2305 825 2364 id
850 2301 1078 2364 misericordiae

41 2387 133 2465 quod
153 2385 328 2447 iracundiae
355 2387 523 2462 denegasti.
572 2386 665 2447 Multa
691 2397 762 2449 sunt
788 2394 982 2448 monumenta
1008 2393 1077 2446 tuae

40 2471 233 2541 clementiae,
248 2470 302 2529 sed
318 2470 447 2529 maxime
463 2487 567 2530 eorum
579 2470 809 2542 incolumitates,
827 2471 937 2545 quibus
950 2471 1078 2529 salutem

41 2552 170 2616 dedisti
196 2552 333 2624 Quae
308 2569 335 2612 ει
352 2551 381 2610 in
397 2552 523 2626 privatis
534 2554 669 2635 gloriosa
681 2563 759 2649 sunt,
774 2556 867 2614 multo
883 2551 979 2627 magis
996 2568 1077 2611 com-

39 2634 314 2699 memorabuntur·
306 2652 337 2694 m
351 2634 485 2708 regibus.
518 2635 645 2712 Semper
659 2638 776 2713 regium
791 2653 902 2697 nomen
917 2635 948 2695 in
962 2634 1019 2693 hac
1036 2631 1077 2692 ci·

41 2720 141 2782 vitate
158 2726 295 2778 sanctum
317 2717 380 2789 suit,
396 2717 549 2779 sociorum
564 2736 637 2780 vero
658 2738 765 2796 regum
782 2729 812 2781 et
826 2720 993 2780 amicorum
1008 2732 1076 2776 san·

42 2792 226 2865 ctissimum.
246 2801 334 2860 ‘XV.
355 2764 405 2860 4'.t
427 2799 515 2873 Quod
535 2818 644 2862 nomen
660 2803 691 2862 hi
704 2820 794 2877 reges
809 2820 847 2862 ne
863 2800 1033 2861 amitterent
1048 2804 1078 2855 te

42 2885 166 2946 victore
181 2884 356 2957 timuerunt,
368 2891 516 2943 retentum
530 2900 600 2943 vero
613 2892 643 2944 et
653 2900 672 2943 a
682 2893 711 2944 te
723 2885 931 2945 confirmatum
946 2877 1077 2959 posteris

44 2969 141 3030 etiam
165 2967 229 3028 suis
251 2967 414 3027 tradituros
437 2983 471 3025 se
492 2982 564 3025 esse
585 2967 749 3026 confidunt.
794 2967 928 3041 Corpora
950 2979 1007 3023 sua
1020 2976 1077 3036 pro

44 3053 148 3114 salute
162 3066 266 3124 regum
288 3065 414 3110 suorum
440 3047 471 3106 hi
492 3048 582 3122 legati
597 3050 648 3108 tibi
662 3047 738 3123 regii
751 3048 887 3120 tradunt,
916 3045 1025 3105 Hieras
1046 3050 1079 3104 et

44 3132 221 3196 Blesamius
237 3142 266 3192 et
280 3132 459 3205 Antigonus,
478 3129 529 3190 tioi
545 3131 695 3206 nobisque
707 3129 847 3190 omnibus
860 3128 920 3189 iam
938 3128 989 3187 diu
1005 3127 1078 3202 noti,

46 3218 222 3290 eademque
236 3216 297 3274 fide
315 3224 344 3275 ot
360 3215 468 3274 virtute
486 3214 639 3287 praeditus
653 3213 816 3290 Dorylaus,
834 3213 885 3287 qui
899 3214 996 3286 nuper
1009 3225 1078 3287 pum

44 3298 143 3360 Hiera
163 3301 281 3372 legatus
297 3305 344 3357 est
358 3297 396 3356 ad
413 3306 444 3356 te
457 3297 585 3367 missus,
604 3313 696 3370 quum
707 3311 813 3370 regum
828 3292 1002 3355 amicissimi
1015 3299 1079 3352 tum

44 3382 104 3444 tibi
119 3380 217 3455 etiam,
231 3389 264 3441 ut
281 3396 382 3456 spero,
397 3378 526 3455 probati.
562 3377 613 3440 42.
628 3380 762 3454 Exquire
777 3379 816 3439 de
829 3378 980 3439 Blesamio
993 3391 1078 3436 num·

1057 3580 1116 3632 ,Ι
