2356 3854
104 154 170 223 45⁰
258 157 298 216 IN
312 155 353 214 Μ.
369 152 570 214 Antonium
584 152 724 213 ORATIO
740 153 958 213 PHILIPPICA
974 154 1009 212 ΙΙ.

105 326 178 371 nere
197 324 258 367 non
277 314 424 382 possunt,
444 301 619 381 provincias
634 302 809 376 universas,
832 312 942 378 patres
962 305 1119 380 conscripti

105 389 296 470 perdidistis,
328 405 428 464 neque
451 387 608 462 vectigalia
631 390 745 458 solum,
777 388 836 446 sed
863 387 957 449 etiam
981 389 1122 463 imperim

103 473 208 551 populi
228 472 356 533 Romani
387 469 477 533 huius
503 469 677 531 domesticis
706 469 851 530 nundinis
878 471 1126 534 deminutumcsl.

102 557 248 616 XXXVII.
268 555 319 616 93.
339 556 398 616 Ubi
424 564 472 616 est
490 553 626 627 septiens
648 553 781 623 minens,
804 553 894 626 quod
913 553 1009 615 estin
1022 553 1126 627 tabulis,

104 648 266 715 quaesunt
282 640 322 698 ad
336 637 432 713 Opist
453 640 592 698 funestae
611 635 692 696 illius
708 635 829 710 quidem
843 636 1017 710 pecuniae,
1028 639 1080 698 sed
1092 645 1126 698 te

103 738 180 794 men,
197 738 276 797 quae
292 738 349 782 nos
363 721 391 781 si
407 721 459 792 iis,
477 736 606 795 quorum
621 728 693 791 erat,
709 736 769 779 non
779 719 980 793 redderetur,
995 737 1016 780 a
1027 720 1129 781 uitato

104 815 212 880 posset
237 804 400 864 vindicare.
449 805 493 862 Tu
515 812 616 862 autem
648 803 925 877 quadringentiens
962 803 1127 872 sestertium,

105 889 189 963 quod
217 887 320 947 idibus
334 886 449 946 Martiis
473 885 764 960 debuist1,quonam
786 886 880 944 modo
897 895 976 948 ante
990 887 1128 947 Kaleodm

102 971 225 1046 Apriles
239 971 352 1030 debere
366 969 499 1030 desistit
519 968 596 1029 Sunt
609 983 645 1027 ea
660 967 782 1043 quidem
796 965 1051 1042 Innumerabilia,
1064 984 1128 1045 quae

103 1071 121 1113 a
142 1053 201 1114 tuis
222 1054 398 1113 emebantur
417 1070 478 1113 non
499 1049 646 1111 Inscientc
668 1060 711 1123 te,
732 1052 788 1110 sed
808 1069 909 1111 unum
932 1052 1127 1128 egregiumde

103 1153 175 1211 rege
193 1136 365 1210 Deiotaro„
375 1135 480 1210 populi
494 1133 622 1195 Romani
641 1133 844 1206 amIcissImo‚
861 1135 1032 1197 decretum
1045 1138 1070 1195 in
1083 1134 1126 1194 Ga

104 1219 209 1294 pitolio
227 1222 336 1280 fixum:
359 1236 420 1294 quo
442 1217 600 1293 proposito
621 1233 710 1278 nemo
735 1225 800 1277 erat
815 1216 870 1291 qui
890 1217 924 1276 in
948 1219 1024 1294 ipso
1041 1220 1125 1279 dolore

102 1302 197 1363 risum
218 1311 325 1375 posset
343 1301 507 1362 continere.
550 1301 601 1362 94.
624 1298 697 1374 Quis
720 1299 800 1359 enim
821 1300 977 1375 cuiquam
999 1299 1127 1362 inimicior
1169 1324 1170 1330 ¹

104 1401 192 1459 quam
207 1385 348 1444 Deiotaro
365 1385 497 1444 Caesari
513 1401 613 1458 aeque
629 1391 719 1459 atque
733 1382 804 1443 huic
816 1383 934 1457 ordini,
954 1394 991 1445 ut
1001 1380 1125 1461 equestu'.
1169 1414 1170 1419 κ

102 1475 135 1527 ut
147 1466 406 1540 Massiliensibus,
427 1475 460 1526 ut
475 1466 631 1540 omnibus,
656 1466 766 1541 quibus
779 1482 844 1525 rem
861 1468 1027 1541 pubIIcam
1042 1462 1126 1544 populi

104 1547 232 1609 Romani
248 1566 348 1608 caram
363 1566 435 1609 esse
450 1549 608 1610 sentiebat
652 1549 760 1625 igitur,
776 1567 795 1609 a
812 1567 875 1624 quo
892 1552 971 1612 vivo
988 1569 1048 1613 nec
1059 1564 1138 1626 prae·

103 1649 176 1692 sens
192 1648 248 1693 nec
264 1633 375 1692 absens
389 1632 554 1707 quidquam
567 1633 657 1707 aequi
673 1633 744 1692 boni
756 1630 948 1706 impetravit,
964 1637 1054 1711 apud
1066 1648 1126 1694 mor

102 1726 185 1777 tuum
196 1715 298 1776 lactus
313 1725 360 1776 est
379 1715 542 1791 gratiosus.
586 1716 787 1790 compellarat
801 1716 967 1791 hospitem
984 1730 1126 1794 praesent

102 1806 304 1874 computarat,
320 1799 480 1874 pecuniam
495 1801 665 1874 imperarat,
682 1799 712 1858 in
727 1799 794 1858 eius
811 1800 984 1862 tetrarchia
998 1818 1090 1863 unum
1100 1811 1128 1858 ex

102 1882 225 1942 Graecis
253 1882 413 1943 comitibus
439 1882 503 1943 suis
526 1884 702 1943 collocarat:
730 1882 911 1942 Armeniam
932 1886 1127 1946 abstulerat·

102 1974 209 2026 senatu
222 1965 330 2024 datam.
373 1967 456 2025 Haec
470 1966 557 2026 virus
572 1966 698 2040 eripuit,
712 1965 812 2024 reddit
829 1975 988 2027 mortuus.
1034 1966 1082 2028 95.
1100 1964 1128 2023 tt

102 2046 212 2121 quibus
228 2047 349 2109 verbiS‘l
366 2049 458 2109 Modo
474 2066 603 2125 aequum
615 2048 673 2109 sibi
685 2049 790 2121 videri,
804 2049 901 2108 modo
914 2066 982 2109 non
998 2050 1126 2126 iniquum

100 2129 176 2190 Mica
190 2131 349 2191 verborum
367 2131 548 2206 complexio.
571 2134 611 2192 At
621 2131 671 2191 ille
685 2148 850 2204 numquam
860 2164 907 2178 -
922 2150 1054 2209 semper
1066 2130 1127 2193 ento

101 2213 220 2272 absenti
237 2214 320 2274 adiui
335 2213 476 2274 Deiotaro
501 2249 536 2258 -
561 2216 726 2290 quidquam
741 2214 812 2285 sibi,
834 2217 923 2288 quod
939 2233 1004 2276 nos
1021 2233 1075 2292 pro
1088 2215 1126 2274 illo

101 2300 334 2370 postularemus,
352 2315 484 2372 aequum
499 2297 574 2358 dixit
590 2297 693 2356 videri.
719 2298 908 2372 syngrapha
924 2299 1065 2360 sestertii
1075 2312 1129 2358 cer·

102 2376 179 2438 tlens
196 2396 250 2452 per
264 2381 390 2453 legatos,
408 2381 488 2441 viros
503 2381 617 2452 bonos,
632 2381 687 2440 sed
703 2380 823 2440 tImidos
839 2389 872 2440 et
887 2381 1067 2456 imperitos,
1079 2379 1131 2440 sioo

102 2468 214 2531 nostra,
233 2461 299 2521 sine
314 2461 500 2538 reliquorum
511 2463 663 2538 hospitum
672 2463 753 2536 regls
766 2463 933 2538 sententia,
950 2466 1037 2526 lacta
1050 2467 1127 2537 logy-

101 2557 226 2614 naeceo,
243 2561 303 2616 qno
318 2544 348 2603 in
364 2548 432 2605 loeo
448 2545 595 2619 plurimae
610 2561 660 2604 res
677 2545 835 2605 venierunt
852 2555 884 2606 et
908 2558 1058 2609 veneunt.
1080 2546 1133 2619 Quo

101 2639 140 2683 ex
155 2625 330 2700 syngrapha
347 2627 419 2699 quid
441 2627 484 2686 sis
508 2635 630 2687 acturus
642 2628 786 2687 meditere
801 2645 932 2689 censeo.
981 2633 1052 2692 Rex
1066 2627 1131 2690 enim

100 2707 168 2780 ipse
188 2723 244 2767 sua
262 2716 385 2780 sponte,
411 2711 501 2769 nullis
517 2710 739 2770 commentariis
755 2710 916 2784 cassans,
933 2714 1031 2775 simui
1054 2720 1132 2785 atquo

101 2788 216 2849 audivit
233 2787 299 2849 eiu's
314 2789 473 2863 interitum,
489 2808 545 2851 suo
564 2794 659 2853 Marte
675 2808 725 2852 rcs
744 2809 817 2852 suos
835 2795 1052 2870 recuperavit.
1090 2792 1132 2855 bb·

101 2870 223 2931 Sciebat
243 2871 334 2932 homo
356 2874 480 2947 sapiens
505 2876 552 2934 ius
576 2892 697 2950 semper
717 2876 775 2934 boc
792 2874 908 2950 luisse,
927 2887 982 2953 ut,
1005 2884 1130 2955 quaeip-

100 2953 186 3011 ranni
199 2953 389 3028 eripuissent,
406 2973 443 3017 ea
458 2957 593 3032 tyrannis
608 2957 773 3018 interfectis
789 2958 818 3029 ii,
836 2961 957 3033 qulbus
977 2971 1082 3038 erepto
1092 2974 1129 3018 es

102 3042 177 3107 sent,
192 3046 416 3109 recuperarent.
460 3039 554 3098 Nemo
569 3040 659 3114 igitur
674 3042 740 3099 iure
755 3040 931 3117 consultus,
948 3063 993 3106 ne
1008 3044 1067 3106 iste
1077 3038 1126 3118 qai·

102 3112 183 3201 dem,
199 3117 250 3188 qui
265 3117 317 3176 tibi
333 3119 384 3178 uni
398 3128 445 3179 est
459 3120 524 3180 iure
539 3125 711 3195 consultus
733 3139 896 3199 perquem
911 3128 997 3188 baec
1015 3128 1124 3203 agiqcx

101 3198 159 3250 osta
178 3200 352 3272 syngrapha
372 3202 484 3260 debere
504 3201 576 3263 dicit
596 3220 651 3277 pro
666 3205 704 3264 iis
719 3207 828 3279 rebuS‚
851 3225 937 3282 quae
962 3220 1052 3272 erant
1072 3212 1125 3268 onte

103 3279 304 3348 syngrapham
325 3292 529 3356 recuperatae.
579 3285 645 3344 Non
669 3288 748 3362 enim
768 3305 788 3347 a
805 3297 835 3350 te
851 3291 941 3364 emit,
967 3295 1027 3354 sed
1047 3289 1124 3368 prius,

103 3363 192 3419 quam
216 3364 246 3413 tu
268 3376 354 3417 sunm
379 3364 436 3421 sibi
453 3364 619 3438 venderes,
643 3367 712 3442 ipse
735 3373 887 3444 possedit.
933 3377 993 3438 Ille
1010 3376 1055 3437 vir
1069 3368 1127 3431 luite
