<?xml version="1.0" encoding="UTF-8"?>
<!DOCTYPE html PUBLIC "-//W3C//DTD XHTML 1.0 Transitional//EN"
    "http://www.w3.org/TR/xhtml1/DTD/xhtml1-transitional.dtd">
<html xmlns="http://www.w3.org/1999/xhtml" xml:lang="en" lang="en">
 <head>
  <title>
</title>
<meta http-equiv="Content-Type" content="text/html;charset=utf-8" />
  <meta name='ocr-system' content='tesseract 3.04.00' />
  <meta name='ocr-capabilities' content='ocr_page ocr_carea ocr_par ocr_line ocrx_word'/>
</head>
<body>
  <div class='ocr_page' id='page_1' title='image "./mtulliiciceroni08cicegoog_0244.png"; bbox 0 0 2356 3854; ppageno 0'>
   <div class='ocr_carea' id='block_1_1' title="bbox 343 206 1065 277">
    <p class='ocr_par' dir='ltr' id='par_1_1' title="bbox 343 206 1065 277">
     <span class='ocr_line' id='line_1_1' title="bbox 343 206 1065 277; baseline 0.017 -12"><span class='ocrx_word' id='word_1_1' title='bbox 343 206 424 266; x_wconf 78' lang='lat' dir='ltr'><strong>cnr.</strong></span> <span class='ocrx_word' id='word_1_2' title='bbox 441 215 570 267; x_wconf 83' lang='lat' dir='ltr'><strong>rn-rt.</strong></span> <span class='ocrx_word' id='word_1_3' title='bbox 591 212 616 272; x_wconf 87' lang='lat' dir='ltr'><strong>t.</strong></span> <span class='ocrx_word' id='word_1_4' title='bbox 630 213 761 268; x_wconf 79' lang='lat' dir='ltr'><strong>at—to.</strong></span> <span class='ocrx_word' id='word_1_5' title='bbox 1001 206 1065 277; x_wconf 78' lang='lat' dir='ltr'><strong>tlt</strong></span> 
     </span>
    </p>
   </div>
   <div class='ocr_carea' id='block_1_2' title="bbox 60 327 1062 431">
    <p class='ocr_par' dir='ltr' id='par_1_2' title="bbox 60 327 1062 431">
     <span class='ocr_line' id='line_1_2' title="bbox 60 327 1062 431; baseline 0.003 -17"><span class='ocrx_word' id='word_1_6' title='bbox 60 356 119 414; x_wconf 84' lang='lat' dir='ltr'><strong>set</strong></span> <span class='ocrx_word' id='word_1_7' title='bbox 131 352 309 424; x_wconf 85' lang='lat' dir='ltr'><strong>absurdum,</strong></span> <span class='ocrx_word' id='word_1_8' title='bbox 327 327 421 429; x_wconf 84' lang='lat' dir='ltr'><strong>quum</strong></span> <span class='ocrx_word' id='word_1_9' title='bbox 432 364 570 415; x_wconf 89' lang='lat' dir='ltr'><strong>caeteros</strong></span> <span class='ocrx_word' id='word_1_10' title='bbox 582 372 638 415; x_wconf 87' lang='lat' dir='ltr'><strong>sua</strong></span> <span class='ocrx_word' id='word_1_11' title='bbox 650 366 759 430; x_wconf 90' lang='lat' dir='ltr'><strong>sponte</strong></span> <span class='ocrx_word' id='word_1_12' title='bbox 772 356 967 431; x_wconf 69' lang='lat' dir='ltr'><strong>nominasset,</strong></span> <span class='ocrx_word' id='word_1_13' title='bbox 981 373 1062 418; x_wconf 87' lang='lat' dir='ltr'><strong>mon·</strong></span> 
     </span>
    </p>
   </div>
   <div class='ocr_carea' id='block_1_3' title="bbox 60 435 1150 514">
    <p class='ocr_par' dir='ltr' id='par_1_3' title="bbox 60 435 1150 514">
     <span class='ocr_line' id='line_1_3' title="bbox 60 435 1150 514; baseline 0.004 -20"><span class='ocrx_word' id='word_1_14' title='bbox 60 452 152 495; x_wconf 64' lang='lat' dir='ltr'><strong>onem·</strong></span> <span class='ocrx_word' id='word_1_15' title='bbox 167 437 268 496; x_wconf 85' lang='lat' dir='ltr'><strong>lacere</strong></span> <span class='ocrx_word' id='word_1_16' title='bbox 280 435 382 497; x_wconf 79' lang='lat' dir='ltr'><strong>Sullae</strong></span> <span class='ocrx_word' id='word_1_17' title='bbox 396 438 508 497; x_wconf 89' lang='lat' dir='ltr'><strong>nullam</strong></span> <span class='ocrx_word' id='word_1_18' title='bbox 519 436 578 497; x_wconf 90' lang='lat' dir='ltr'><strong>nisi</strong></span> <span class='ocrx_word' id='word_1_19' title='bbox 594 438 777 498; x_wconf 90' lang='lat' dir='ltr'><strong>admonitum</strong></span> <span class='ocrx_word' id='word_1_20' title='bbox 788 448 819 499; x_wconf 90' lang='lat' dir='ltr'><strong>et</strong></span> <span class='ocrx_word' id='word_1_21' title='bbox 832 439 1062 514; x_wconf 75' lang='lat' dir='ltr'><strong>iuterrogatumr</strong></span> <span class='ocrx_word' id='word_1_22' title='bbox 1148 460 1150 467; x_wconf 61' lang='grc'>’</span> 
     </span>
    </p>
   </div>
   <div class='ocr_carea' id='block_1_4' title="bbox 60 518 1063 1029">
    <p class='ocr_par' dir='ltr' id='par_1_4' title="bbox 60 518 1063 1008">
     <span class='ocr_line' id='line_1_4' title="bbox 60 518 1062 585; baseline 0.002 -6"><span class='ocrx_word' id='word_1_23' title='bbox 60 518 88 579; x_wconf 80' lang='grc' dir='ltr'><strong>ιι</strong></span> <span class='ocrx_word' id='word_1_24' title='bbox 106 519 190 579; x_wconf 83' lang='lat' dir='ltr'><strong>forte</strong></span> <span class='ocrx_word' id='word_1_25' title='bbox 202 518 267 578; x_wconf 81' lang='lat' dir='ltr'><strong>veri</strong></span> <span class='ocrx_word' id='word_1_26' title='bbox 282 518 379 585; x_wconf 81' lang='lat' dir='ltr'><strong>simile</strong></span> <span class='ocrx_word' id='word_1_27' title='bbox 394 529 440 580; x_wconf 90' lang='lat' dir='ltr'><strong>est</strong></span> <span class='ocrx_word' id='word_1_28' title='bbox 454 520 485 582; x_wconf 89' lang='lat' dir='ltr'><strong>P.</strong></span> <span class='ocrx_word' id='word_1_29' title='bbox 501 519 602 579; x_wconf 86' lang='lat' dir='ltr'><strong>Sullae</strong></span> <span class='ocrx_word' id='word_1_30' title='bbox 622 536 731 579; x_wconf 86' lang='lat' dir='ltr'><strong>nomen</strong></span> <span class='ocrx_word' id='word_1_31' title='bbox 752 521 782 579; x_wconf 92' lang='lat' dir='ltr'><strong>in</strong></span> <span class='ocrx_word' id='word_1_32' title='bbox 797 522 942 582; x_wconf 84' lang='lat' dir='ltr'><strong>memoria</strong></span> <span class='ocrx_word' id='word_1_33' title='bbox 956 522 1062 583; x_wconf 81' lang='lat' dir='ltr'><strong>Cassio</strong></span> 
     </span>
     <span class='ocr_line' id='line_1_5' title="bbox 60 599 1061 677; baseline 0.003 -17"><span class='ocrx_word' id='word_1_34' title='bbox 60 618 88 660; x_wconf 75' lang='lat' dir='ltr'><strong>»n</strong></span> <span class='ocrx_word' id='word_1_35' title='bbox 107 599 221 660; x_wconf 79' lang='lat' dir='ltr'><strong>luisse.</strong></span> <span class='ocrx_word' id='word_1_36' title='bbox 251 599 284 660; x_wconf 88' lang='lat' dir='ltr'><strong>Si</strong></span> <span class='ocrx_word' id='word_1_37' title='bbox 297 601 438 663; x_wconf 82' lang='lat' dir='ltr'><strong>nobilitas</strong></span> <span class='ocrx_word' id='word_1_38' title='bbox 453 603 598 672; x_wconf 89' lang='lat' dir='ltr'><strong>hominis,</strong></span> <span class='ocrx_word' id='word_1_39' title='bbox 619 601 645 661; x_wconf 93' lang='lat' dir='ltr'><strong>si</strong></span> <span class='ocrx_word' id='word_1_40' title='bbox 660 601 783 662; x_wconf 88' lang='lat' dir='ltr'><strong>adllicta</strong></span> <span class='ocrx_word' id='word_1_41' title='bbox 797 604 931 677; x_wconf 80' lang='lat' dir='ltr'><strong>fortuna,</strong></span> <span class='ocrx_word' id='word_1_42' title='bbox 955 606 981 665; x_wconf 93' lang='lat' dir='ltr'><strong>si</strong></span> <span class='ocrx_word' id='word_1_43' title='bbox 994 604 1061 664; x_wconf 89' lang='lat' dir='ltr'><strong>rali-</strong></span> 
     </span>
     <span class='ocr_line' id='line_1_6' title="bbox 60 682 1063 759; baseline 0.002 -15"><span class='ocrx_word' id='word_1_44' title='bbox 60 684 124 744; x_wconf 80' lang='lat' dir='ltr'><strong>tiae</strong></span> <span class='ocrx_word' id='word_1_45' title='bbox 146 682 294 758; x_wconf 73' lang='lat' dir='ltr'>pristinae</span> <span class='ocrx_word' id='word_1_46' title='bbox 310 683 463 758; x_wconf 80' lang='lat' dir='ltr'><strong>dignitatis</strong></span> <span class='ocrx_word' id='word_1_47' title='bbox 481 702 541 744; x_wconf 90' lang='lat' dir='ltr'><strong>non</strong></span> <span class='ocrx_word' id='word_1_48' title='bbox 561 693 621 744; x_wconf 87' lang='lat' dir='ltr'><strong>tam</strong></span> <span class='ocrx_word' id='word_1_49' title='bbox 641 683 773 744; x_wconf 78' lang='lat' dir='ltr'><strong>illustres</strong></span> <span class='ocrx_word' id='word_1_50' title='bbox 795 687 936 759; x_wconf 90' lang='lat' dir='ltr'><strong>luissent,</strong></span> <span class='ocrx_word' id='word_1_51' title='bbox 962 695 1063 748; x_wconf 85' lang='lat' dir='ltr'><strong>tamen</strong></span> 
     </span>
     <span class='ocr_line' id='line_1_7' title="bbox 60 763 1063 843; baseline 0.003 -15"><span class='ocrx_word' id='word_1_52' title='bbox 60 763 178 828; x_wconf 86' lang='grc' dir='ltr'>ιιιοιιιι</span> <span class='ocrx_word' id='word_1_53' title='bbox 193 768 437 828; x_wconf 78' lang='lat' dir='ltr'><strong>commemoratio</strong></span> <span class='ocrx_word' id='word_1_54' title='bbox 455 767 629 828; x_wconf 85' lang='lat' dir='ltr'><strong>memoriam</strong></span> <span class='ocrx_word' id='word_1_55' title='bbox 644 765 746 827; x_wconf 89' lang='lat' dir='ltr'><strong>Sullae</strong></span> <span class='ocrx_word' id='word_1_56' title='bbox 759 768 938 843; x_wconf 66' lang='lat' dir='ltr'><strong>rettulissem</strong></span> <span class='ocrx_word' id='word_1_57' title='bbox 963 770 1063 840; x_wconf 87' lang='lat' dir='ltr'><strong>etiam,</strong></span> 
     </span>
     <span class='ocr_line' id='line_1_8' title="bbox 78 847 1063 925; baseline 0.001 -16"><span class='ocrx_word' id='word_1_58' title='bbox 78 847 232 921; x_wconf 88' lang='lat' dir='ltr'><strong>arbitror,</strong></span> <span class='ocrx_word' id='word_1_59' title='bbox 260 867 353 924; x_wconf 91' lang='lat' dir='ltr'><strong>quum</strong></span> <span class='ocrx_word' id='word_1_60' title='bbox 373 850 567 910; x_wconf 81' lang='lat' dir='ltr'><strong>auctoritates</strong></span> <span class='ocrx_word' id='word_1_61' title='bbox 588 849 758 925; x_wconf 81' lang='lat' dir='ltr'><strong>principum</strong></span> <span class='ocrx_word' id='word_1_62' title='bbox 782 850 998 911; x_wconf 87' lang='lat' dir='ltr'><strong>coniurationis</strong></span> <span class='ocrx_word' id='word_1_63' title='bbox 1023 853 1063 910; x_wconf 88' lang='lat' dir='ltr'><strong>ad</strong></span> 
     </span>
     <span class='ocr_line' id='line_1_9' title="bbox 60 931 1063 1029; baseline 0.001 -37"><span class='ocrx_word' id='word_1_64' title='bbox 60 931 209 992; x_wconf 79' lang='lat' dir='ltr'><strong>citandos</strong></span> <span class='ocrx_word' id='word_1_65' title='bbox 228 931 348 993; x_wconf 88' lang='lat' dir='ltr'><strong>animos</strong></span> <span class='ocrx_word' id='word_1_66' title='bbox 366 934 565 1007; x_wconf 81' lang='lat' dir='ltr'><strong>Allobrogum</strong></span> <span class='ocrx_word' id='word_1_67' title='bbox 585 933 740 1006; x_wconf 88' lang='lat' dir='ltr'><strong>colligeret</strong></span> <span class='ocrx_word' id='word_1_68' title='bbox 754 931 893 1005; x_wconf 81' lang='lat' dir='ltr'><strong>Cassius,</strong></span> <span class='ocrx_word' id='word_1_69' title='bbox 918 940 949 992; x_wconf 88' lang='grc' dir='ltr'><strong>ιι</strong></span> <span class='ocrx_word' id='word_1_70' title='bbox 969 949 1063 1029; x_wconf 82' lang='lat' dir='ltr'><strong>quum</strong></span> 
     </span>
    </p>
   </div>
   <div class='ocr_carea' id='block_1_5' title="bbox 60 1013 1144 1090">
    <p class='ocr_par' dir='ltr' id='par_1_5' title="bbox 60 1013 1144 1090">
     <span class='ocr_line' id='line_1_10' title="bbox 60 1013 1144 1090; baseline -0.001 -15"><span class='ocrx_word' id='word_1_71' title='bbox 60 1016 126 1075; x_wconf 87' lang='lat' dir='ltr'><strong>iret</strong></span> <span class='ocrx_word' id='word_1_72' title='bbox 140 1022 264 1074; x_wconf 85' lang='lat' dir='ltr'><strong>exteras</strong></span> <span class='ocrx_word' id='word_1_73' title='bbox 279 1014 419 1075; x_wconf 90' lang='lat' dir='ltr'><strong>nationes</strong></span> <span class='ocrx_word' id='word_1_74' title='bbox 433 1016 563 1075; x_wconf 85' lang='lat' dir='ltr'><strong>maxime</strong></span> <span class='ocrx_word' id='word_1_75' title='bbox 578 1015 733 1076; x_wconf 87' lang='lat' dir='ltr'><strong>nobilitate</strong></span> <span class='ocrx_word' id='word_1_76' title='bbox 747 1015 878 1088; x_wconf 88' lang='lat' dir='ltr'><strong>moveri,</strong></span> <span class='ocrx_word' id='word_1_77' title='bbox 902 1031 962 1075; x_wconf 90' lang='lat' dir='ltr'><strong>non</strong></span> <span class='ocrx_word' id='word_1_78' title='bbox 977 1013 1062 1090; x_wconf 88' lang='lat' dir='ltr'><strong>prius</strong></span> <span class='ocrx_word' id='word_1_79' title='bbox 1139 1030 1144 1039; x_wconf 85' lang='lat'><strong><em>‘</em></strong></span> 
     </span>
    </p>
   </div>
   <div class='ocr_carea' id='block_1_6' title="bbox 60 1061 1120 3183">
    <p class='ocr_par' dir='ltr' id='par_1_6' title="bbox 60 1061 1120 3154">
     <span class='ocr_line' id='line_1_11' title="bbox 60 1061 1062 1172; baseline 0 -14"><span class='ocrx_word' id='word_1_80' title='bbox 60 1097 217 1158; x_wconf 82' lang='lat' dir='ltr'><strong>rtroninm</strong></span> <span class='ocrx_word' id='word_1_81' title='bbox 238 1111 329 1172; x_wconf 89' lang='lat' dir='ltr'><strong>quam</strong></span> <span class='ocrx_word' id='word_1_82' title='bbox 345 1097 459 1158; x_wconf 87' lang='lat' dir='ltr'><strong>Sullam</strong></span> <span class='ocrx_word' id='word_1_83' title='bbox 478 1097 705 1160; x_wconf 86' lang='lat' dir='ltr'><strong>nominavisset</strong></span> <span class='ocrx_word' id='word_1_84' title='bbox 743 1097 794 1160; x_wconf 82' lang='grc'><strong>38.</strong></span> <span class='ocrx_word' id='word_1_85' title='bbox 816 1061 878 1158; x_wconf 76' lang='lat' dir='ltr'><strong>lam</strong></span> <span class='ocrx_word' id='word_1_86' title='bbox 891 1115 965 1158; x_wconf 89' lang='lat' dir='ltr'><strong>vero</strong></span> <span class='ocrx_word' id='word_1_87' title='bbox 987 1097 1062 1159; x_wconf 88' lang='lat' dir='ltr'><strong>illud</strong></span> 
     </span>
     <span class='ocr_line' id='line_1_12' title="bbox 60 1168 1062 1270; baseline -0.001 -30"><span class='ocrx_word' id='word_1_88' title='bbox 60 1181 157 1240; x_wconf 85' lang='lat' dir='ltr'><strong>lnima</strong></span> <span class='ocrx_word' id='word_1_89' title='bbox 182 1181 302 1253; x_wconf 86' lang='lat' dir='ltr'><strong>probari</strong></span> <span class='ocrx_word' id='word_1_90' title='bbox 325 1188 441 1254; x_wconf 88' lang='lat' dir='ltr'><strong>potest,</strong></span> <span class='ocrx_word' id='word_1_91' title='bbox 458 1180 567 1270; x_wconf 84' lang='lat' dir='ltr'><strong>Gallos</strong></span> <span class='ocrx_word' id='word_1_92' title='bbox 590 1168 737 1241; x_wconf 84' lang='lat' dir='ltr'><strong>Autr&#39;onio</strong></span> <span class='ocrx_word' id='word_1_93' title='bbox 761 1181 914 1242; x_wconf 89' lang='lat' dir='ltr'><strong>nominato</strong></span> <span class='ocrx_word' id='word_1_94' title='bbox 936 1189 1062 1256; x_wconf 87' lang='lat' dir='ltr'><strong>putasse</strong></span> 
     </span>
     <span class='ocr_line' id='line_1_13' title="bbox 60 1252 1062 1338; baseline 0 -16"><span class='ocrx_word' id='word_1_95' title='bbox 60 1270 161 1336; x_wconf 82' lang='lat' dir='ltr'><strong>optat</strong></span> <span class='ocrx_word' id='word_1_96' title='bbox 177 1262 354 1324; x_wconf 85' lang='lat' dir='ltr'><strong>calamitatis</strong></span> <span class='ocrx_word' id='word_1_97' title='bbox 376 1252 601 1323; x_wconf 84' lang='lat' dir='ltr'><strong>similitudinem</strong></span> <span class='ocrx_word' id='word_1_98' title='bbox 620 1262 679 1323; x_wconf 92' lang='lat' dir='ltr'><strong>sibi</strong></span> <span class='ocrx_word' id='word_1_99' title='bbox 698 1263 812 1338; x_wconf 86' lang='lat' dir='ltr'><strong>aliquid</strong></span> <span class='ocrx_word' id='word_1_100' title='bbox 834 1265 874 1324; x_wconf 90' lang='lat' dir='ltr'><strong>de</strong></span> <span class='ocrx_word' id='word_1_101' title='bbox 888 1264 972 1324; x_wconf 90' lang='lat' dir='ltr'><strong>Sulla</strong></span> <span class='ocrx_word' id='word_1_102' title='bbox 991 1277 1062 1323; x_wconf 86' lang='lat' dir='ltr'><strong>esse</strong></span> 
     </span>
     <span class='ocr_line' id='line_1_14' title="bbox 60 1345 1061 1421; baseline 0 -17"><span class='ocrx_word' id='word_1_103' title='bbox 60 1345 253 1417; x_wconf 70' lang='lat' dir='ltr'><strong>uomendum,</strong></span> <span class='ocrx_word' id='word_1_104' title='bbox 269 1345 385 1418; x_wconf 79' lang='lat' dir='ltr'><strong>Cassio,</strong></span> <span class='ocrx_word' id='word_1_105' title='bbox 402 1362 429 1405; x_wconf 84' lang='grc' dir='ltr'><strong>ιι</strong></span> <span class='ocrx_word' id='word_1_106' title='bbox 420 1345 493 1406; x_wconf 90' lang='lat' dir='ltr'><strong>hic</strong></span> <span class='ocrx_word' id='word_1_107' title='bbox 508 1355 593 1406; x_wconf 89' lang='lat' dir='ltr'><strong>esset</strong></span> <span class='ocrx_word' id='word_1_108' title='bbox 604 1345 634 1405; x_wconf 90' lang='lat' dir='ltr'><strong>in</strong></span> <span class='ocrx_word' id='word_1_109' title='bbox 650 1347 759 1406; x_wconf 89' lang='lat' dir='ltr'><strong>eodem</strong></span> <span class='ocrx_word' id='word_1_110' title='bbox 774 1348 903 1420; x_wconf 73' lang='lat' dir='ltr'><strong>scelera·</strong></span> <span class='ocrx_word' id='word_1_111' title='bbox 915 1364 953 1406; x_wconf 90' lang='lat' dir='ltr'><strong>ne</strong></span> <span class='ocrx_word' id='word_1_112' title='bbox 968 1362 1061 1421; x_wconf 91' lang='lat' dir='ltr'><strong>quum</strong></span> 
     </span>
     <span class='ocr_line' id='line_1_15' title="bbox 60 1427 1060 1503; baseline 0.003 -18"><span class='ocrx_word' id='word_1_113' title='bbox 60 1429 223 1502; x_wconf 65' lang='lat' dir='ltr'><strong>spoliasset</strong></span> <span class='ocrx_word' id='word_1_114' title='bbox 237 1427 359 1502; x_wconf 85' lang='lat' dir='ltr'><strong>quidem</strong></span> <span class='ocrx_word' id='word_1_115' title='bbox 372 1428 565 1502; x_wconf 80' lang='lat' dir='ltr'><strong>Autronium,</strong></span> <span class='ocrx_word' id='word_1_116' title='bbox 587 1429 701 1490; x_wconf 90' lang='lat' dir='ltr'><strong>huius</strong></span> <span class='ocrx_word' id='word_1_117' title='bbox 692 1447 724 1489; x_wconf 91' lang='lat' dir='ltr'><strong>m</strong></span> <span class='ocrx_word' id='word_1_118' title='bbox 739 1438 869 1490; x_wconf 90' lang='lat' dir='ltr'><strong>mentem</strong></span> <span class='ocrx_word' id='word_1_119' title='bbox 883 1428 986 1490; x_wconf 88' lang='lat' dir='ltr'><strong>venire</strong></span> <span class='ocrx_word' id='word_1_120' title='bbox 1006 1445 1060 1503; x_wconf 92' lang='lat' dir='ltr'><strong>po-</strong></span> 
     </span>
     <span class='ocr_line' id='line_1_16' title="bbox 60 1509 1061 1607; baseline 0 -37"><span class='ocrx_word' id='word_1_121' title='bbox 60 1511 140 1571; x_wconf 88' lang='lat' dir='ltr'><strong>issc.</strong></span> <span class='ocrx_word' id='word_1_122' title='bbox 184 1509 247 1569; x_wconf 85' lang='lat' dir='ltr'><strong>Sed</strong></span> <span class='ocrx_word' id='word_1_123' title='bbox 272 1520 372 1571; x_wconf 85' lang='lat' dir='ltr'><strong>tamen</strong></span> <span class='ocrx_word' id='word_1_124' title='bbox 397 1513 470 1586; x_wconf 88' lang='lat' dir='ltr'><strong>quid</strong></span> <span class='ocrx_word' id='word_1_125' title='bbox 492 1511 652 1607; x_wconf 81' lang='lat' dir='ltr'><strong>respoudit</strong></span> <span class='ocrx_word' id='word_1_126' title='bbox 676 1513 715 1572; x_wconf 92' lang='lat' dir='ltr'><strong>de</strong></span> <span class='ocrx_word' id='word_1_127' title='bbox 736 1512 819 1572; x_wconf 84' lang='lat' dir='ltr'><strong>Sulla</strong></span> <span class='ocrx_word' id='word_1_128' title='bbox 838 1511 983 1572; x_wconf 65' lang='lat' dir='ltr'><strong>cassius?</strong></span> <span class='ocrx_word' id='word_1_129' title='bbox 1020 1509 1061 1570; x_wconf 90' lang='lat' dir='ltr'><strong>Se</strong></span> 
     </span>
     <span class='ocr_line' id='line_1_17' title="bbox 60 1592 1060 1669; baseline -0.003 -16"><span class='ocrx_word' id='word_1_130' title='bbox 60 1592 156 1653; x_wconf 73' lang='lat' dir='ltr'><strong>moire</strong></span> <span class='ocrx_word' id='word_1_131' title='bbox 176 1600 299 1653; x_wconf 85' lang='lat' dir='ltr'><strong>certum.</strong></span> <span class='ocrx_word' id='word_1_132' title='bbox 333 1594 399 1653; x_wconf 86' lang='lat' dir='ltr'><strong>Non</strong></span> <span class='ocrx_word' id='word_1_133' title='bbox 420 1596 543 1669; x_wconf 87' lang='lat' dir='ltr'><strong>purgat,</strong></span> <span class='ocrx_word' id='word_1_134' title='bbox 564 1593 670 1668; x_wconf 89' lang='lat' dir='ltr'><strong>inquit.</strong></span> <span class='ocrx_word' id='word_1_135' title='bbox 707 1593 777 1653; x_wconf 84' lang='lat' dir='ltr'><strong>Dixi</strong></span> <span class='ocrx_word' id='word_1_136' title='bbox 791 1602 894 1653; x_wconf 73' lang='lat' dir='ltr'><strong>antem</strong></span> <span class='ocrx_word' id='word_1_137' title='bbox 920 1611 958 1653; x_wconf 91' lang='lat' dir='ltr'><strong>ne</strong></span> <span class='ocrx_word' id='word_1_138' title='bbox 973 1593 999 1652; x_wconf 91' lang='lat' dir='ltr'><strong>si</strong></span> <span class='ocrx_word' id='word_1_139' title='bbox 1013 1609 1060 1652; x_wconf 89' lang='lat' dir='ltr'><strong>nr-</strong></span> 
     </span>
     <span class='ocr_line' id='line_1_18' title="bbox 60 1665 1061 1752; baseline -0.001 -17"><span class='ocrx_word' id='word_1_140' title='bbox 60 1685 140 1736; x_wconf 81' lang='lat' dir='ltr'><strong>reret</strong></span> <span class='ocrx_word' id='word_1_141' title='bbox 151 1675 275 1750; x_wconf 89' lang='lat' dir='ltr'><strong>quidem</strong></span> <span class='ocrx_word' id='word_1_142' title='bbox 287 1684 349 1736; x_wconf 90' lang='lat' dir='ltr'><strong>tum</strong></span> <span class='ocrx_word' id='word_1_143' title='bbox 360 1677 502 1752; x_wconf 89' lang='lat' dir='ltr'><strong>denique,</strong></span> <span class='ocrx_word' id='word_1_144' title='bbox 520 1693 612 1750; x_wconf 83' lang='lat' dir='ltr'><strong>quum</strong></span> <span class='ocrx_word' id='word_1_145' title='bbox 625 1683 708 1735; x_wconf 84' lang='lat' dir='ltr'><strong>esset</strong></span> <span class='ocrx_word' id='word_1_146' title='bbox 717 1665 929 1748; x_wconf 82' lang='lat' dir='ltr'><strong>interrogatis,</strong></span> <span class='ocrx_word' id='word_1_147' title='bbox 943 1676 974 1733; x_wconf 96' lang='lat' dir='ltr'><strong>id</strong></span> <span class='ocrx_word' id='word_1_148' title='bbox 988 1672 1061 1734; x_wconf 89' lang='lat' dir='ltr'><strong>mihi</strong></span> 
     </span>
     <span class='ocr_line' id='line_1_19' title="bbox 60 1754 1108 1831; baseline -0.004 -14.985"><span class='ocrx_word' id='word_1_149' title='bbox 60 1758 231 1818; x_wconf 86' lang='lat' dir='ltr'><strong>iminosum</strong></span> <span class='ocrx_word' id='word_1_150' title='bbox 246 1758 408 1819; x_wconf 83' lang='lat' dir='ltr'><strong>videretur.</strong></span> <span class='ocrx_word' id='word_1_151' title='bbox 452 1757 503 1818; x_wconf 79' lang='lat' dir='ltr'><strong>aa.</strong></span> <span class='ocrx_word' id='word_1_152' title='bbox 526 1757 587 1817; x_wconf 86' lang='lat' dir='ltr'><strong>Sed</strong></span> <span class='ocrx_word' id='word_1_153' title='bbox 602 1773 660 1830; x_wconf 88' lang='lat' dir='ltr'><strong>ego</strong></span> <span class='ocrx_word' id='word_1_154' title='bbox 675 1757 706 1816; x_wconf 92' lang='lat' dir='ltr'><strong>iu</strong></span> <span class='ocrx_word' id='word_1_155' title='bbox 729 1756 958 1831; x_wconf 87' lang='lat' dir='ltr'><strong>quaestionibus</strong></span> <span class='ocrx_word' id='word_1_156' title='bbox 973 1764 1003 1814; x_wconf 92' lang='lat' dir='ltr'><strong>et</strong></span> <span class='ocrx_word' id='word_1_157' title='bbox 1016 1754 1061 1813; x_wconf 91' lang='lat' dir='ltr'><strong>io·</strong></span> <span class='ocrx_word' id='word_1_158' title='bbox 1104 1766 1108 1771; x_wconf 86' lang='lat'>·</span> 
     </span>
     <span class='ocr_line' id='line_1_20' title="bbox 63 1836 1059 1916; baseline -0.005 -16"><span class='ocrx_word' id='word_1_159' title='bbox 63 1841 122 1901; x_wconf 89' lang='lat' dir='ltr'><strong>ciis</strong></span> <span class='ocrx_word' id='word_1_160' title='bbox 137 1858 200 1901; x_wconf 91' lang='lat' dir='ltr'><strong>non</strong></span> <span class='ocrx_word' id='word_1_161' title='bbox 218 1841 278 1901; x_wconf 89' lang='lat' dir='ltr'><strong>boc</strong></span> <span class='ocrx_word' id='word_1_162' title='bbox 298 1842 506 1916; x_wconf 89' lang='lat' dir='ltr'><strong>quaerendum</strong></span> <span class='ocrx_word' id='word_1_163' title='bbox 521 1841 662 1912; x_wconf 88' lang='lat' dir='ltr'><strong>arbitror,</strong></span> <span class='ocrx_word' id='word_1_164' title='bbox 690 1856 762 1899; x_wconf 92' lang='lat' dir='ltr'><strong>num</strong></span> <span class='ocrx_word' id='word_1_165' title='bbox 778 1846 924 1912; x_wconf 78' lang='lat' dir='ltr'><strong>purgetur</strong></span> <span class='ocrx_word' id='word_1_166' title='bbox 939 1836 1059 1911; x_wconf 89' lang='lat' dir='ltr'><strong>aliquis,</strong></span> 
     </span>
     <span class='ocr_line' id='line_1_21' title="bbox 60 1919 1059 1998; baseline -0.005 -15"><span class='ocrx_word' id='word_1_167' title='bbox 60 1925 90 1983; x_wconf 79' lang='lat' dir='ltr'><strong>td</strong></span> <span class='ocrx_word' id='word_1_168' title='bbox 112 1941 185 1984; x_wconf 89' lang='lat' dir='ltr'><strong>num</strong></span> <span class='ocrx_word' id='word_1_169' title='bbox 206 1925 357 1998; x_wconf 82' lang='lat' dir='ltr'><strong>arguatur.</strong></span> <span class='ocrx_word' id='word_1_170' title='bbox 400 1922 517 1983; x_wconf 88' lang='lat' dir='ltr'><strong>Etenim</strong></span> <span class='ocrx_word' id='word_1_171' title='bbox 543 1939 635 1996; x_wconf 91' lang='lat' dir='ltr'><strong>quum</strong></span> <span class='ocrx_word' id='word_1_172' title='bbox 656 1937 690 1981; x_wconf 90' lang='lat' dir='ltr'><strong>se</strong></span> <span class='ocrx_word' id='word_1_173' title='bbox 714 1929 804 1996; x_wconf 87' lang='lat' dir='ltr'><strong>negat</strong></span> <span class='ocrx_word' id='word_1_174' title='bbox 825 1919 904 1981; x_wconf 90' lang='lat' dir='ltr'><strong>scire</strong></span> <span class='ocrx_word' id='word_1_175' title='bbox 925 1919 1059 1990; x_wconf 81' lang='lat' dir='ltr'><strong>Cassius,</strong></span> 
     </span>
     <span class='ocr_line' id='line_1_22' title="bbox 60 1992 1059 2078; baseline -0.004 -12"><span class='ocrx_word' id='word_1_176' title='bbox 60 2023 133 2066; x_wconf 85' lang='lat' dir='ltr'><strong>rum</strong></span> <span class='ocrx_word' id='word_1_177' title='bbox 148 2007 287 2066; x_wconf 69' lang='lat' dir='ltr'><strong>sublevat</strong></span> <span class='ocrx_word' id='word_1_178' title='bbox 300 2006 415 2066; x_wconf 84' lang='lat' dir='ltr'><strong>Sullam</strong></span> <span class='ocrx_word' id='word_1_179' title='bbox 429 2023 468 2065; x_wconf 89' lang='lat' dir='ltr'><strong>an</strong></span> <span class='ocrx_word' id='word_1_180' title='bbox 484 2007 558 2065; x_wconf 89' lang='lat' dir='ltr'><strong>satis</strong></span> <span class='ocrx_word' id='word_1_181' title='bbox 575 2005 682 2078; x_wconf 90' lang='lat' dir='ltr'><strong>probat</strong></span> <span class='ocrx_word' id='word_1_182' title='bbox 695 2021 730 2065; x_wconf 88' lang='lat' dir='ltr'><strong>se</strong></span> <span class='ocrx_word' id='word_1_183' title='bbox 744 2003 940 2069; x_wconf 82' lang='lat' dir='ltr'><strong>nesciret—</strong></span> <span class='ocrx_word' id='word_1_184' title='bbox 954 1992 1059 2063; x_wconf 88' lang='lat' dir='ltr'><strong>Suble-</strong></span> 
     </span>
     <span class='ocr_line' id='line_1_23' title="bbox 60 2085 1059 2181; baseline -0.003 -33"><span class='ocrx_word' id='word_1_185' title='bbox 60 2098 86 2149; x_wconf 89' lang='grc' dir='ltr'><strong>ιι</strong></span> <span class='ocrx_word' id='word_1_186' title='bbox 103 2089 187 2171; x_wconf 85' lang='lat' dir='ltr'><strong>opnd</strong></span> <span class='ocrx_word' id='word_1_187' title='bbox 203 2089 317 2149; x_wconf 87' lang='lat' dir='ltr'><strong>Gallos</strong></span> <span class='ocrx_word' id='word_1_188' title='bbox 331 2121 374 2132; x_wconf 92' lang='lat'><em>-</em></span> <span class='ocrx_word' id='word_1_189' title='bbox 394 2088 470 2162; x_wconf 78' lang='lat' dir='ltr'><strong>Quid</strong></span> <span class='ocrx_word' id='word_1_190' title='bbox 484 2088 545 2148; x_wconf 67' lang='lat' dir='ltr'><strong>itai</strong></span> <span class='ocrx_word' id='word_1_191' title='bbox 569 2104 607 2147; x_wconf 89' lang='lat' dir='ltr'><strong>ne</strong></span> <span class='ocrx_word' id='word_1_192' title='bbox 626 2086 781 2148; x_wconf 77' lang='lat' dir='ltr'><strong>indicenti</strong></span> <span class='ocrx_word' id='word_1_193' title='bbox 814 2085 914 2160; x_wconf 77' lang='lat' dir='ltr'><strong>Quina</strong></span> <span class='ocrx_word' id='word_1_194' title='bbox 938 2085 965 2146; x_wconf 94' lang='lat' dir='ltr'><strong>si</strong></span> <span class='ocrx_word' id='word_1_195' title='bbox 981 2085 1059 2181; x_wconf 84' lang='lat' dir='ltr'><strong>peri·</strong></span> 
     </span>
     <span class='ocr_line' id='line_1_24' title="bbox 60 2169 1096 2245; baseline -0.005 -12"><span class='ocrx_word' id='word_1_196' title='bbox 60 2173 136 2233; x_wconf 83' lang='lat' dir='ltr'><strong>rium</strong></span> <span class='ocrx_word' id='word_1_197' title='bbox 153 2187 224 2232; x_wconf 84' lang='lat' dir='ltr'><strong>csso</strong></span> <span class='ocrx_word' id='word_1_198' title='bbox 240 2178 391 2245; x_wconf 88' lang='lat' dir='ltr'><strong>putasset,</strong></span> <span class='ocrx_word' id='word_1_199' title='bbox 411 2188 451 2232; x_wconf 86' lang='lat' dir='ltr'><strong>ne</strong></span> <span class='ocrx_word' id='word_1_200' title='bbox 471 2171 669 2244; x_wconf 88' lang='lat' dir='ltr'><strong>illiumquam</strong></span> <span class='ocrx_word' id='word_1_201' title='bbox 684 2169 866 2243; x_wconf 87' lang='lat' dir='ltr'><strong>indicarent,</strong></span> <span class='ocrx_word' id='word_1_202' title='bbox 887 2171 925 2229; x_wconf 92' lang='lat' dir='ltr'><strong>de</strong></span> <span class='ocrx_word' id='word_1_203' title='bbox 941 2170 1059 2242; x_wconf 90' lang='lat' dir='ltr'><strong>seipso</strong></span> <span class='ocrx_word' id='word_1_204' title='bbox 1093 2172 1096 2185; x_wconf 94' lang='lat'>&#39;</span> 
     </span>
     <span class='ocr_line' id='line_1_25' title="bbox 60 2216 1060 2315; baseline -0.006 -1"><span class='ocrx_word' id='word_1_205' title='bbox 60 2255 198 2315; x_wconf 67' lang='lat' dir='ltr'><strong>colossus</strong></span> <span class='ocrx_word' id='word_1_206' title='bbox 227 2262 404 2314; x_wconf 74' lang='lat' dir='ltr'><strong>essett—</strong></span> <span class='ocrx_word' id='word_1_207' title='bbox 430 2253 534 2314; x_wconf 83' lang='lat' dir='ltr'><strong>Nescit</strong></span> <span class='ocrx_word' id='word_1_208' title='bbox 558 2252 778 2313; x_wconf 82' lang='lat' dir='ltr'><strong>videlicet—</strong></span> <span class='ocrx_word' id='word_1_209' title='bbox 807 2216 905 2312; x_wconf 68' lang='lat' dir='ltr'><strong>Credo</strong></span> <span class='ocrx_word' id='word_1_210' title='bbox 931 2253 1060 2310; x_wconf 90' lang='lat' dir='ltr'><strong>celatum</strong></span> 
     </span>
     <span class='ocr_line' id='line_1_26' title="bbox 60 2332 1069 2407; baseline -0.004 -11"><span class='ocrx_word' id='word_1_211' title='bbox 60 2353 104 2396; x_wconf 84' lang='lat' dir='ltr'><strong>sse</strong></span> <span class='ocrx_word' id='word_1_212' title='bbox 121 2336 260 2396; x_wconf 83' lang='lat' dir='ltr'><strong>Cassium</strong></span> <span class='ocrx_word' id='word_1_213' title='bbox 280 2338 319 2396; x_wconf 91' lang='lat' dir='ltr'><strong>de</strong></span> <span class='ocrx_word' id='word_1_214' title='bbox 334 2336 419 2397; x_wconf 87' lang='lat' dir='ltr'><strong>Sulla</strong></span> <span class='ocrx_word' id='word_1_215' title='bbox 438 2354 514 2398; x_wconf 90' lang='lat' dir='ltr'><strong>uoo=</strong></span> <span class='ocrx_word' id='word_1_216' title='bbox 541 2352 609 2395; x_wconf 87' lang='lat' dir='ltr'><strong>uam</strong></span> <span class='ocrx_word' id='word_1_217' title='bbox 631 2337 669 2395; x_wconf 90' lang='lat' dir='ltr'><strong>de</strong></span> <span class='ocrx_word' id='word_1_218' title='bbox 684 2334 813 2395; x_wconf 85' lang='lat' dir='ltr'><strong>caeteris</strong></span> <span class='ocrx_word' id='word_1_219' title='bbox 828 2342 909 2394; x_wconf 89' lang='lat' dir='ltr'><strong>certe</strong></span> <span class='ocrx_word' id='word_1_220' title='bbox 930 2332 1069 2407; x_wconf 67' lang='lat' dir='ltr'><strong>sciebam</strong></span> 
     </span>
     <span class='ocr_line' id='line_1_27' title="bbox 60 2413 1120 2494; baseline -0.006 -15"><span class='ocrx_word' id='word_1_221' title='bbox 60 2419 145 2480; x_wconf 63' lang='lat' dir='ltr'><strong>‘anim</strong></span> <span class='ocrx_word' id='word_1_222' title='bbox 173 2418 258 2479; x_wconf 90' lang='lat' dir='ltr'><strong>domi</strong></span> <span class='ocrx_word' id='word_1_223' title='bbox 284 2419 351 2479; x_wconf 90' lang='lat' dir='ltr'><strong>eius</strong></span> <span class='ocrx_word' id='word_1_224' title='bbox 379 2421 526 2494; x_wconf 84' lang='lat' dir='ltr'><strong>pleraque</strong></span> <span class='ocrx_word' id='word_1_225' title='bbox 544 2417 676 2478; x_wconf 84' lang='lat' dir='ltr'><strong>conflatu</strong></span> <span class='ocrx_word' id='word_1_226' title='bbox 699 2433 771 2478; x_wconf 90' lang='lat' dir='ltr'><strong>esse</strong></span> <span class='ocrx_word' id='word_1_227' title='bbox 796 2415 963 2477; x_wconf 81' lang='lat' dir='ltr'><strong>constabat.</strong></span> <span class='ocrx_word' id='word_1_228' title='bbox 1004 2413 1060 2488; x_wconf 81' lang='lat' dir='ltr'><strong>Qui</strong></span> <span class='ocrx_word' id='word_1_229' title='bbox 1110 2483 1120 2491; x_wconf 44' lang='lat'><em>-</em></span> 
     </span>
     <span class='ocr_line' id='line_1_28' title="bbox 60 2497 1059 2576; baseline -0.005 -14"><span class='ocrx_word' id='word_1_230' title='bbox 60 2516 148 2576; x_wconf 83' lang='lat' dir='ltr'><strong>ngare</strong></span> <span class='ocrx_word' id='word_1_231' title='bbox 162 2501 258 2562; x_wconf 91' lang='lat' dir='ltr'><strong>noluit</strong></span> <span class='ocrx_word' id='word_1_232' title='bbox 274 2517 344 2562; x_wconf 88' lang='lat' dir='ltr'><strong>esse</strong></span> <span class='ocrx_word' id='word_1_233' title='bbox 359 2501 389 2560; x_wconf 90' lang='lat' dir='ltr'><strong>in</strong></span> <span class='ocrx_word' id='word_1_234' title='bbox 405 2519 442 2562; x_wconf 90' lang='lat' dir='ltr'><strong>eo</strong></span> <span class='ocrx_word' id='word_1_235' title='bbox 456 2517 581 2562; x_wconf 88' lang='lat' dir='ltr'><strong>numero</strong></span> <span class='ocrx_word' id='word_1_236' title='bbox 595 2501 715 2572; x_wconf 87' lang='lat' dir='ltr'><strong>Sullam,</strong></span> <span class='ocrx_word' id='word_1_237' title='bbox 733 2517 794 2574; x_wconf 91' lang='lat' dir='ltr'><strong>quo</strong></span> <span class='ocrx_word' id='word_1_238' title='bbox 806 2501 875 2574; x_wconf 90' lang='lat' dir='ltr'><strong>plns</strong></span> <span class='ocrx_word' id='word_1_239' title='bbox 887 2497 956 2573; x_wconf 88' lang='lat' dir='ltr'><strong>spei</strong></span> <span class='ocrx_word' id='word_1_240' title='bbox 965 2497 1059 2558; x_wconf 90' lang='lat' dir='ltr'><strong>Gallis</strong></span> 
     </span>
     <span class='ocr_line' id='line_1_29' title="bbox 60 2580 1059 2655; baseline -0.006 -11"><span class='ocrx_word' id='word_1_241' title='bbox 60 2594 129 2655; x_wconf 87' lang='lat' dir='ltr'><strong>aret,</strong></span> <span class='ocrx_word' id='word_1_242' title='bbox 147 2585 250 2644; x_wconf 84' lang='lat' dir='ltr'><strong>dicere</strong></span> <span class='ocrx_word' id='word_1_243' title='bbox 265 2593 365 2644; x_wconf 82' lang='lat' dir='ltr'><strong>autem</strong></span> <span class='ocrx_word' id='word_1_244' title='bbox 380 2585 489 2645; x_wconf 88' lang='lat' dir='ltr'><strong>laisum</strong></span> <span class='ocrx_word' id='word_1_245' title='bbox 503 2599 564 2645; x_wconf 89' lang='lat' dir='ltr'><strong>neu</strong></span> <span class='ocrx_word' id='word_1_246' title='bbox 579 2600 673 2643; x_wconf 90' lang='lat' dir='ltr'><strong>ausus</strong></span> <span class='ocrx_word' id='word_1_247' title='bbox 689 2591 744 2655; x_wconf 80' lang='lat' dir='ltr'><strong>est,</strong></span> <span class='ocrx_word' id='word_1_248' title='bbox 760 2583 878 2642; x_wconf 88' lang='lat' dir='ltr'><strong>nescire</strong></span> <span class='ocrx_word' id='word_1_249' title='bbox 892 2580 976 2642; x_wconf 87' lang='lat' dir='ltr'><strong>dixit.</strong></span> <span class='ocrx_word' id='word_1_250' title='bbox 1005 2583 1059 2639; x_wconf 86' lang='lat' dir='ltr'><strong>At-</strong></span> 
     </span>
     <span class='ocr_line' id='line_1_30' title="bbox 60 2661 1059 2742; baseline -0.005 -15"><span class='ocrx_word' id='word_1_251' title='bbox 60 2684 96 2727; x_wconf 87' lang='lat' dir='ltr'><strong>ne</strong></span> <span class='ocrx_word' id='word_1_252' title='bbox 109 2667 170 2726; x_wconf 89' lang='lat' dir='ltr'><strong>hec</strong></span> <span class='ocrx_word' id='word_1_253' title='bbox 188 2668 385 2742; x_wconf 87' lang='lat' dir='ltr'><strong>perspicuum</strong></span> <span class='ocrx_word' id='word_1_254' title='bbox 399 2676 461 2741; x_wconf 87' lang='lat' dir='ltr'><strong>est,</strong></span> <span class='ocrx_word' id='word_1_255' title='bbox 487 2683 580 2742; x_wconf 88' lang='lat' dir='ltr'><strong>quum</strong></span> <span class='ocrx_word' id='word_1_256' title='bbox 594 2665 635 2738; x_wconf 91' lang='lat' dir='ltr'><strong>is,</strong></span> <span class='ocrx_word' id='word_1_257' title='bbox 662 2662 714 2740; x_wconf 83' lang='lat' dir='ltr'><strong>qui</strong></span> <span class='ocrx_word' id='word_1_258' title='bbox 734 2666 772 2726; x_wconf 88' lang='lat' dir='ltr'><strong>de</strong></span> <span class='ocrx_word' id='word_1_259' title='bbox 789 2665 928 2725; x_wconf 90' lang='lat' dir='ltr'><strong>omnibus</strong></span> <span class='ocrx_word' id='word_1_260' title='bbox 948 2661 1059 2733; x_wconf 77' lang='lat' dir='ltr'><strong>scierit,</strong></span> 
     </span>
     <span class='ocr_line' id='line_1_31' title="bbox 60 2744 1059 2824; baseline -0.007 -15"><span class='ocrx_word' id='word_1_261' title='bbox 60 2749 169 2810; x_wconf 84' lang='lat' dir='ltr'><strong>cSnlla</strong></span> <span class='ocrx_word' id='word_1_262' title='bbox 183 2766 221 2810; x_wconf 86' lang='lat' dir='ltr'><strong>so</strong></span> <span class='ocrx_word' id='word_1_263' title='bbox 235 2749 314 2809; x_wconf 88' lang='lat' dir='ltr'><strong>scire</strong></span> <span class='ocrx_word' id='word_1_264' title='bbox 328 2749 453 2824; x_wconf 84' lang='lat' dir='ltr'><strong>negarit,</strong></span> <span class='ocrx_word' id='word_1_265' title='bbox 471 2750 608 2810; x_wconf 88' lang='lat' dir='ltr'><strong>eamdem</strong></span> <span class='ocrx_word' id='word_1_266' title='bbox 622 2765 693 2809; x_wconf 84' lang='lat' dir='ltr'><strong>asse</strong></span> <span class='ocrx_word' id='word_1_267' title='bbox 707 2747 766 2807; x_wconf 89' lang='lat' dir='ltr'><strong>vim</strong></span> <span class='ocrx_word' id='word_1_268' title='bbox 778 2747 946 2821; x_wconf 80' lang='lat' dir='ltr'><strong>negationis</strong></span> <span class='ocrx_word' id='word_1_269' title='bbox 958 2744 1059 2813; x_wconf 88' lang='lat' dir='ltr'><strong>buius,</strong></span> 
     </span>
     <span class='ocr_line' id='line_1_32' title="bbox 60 2827 1060 2901; baseline -0.008 -9"><span class='ocrx_word' id='word_1_270' title='bbox 60 2848 126 2892; x_wconf 85' lang='lat' dir='ltr'><strong>uam</strong></span> <span class='ocrx_word' id='word_1_271' title='bbox 151 2831 179 2892; x_wconf 86' lang='lat' dir='ltr'><strong>si</strong></span> <span class='ocrx_word' id='word_1_272' title='bbox 204 2840 291 2892; x_wconf 86' lang='lat' dir='ltr'><strong>extra</strong></span> <span class='ocrx_word' id='word_1_273' title='bbox 310 2832 546 2901; x_wconf 87' lang='lat' dir='ltr'><strong>coniurationem</strong></span> <span class='ocrx_word' id='word_1_274' title='bbox 570 2832 651 2892; x_wconf 88' lang='lat' dir='ltr'><strong>hunc</strong></span> <span class='ocrx_word' id='word_1_275' title='bbox 672 2847 743 2890; x_wconf 90' lang='lat' dir='ltr'><strong>esse</strong></span> <span class='ocrx_word' id='word_1_276' title='bbox 765 2846 799 2890; x_wconf 90' lang='lat' dir='ltr'><strong>se</strong></span> <span class='ocrx_word' id='word_1_277' title='bbox 819 2830 898 2890; x_wconf 89' lang='lat' dir='ltr'><strong>scire</strong></span> <span class='ocrx_word' id='word_1_278' title='bbox 922 2827 1060 2887; x_wconf 83' lang='lat' dir='ltr'><strong>dixisset</strong></span> 
     </span>
     <span class='ocr_line' id='line_1_33' title="bbox 60 2908 1060 2982; baseline -0.01 -7"><span class='ocrx_word' id='word_1_279' title='bbox 60 2914 213 2975; x_wconf 79' lang='lat' dir='ltr'><strong>&#39;am-cuius</strong></span> <span class='ocrx_word' id='word_1_280' title='bbox 229 2913 387 2974; x_wconf 82' lang='lat' dir='ltr'><strong>scientiam</strong></span> <span class='ocrx_word' id='word_1_281' title='bbox 407 2916 446 2973; x_wconf 90' lang='lat' dir='ltr'><strong>de</strong></span> <span class='ocrx_word' id='word_1_282' title='bbox 464 2914 603 2973; x_wconf 91' lang='lat' dir='ltr'><strong>omnibus</strong></span> <span class='ocrx_word' id='word_1_283' title='bbox 625 2920 743 2972; x_wconf 88' lang='lat' dir='ltr'><strong>constat</strong></span> <span class='ocrx_word' id='word_1_284' title='bbox 759 2911 869 2982; x_wconf 87' lang='lat' dir='ltr'><strong>luisse,</strong></span> <span class='ocrx_word' id='word_1_285' title='bbox 891 2909 957 2970; x_wconf 89' lang='lat' dir='ltr'><strong>eins</strong></span> <span class='ocrx_word' id='word_1_286' title='bbox 974 2908 1060 2979; x_wconf 87' lang='lat' dir='ltr'><strong>igno.-</strong></span> 
     </span>
     <span class='ocr_line' id='line_1_34' title="bbox 60 2993 1059 3071; baseline -0.008 -15"><span class='ocrx_word' id='word_1_287' title='bbox 60 2995 110 3056; x_wconf 85' lang='lat' dir='ltr'><strong>ttio</strong></span> <span class='ocrx_word' id='word_1_288' title='bbox 126 2997 165 3056; x_wconf 83' lang='lat' dir='ltr'><strong>da</strong></span> <span class='ocrx_word' id='word_1_289' title='bbox 181 2995 283 3070; x_wconf 89' lang='lat' dir='ltr'><strong>aliquo</strong></span> <span class='ocrx_word' id='word_1_290' title='bbox 302 2995 440 3071; x_wconf 86' lang='lat' dir='ltr'><strong>purgatio</strong></span> <span class='ocrx_word' id='word_1_291' title='bbox 457 2996 549 3055; x_wconf 90' lang='lat' dir='ltr'><strong>debet</strong></span> <span class='ocrx_word' id='word_1_292' title='bbox 566 2995 671 3055; x_wconf 88' lang='lat' dir='ltr'><strong>videri.</strong></span> <span class='ocrx_word' id='word_1_293' title='bbox 714 2993 800 3052; x_wconf 86' lang='lat' dir='ltr'><strong>Sed</strong></span> <span class='ocrx_word' id='word_1_294' title='bbox 792 3009 850 3051; x_wconf 87' lang='lat' dir='ltr'><strong>ram</strong></span> <span class='ocrx_word' id='word_1_295' title='bbox 868 3008 929 3052; x_wconf 89' lang='lat' dir='ltr'><strong>non</strong></span> <span class='ocrx_word' id='word_1_296' title='bbox 945 3003 1059 3064; x_wconf 89' lang='lat' dir='ltr'><strong>quaero</strong></span> 
     </span>
     <span class='ocr_line' id='line_1_35' title="bbox 60 3074 1061 3183; baseline -0.009 -44"><span class='ocrx_word' id='word_1_297' title='bbox 60 3087 185 3154; x_wconf 85' lang='lat' dir='ltr'><strong>urgatoe</strong></span> <span class='ocrx_word' id='word_1_298' title='bbox 189 3079 324 3140; x_wconf 81' lang='lat' dir='ltr'><strong>Casslus</strong></span> <span class='ocrx_word' id='word_1_299' title='bbox 339 3079 467 3138; x_wconf 87' lang='lat' dir='ltr'><strong>Sullam·</strong></span> <span class='ocrx_word' id='word_1_300' title='bbox 484 3077 559 3137; x_wconf 92' lang='lat' dir='ltr'><strong>illud</strong></span> <span class='ocrx_word' id='word_1_301' title='bbox 573 3076 646 3136; x_wconf 90' lang='lat' dir='ltr'><strong>mihi</strong></span> <span class='ocrx_word' id='word_1_302' title='bbox 659 3082 773 3136; x_wconf 87' lang='lat' dir='ltr'><strong>tantum</strong></span> <span class='ocrx_word' id='word_1_303' title='bbox 788 3074 937 3149; x_wconf 71' lang='lat' dir='ltr'><strong>salisam,</strong></span> <span class='ocrx_word' id='word_1_304' title='bbox 954 3078 1061 3183; x_wconf 79' lang='lat' dir='ltr'><strong>corba</strong></span> 
     </span>
    </p>
   </div>
   <div class='ocr_carea' id='block_1_7' title="bbox 60 3157 1063 3312">
    <p class='ocr_par' dir='ltr' id='par_1_7' title="bbox 60 3157 1059 3312">
     <span class='ocr_line' id='line_1_36' title="bbox 60 3157 505 3222; baseline -0.005 -2"><span class='ocrx_word' id='word_1_305' title='bbox 60 3161 150 3222; x_wconf 72' lang='lat' dir='ltr'><strong>illlam</strong></span> <span class='ocrx_word' id='word_1_306' title='bbox 165 3160 238 3221; x_wconf 91' lang='lat' dir='ltr'><strong>nibil</strong></span> <span class='ocrx_word' id='word_1_307' title='bbox 252 3177 323 3221; x_wconf 87' lang='lat' dir='ltr'><strong>esse</strong></span> <span class='ocrx_word' id='word_1_308' title='bbox 338 3160 366 3219; x_wconf 88' lang='lat' dir='ltr'><strong>in</strong></span> <span class='ocrx_word' id='word_1_309' title='bbox 383 3157 505 3219; x_wconf 88' lang='lat' dir='ltr'><strong>indicio</strong></span> 
     </span>
     <span class='ocr_line' id='line_1_37' title="bbox 117 3237 1063 3312; baseline -0.007 -9"><span class='ocrx_word' id='word_1_310' title='bbox 117 3245 197 3303; x_wconf 80' lang='lat' dir='ltr'><strong>XlV.</strong></span> <span class='ocrx_word' id='word_1_311' title='bbox 217 3241 269 3304; x_wconf 82' lang='lat' dir='ltr'><strong>to</strong></span> <span class='ocrx_word' id='word_1_312' title='bbox 293 3243 445 3302; x_wconf 84' lang='lat' dir='ltr'><strong>Exclusus</strong></span> <span class='ocrx_word' id='word_1_313' title='bbox 464 3241 522 3300; x_wconf 81' lang='lat' dir='ltr'><strong>bac</strong></span> <span class='ocrx_word' id='word_1_314' title='bbox 543 3237 748 3298; x_wconf 87' lang='lat' dir='ltr'><strong>criminatione</strong></span> <span class='ocrx_word' id='word_1_315' title='bbox 759 3238 934 3312; x_wconf 83' lang='lat' dir='ltr'><strong>Torquatus</strong></span> <span class='ocrx_word' id='word_1_316' title='bbox 952 3250 1063 3298; x_wconf 88' lang='lat' dir='ltr'><strong>rursus</strong></span> 
     </span>
    </p>
   </div>
   <div class='ocr_carea' id='block_1_8' title="bbox 60 3318 1058 3486">
    <p class='ocr_par' dir='ltr' id='par_1_8' title="bbox 60 3318 1058 3486">
     <span class='ocr_line' id='line_1_38' title="bbox 60 3318 1058 3395; baseline -0.006 -10"><span class='ocrx_word' id='word_1_317' title='bbox 60 3336 136 3387; x_wconf 85' lang='lat' dir='ltr'><strong>lma</strong></span> <span class='ocrx_word' id='word_1_318' title='bbox 151 3325 250 3395; x_wconf 87' lang='lat' dir='ltr'><strong>irruit,</strong></span> <span class='ocrx_word' id='word_1_319' title='bbox 274 3341 324 3385; x_wconf 85' lang='lat' dir='ltr'><strong>mo</strong></span> <span class='ocrx_word' id='word_1_320' title='bbox 344 3332 482 3385; x_wconf 74' lang='lat' dir='ltr'><strong>accinat:</strong></span> <span class='ocrx_word' id='word_1_321' title='bbox 504 3321 545 3382; x_wconf 90' lang='lat' dir='ltr'><strong>ait</strong></span> <span class='ocrx_word' id='word_1_322' title='bbox 564 3337 612 3381; x_wconf 91' lang='lat' dir='ltr'><strong>me</strong></span> <span class='ocrx_word' id='word_1_323' title='bbox 628 3320 714 3380; x_wconf 89' lang='lat' dir='ltr'><strong>aliter</strong></span> <span class='ocrx_word' id='word_1_324' title='bbox 733 3318 895 3380; x_wconf 82' lang='lat' dir='ltr'><strong>aedictum</strong></span> <span class='ocrx_word' id='word_1_325' title='bbox 910 3319 950 3380; x_wconf 91' lang='lat' dir='ltr'><strong>sit</strong></span> <span class='ocrx_word' id='word_1_326' title='bbox 967 3319 998 3380; x_wconf 89' lang='grc' dir='ltr'><strong>ιιι</strong></span> <span class='ocrx_word' id='word_1_327' title='bbox 1017 3327 1058 3380; x_wconf 89' lang='lat' dir='ltr'><strong>ta-</strong></span> 
     </span>
     <span class='ocr_line' id='line_1_39' title="bbox 60 3401 1058 3486; baseline -0.008 -17"><span class='ocrx_word' id='word_1_328' title='bbox 60 3407 126 3469; x_wconf 59' lang='lat' dir='ltr'><strong>ulus</strong></span> <span class='ocrx_word' id='word_1_329' title='bbox 145 3406 282 3483; x_wconf 75' lang='lat' dir='ltr'><strong>pubicae</strong></span> <span class='ocrx_word' id='word_1_330' title='bbox 302 3406 464 3471; x_wconf 81' lang='grc' dir='ltr'>ιιιιιιιιιιι,</span> <span class='ocrx_word' id='word_1_331' title='bbox 510 3403 534 3464; x_wconf 91' lang='lat'>0</span> <span class='ocrx_word' id='word_1_332' title='bbox 554 3404 585 3464; x_wconf 91' lang='lat' dir='ltr'><strong>di</strong></span> <span class='ocrx_word' id='word_1_333' title='bbox 604 3402 803 3486; x_wconf 87' lang='lat' dir='ltr'><strong>immortalest</strong></span> <span class='ocrx_word' id='word_1_334' title='bbox 821 3436 862 3449; x_wconf 89' lang='lat'>-</span> <span class='ocrx_word' id='word_1_335' title='bbox 875 3402 964 3465; x_wconf 87' lang='lat' dir='ltr'><strong>vobis</strong></span> <span class='ocrx_word' id='word_1_336' title='bbox 971 3401 1058 3463; x_wconf 77' lang='lat' dir='ltr'><strong>enim</strong></span> 
     </span>
    </p>
   </div>
   <div class='ocr_carea' id='block_1_9' title="bbox 0 0 1182 3854">
    <p class='ocr_par' dir='ltr' id='par_1_9' title="bbox 0 0 1182 3854">
     <span class='ocr_line' id='line_1_40' title="bbox 0 0 1182 3854; baseline 0 0"><span class='ocrx_word' id='word_1_337' title='bbox 0 0 1182 3854; x_wconf 95' lang='lat' dir='ltr'><strong> </strong></span> 
     </span>
    </p>
   </div>
  </div>
 </body>
</html>
