2356 3854
118 173 181 237 282
384 171 476 232 ῬΗΟ
498 173 529 230 Ρ.
553 169 684 231 SESTIO
708 169 860 229 ORATlO.

117 341 180 385 rem
197 323 350 399 publicam
366 321 644 398 propugnatoribus
655 321 886 381 arbitrabantur.
909 320 1128 393 Frumenlarinn

103 407 261 483 legend.
278 405 433 466 Gracchus
449 405 573 469 larebat
594 406 731 464 Iucunda
747 421 798 464 res
815 404 932 478 plebei:
956 404 1052 466 victus
1065 406 1129 465 enin

117 489 372 567 suppeditabatur
387 491 470 562 large
487 487 554 548 sine
568 487 683 547 labore.
711 489 938 562 Repugnabant
952 489 1040 560 boni,
1062 489 1128 564 quod

116 583 146 635 et
161 575 200 632 ab
218 572 366 632 industria
382 573 502 646 plebern
516 571 556 630 ad
570 570 719 631 desidiam
739 571 862 631 avocari
886 573 1036 647 putabant
1048 582 1076 633 et
1091 589 1128 633 aa

50 664 55 673 ‘
116 657 229 717 rarium
244 655 397 716 exhauriri
414 655 581 715 videbatur.

197 740 298 799 XLIX.
318 740 412 799 Multa
423 738 512 799 ctiam
524 746 628 798 nostra
640 736 793 810 memoria,
811 753 890 811 quae
906 741 1049 800 consulto
1060 755 1128 814 praa

114 831 214 897 tereo,
238 825 360 884 luerunt
379 823 409 881 in
433 839 470 881 aa
488 822 697 896 contentione,
721 830 753 882 ut
773 820 933 895 popularis
957 822 1129 898 cupiditasa

114 907 242 967 consilio
259 906 429 982 principum
444 905 616 966 dissideret.
645 903 714 965 104.
730 905 815 964 Nurc
833 903 893 964 iam
910 903 986 965 nihil
1001 906 1129 980 estquod

113 992 289 1066 populosa
315 989 442 1049 delectis
470 988 722 1064 principibusque
748 986 923 1059 dissentiat,
953 1005 1013 1049 nac
1033 988 1127 1064 flagitat

113 1090 176 1134 rem
192 1075 283 1134 ullam
305 1090 405 1148 neque
426 1088 575 1132 novarum
594 1088 694 1131 rerum
716 1080 765 1132 est
785 1071 917 1146 cupidus
945 1081 975 1132 at
999 1073 1066 1134 ocio
1085 1087 1126 1135 suo

113 1165 144 1216 et
159 1157 304 1232 dignitate
319 1156 422 1230 optimi
439 1155 589 1230 cuiusque
602 1163 634 1215 et
655 1155 817 1215 universae
832 1154 876 1215 rei
891 1155 1035 1229 publicae
1050 1155 1129 1231 gloria

114 1241 290 1298 delectatur.
337 1240 444 1314 ltaque
470 1239 609 1298 homines
639 1237 778 1298 seditiosi
803 1254 838 1297 ac
855 1239 1048 1313 turbulenti,
1075 1239 1128 1314 quia

113 1324 195 1381 nulla
216 1322 275 1380 iam
297 1322 457 1396 largitione
480 1324 627 1397 populum
641 1323 810 1382 Romanum
834 1322 991 1382 concitare
1006 1330 1128 1398 possunt

115 1406 198 1478 quod
221 1405 328 1478 plebes
350 1407 510 1479 parluncta
532 1405 721 1478 gravissimis
742 1404 945 1466 seditionibus
967 1422 1005 1466 ac
1028 1407 1128 1467 discor·

114 1488 172 1547 diis
189 1488 289 1546 ocium
304 1486 509 1562 amplexatur,
534 1489 702 1548 conductas
716 1489 829 1548 habent
845 1489 1024 1564 contiones,
1045 1504 1128 1565 neque

113 1572 143 1629 id
160 1580 268 1645 agunt,
283 1579 316 1632 ut
330 1588 367 1631 ea
384 1573 487 1633 dicant
501 1581 553 1632 aut
567 1575 679 1644 lerant,
695 1589 775 1646 quae
790 1572 833 1632 illi
844 1573 938 1632 velint
953 1573 1074 1645 audire,
1089 1572 1127 1648 qui

112 1654 142 1714 in
160 1655 301 1714 contione
320 1662 404 1728 sunt,
421 1657 477 1715 sed
492 1655 595 1731 precio
607 1672 644 1715 ac
659 1656 801 1715 mercede
818 1655 997 1730 perficiunt,
1012 1665 1045 1718 ut
1058 1657 1127 1731 quid·

115 1738 188 1813 quid
209 1739 326 1808 dicant,
348 1738 379 1798 id
399 1740 440 1798 illi
463 1741 542 1799 velle
562 1739 668 1799 andire
689 1739 856 1799 videantur.
892 1736 964 1800 105.
987 1740 1064 1800 Num
1082 1755 1127 1798 vos

114 1822 296 1884 existimatis
309 1823 464 1883 Gracchos
478 1832 531 1884 aut
548 1821 743 1883 Saturninum
757 1830 811 1908 aut
826 1838 1012 1898 quemquam
1026 1824 1126 1884 illorum

113 1912 264 1979 veterum,
281 1907 332 1980 qui
351 1910 516 1981 populares
531 1906 735 1975 habebantur,
756 1908 848 1966 ullum
864 1923 1010 1980 umquam
1025 1906 1055 1966 in
1072 1922 1126 1967 con-

113 1989 194 2048 tione
209 1989 354 2048 habuisse
370 1992 574 2050 conductum‘t
601 1991 695 2048 Nemo
716 1989 828 2048 habuit.
864 1990 936 2063 Ipsa
953 1990 1034 2049 enim
1055 1987 1126 2064 largi

112 2071 154 2130 tio
169 2081 200 2131 et
213 2089 288 2144 spes
304 2075 455 2132 commodi
476 2073 628 2147 propositi
649 2072 715 2132 sine
737 2073 878 2132 mercede
898 2074 961 2132 ulla
982 2071 1125 2134 multitudi-

113 2170 180 2213 nem
194 2154 375 2214 concitabat.
397 2157 502 2231 ltaque
513 2156 701 2231 temporibus
714 2155 787 2226 illis,
805 2156 856 2230 qui
868 2158 1037 2230 populares
1049 2162 1126 2225 arant

113 2237 310 2297 offendebant
330 2239 371 2297 illi
396 2239 519 2312 quidem
539 2241 622 2314 apud
645 2255 755 2314 graves
771 2249 802 2299 ct
822 2241 973 2300 honestos
994 2240 1125 2307 homines,

112 2322 168 2380 scd
183 2322 288 2396 populi
307 2322 427 2382 iudiciis
445 2331 536 2397 atque
555 2323 637 2382 omni
659 2323 879 2398 significatione
900 2321 1060 2384 florebant
1085 2322 1125 2381 ltu

111 2402 142 2461 in
157 2404 274 2465 theatro
289 2407 504 2481 plaudebatur=
522 2406 553 2464 hi
567 2405 721 2480 suffragiis
738 2407 821 2480 quod
836 2407 1058 2467 contenderant
1070 2421 1143 2477 coo·-

112 2487 335 2560 sequebantur:
349 2488 458 2549 horum
472 2489 611 2551 homines
627 2506 748 2561 nomen,
765 2489 941 2560 orationem,
958 2492 1082 2560 vultum,
1093 2488 1126 2547 in·

112 2585 234 2628 cessum
246 2573 396 2633 amabant.
420 2573 476 2647 Qui
490 2581 589 2633 autem
601 2573 842 2639 adversabantur
853 2575 880 2632 ei
895 2574 1020 2647 generi,
1034 2585 1126 2649 gravas

111 2659 141 2711 ct
156 2655 257 2728 magui
273 2654 413 2714 homines
428 2657 631 2717 habebantur:
656 2657 712 2716 sed
733 2658 878 2717 valebant
893 2656 923 2716 in
942 2666 1054 2718 senatu
1067 2655 1124 2716 mul·

111 2744 188 2808 turn,
204 2736 293 2812 *apud
313 2737 413 2798 bonos
435 2739 518 2799 viros
540 2740 720 2816 planmumr·
735 2739 917 2801 multitudini
933 2739 1061 2802 iucundi
1079 2751 1126 2799 noa

109 2828 209 2893 erant,
233 2820 389 2896 suffragiis
406 2822 620 2885 offendebatur
640 2840 734 2898 saepe
751 2838 857 2885 acrum
877 2826 1038 2886 voluntas=
1058 2824 1126 2899 ptan-

110 2921 178 2964 sum
191 2921 267 2965 vero
283 2905 373 2966 ctiam
388 2905 416 2966 si
431 2906 501 2982 quis
518 2924 623 2968 eorum
638 2907 803 2983 aliquando
817 2916 996 2983 acceperat,
1011 2924 1051 2968 ne
1068 2901 1126 2981 quil

110 2998 276 3059 peccasset
290 2989 534 3064 pertimescebat.
566 2993 606 3052 At
620 2999 739 3062 tamen,
751 2989 779 3051 si
795 3008 875 3067 quae
889 3006 941 3051 res
957 3001 1024 3052 erat
1037 2989 1123 3057 malon

109 3067 191 3209 {dem
216 3073 268 3133 ille
299 3075 433 3148 populus
458 3073 566 3134 horum
596 3074 777 3136 auctoritate
805 3073 938 3135 maxime
969 3086 1125 3136 commore-

130 3160 205 3213 utur.
700 3168 703 3173 ’

129 3313 135 3326 .
191 3237 225 3295 L.
248 3239 319 3301 106.
340 3242 442 3314 Nunc,
457 3239 579 3300 nisime
596 3239 684 3314 taltit,
704 3239 735 3301 in
751 3257 790 3302 ec
804 3250 885 3302 statu
899 3241 1008 3303 civitas
1022 3250 1083 3314 cst,
1095 3245 1127 3307 ¹1¹,

110 3330 136 3374 sr
161 3330 272 3390 operas
291 3326 511 3384 conductorum
526 3323 711 3396 removeris,
734 3339 841 3385 ornnes
862 3324 944 3385 idem
967 3327 1008 3385 de
1029 3341 1063 3385 rc
1085 3339 1129 3398 pn-

108 3397 189 3458 blica
203 3405 324 3463 sensuri
340 3422 411 3465 esse
425 3406 595 3470 videantur.
628 3406 747 3466 Etenim
763 3407 860 3467 tribus
880 3407 959 3468 locis
976 3402 1131 3483 signinam
