2356 3854
136 190 143 197 ’
182 214 186 220 ·
292 206 372 264 car.
388 213 518 267 sa-m
541 204 711 271 §.oa-2⁸⁷.
954 202 1016 270 275

60 362 97 413 ιι
120 354 289 431 principem
303 353 432 415 civitatis
449 357 528 415 lerro
544 355 705 415 obsessum
721 364 858 416 teneret?
888 356 970 419 llaec
984 367 1018 421 ut

60 450 115 497 :cre
138 446 260 513 posset,
287 454 365 525 quae
385 437 451 497 lieri
472 438 531 497 nisi
553 437 645 498 armis
666 455 818 513 oppressa
840 456 873 499 rc
893 442 1016 515 publica

62 522 182 582 ornodo
199 512 352 596 potern'nt,
372 519 502 591 idcirco,
518 521 627 595 credo,
640 536 762 582 manum
777 522 880 583 sibiP
897 516 1015 585 Sestius

62 604 141 695 cpias
159 603 409 678 comparavit-
420 606 461 663 At
476 605 616 664 noudum
626 613 690 664 erat
704 613 866 664 ιιιιιιιιιιιιιι
882 609 1016 666 nondum

64 683 124 778 ipsa
138 688 178 747 ad
195 685 360 747 eiusmodi
376 687 528 762 praesidia
545 688 627 747 viros
642 687 741 747 bonos
757 688 966 761 compellebat.
976 722 1012 735 -

60 767 289 841 numeramus,
304 786 365 830 non
381 768 503 829 omnino
515 769 573 829 ista
586 786 677 830 manu
689 772 763 841 sola,
777 771 832 829 sed
844 772 941 830 tamen
954 788 1030 832 non·

60 850 143 912 cista.
159 868 215 912 vos
228 852 310 913 taciti
325 851 530 913 morabamini.
552 852 603 914 85.
617 853 742 926 Captum
753 859 818 910 erat
829 854 1013 916 lorumanno

61 934 158 1005 eriora,
168 916 245 995 aede
256 934 390 996 Castoris
401 943 554 1009 tamquam
566 952 636 995 arce
648 935 917 1010 aliquaalugrtrvrs
925 953 1014 997 occu

60 1031 82 1075 a:
95 1017 246 1078 silebatur
273 1016 379 1078 Omnia
391 1018 546 1079 hominum
560 1035 651 1093 quum
663 1026 799 1093 egestate
810 1025 871 1077 tum
887 1020 1015 1080 audacia

60 1099 175 1161 litorum
189 1102 330 1171 clamore,
344 1117 503 1173 concursu,
515 1102 555 1174 vi,
568 1118 657 1161 manu
669 1102 865 1175 gerebantur:
880 1103 1013 1177 periere-

61 1200 82 1242 ι.
111 1183 305 1258 Magistratus
322 1184 442 1258 templis
456 1185 658 1259 pellebantur:
683 1184 733 1243 alii
746 1185 868 1245 omnino
882 1185 965 1246 aditu
977 1201 1014 1247 ac
1030 1218 1033 1223 ·

60 1266 317 1340 iprobibcbuntum
331 1267 599 1328 nemoresistebat.
615 1268 804 1328 Gladiatores
816 1284 853 1327 cx
865 1269 1013 1343 praetoris

60 1349 131 1409 titatu
138 1349 361 1424 comprehensi,
374 1349 402 1408 in
416 1359 553 1410 senatum
566 1350 736 1421 introducti,
750 1351 894 1425 confessi,
906 1354 935 1410 in
948 1353 1011 1412 vin-

60 1431 176 1493 couiecti
188 1449 206 1492 a
218 1432 345 1505 Milone,
360 1434 463 1493 emissi
474 1451 492 1493 a
504 1433 651 1495 Serrano:
667 1435 778 1494 mentio
791 1435 880 1494 nulla.
900 1435 1010 1495 Forum

60 1515 168 1575 toribus
184 1515 294 1577 civium
308 1517 511 1576 Romanorum
528 1526 713 1578 constratum
735 1519 830 1577 caede
850 1527 1010 1578 nocturna=

64 1598 151 1658 modo
163 1599 247 1659 nulla
259 1615 339 1658 nova
352 1599 500 1694 quaestio,
508 1601 564 1659 sed
576 1600 664 1660 etiarn
678 1608 781 1658 vetera
792 1600 902 1660 iudicia
910 1601 1011 1660 subla'-

60 1680 212 1742 lribunum
224 1683 322 1755 plebis
336 1683 404 1755 plus
416 1681 520 1755 viginti
532 1682 706 1741 vulneribus
719 1682 853 1754 acceptis
865 1682 1010 1741 iacentem

60 1763 262 1838 rbundumquc
271 1764 403 1823 vidistis
416 1763 539 1823 alterius
548 1763 771 1837 tribuniplebis
780 1761 1011 1823 divinihominis

59 1846 132 1907 icam
143 1846 223 1906 anim
234 1849 316 1920 quod
328 1846 425 1906 sentio
438 1853 467 1905 et
479 1847 561 1919 quod
573 1860 690 1904 mecum
702 1844 946 1904 seutiuotomncs
958 1846 1011 1905 bo

60 1929 224 2004 „insigni
243 1931 390 2005 quadarn,
409 1927 558 1999 inaudita,
582 1943 663 1987 nova
684 1927 889 2002 magnitudine
909 1927 1009 2003 animi,

61 2013 145 2086 itate,
164 2013 226 2081 fide
240 2012 383 2088 praediti,
398 2012 507 2072 domus
522 2020 569 2071 est
583 2020 758 2086 oppugnata
770 2013 865 2085 ferro,
883 2011 1009 2088 lacibus,

60 2096 121 2157 citu
139 2095 296 2156 clodiano.
339 2095 399 2154 XL.
413 2093 463 2156 86.
484 2096 521 2155 Ει
531 2103 567 2154 ιιι
587 2094 646 2154 boc
662 2097 731 2155 loco
747 2095 854 2155 laudas
869 2095 1010 2175 Milonem

60 2196 100 2240 ue
120 2180 240 2239 laudas.
285 2179 379 2253 Quem
404 2178 642 2254 ennumquam
655 2177 753 2239 virum
773 2187 832 2238 tam
853 2178 1014 2239 immortali-

60 2271 95 2322 ιιι
117 2262 271 2322 vidimus?
298 2262 349 2337 qui
371 2264 453 2322 nullo
476 2262 611 2337 praemio
629 2261 788 2336 proposito
806 2261 1010 2334 praeterhac,

60 2345 150 2405 iiam
169 2346 330 2406 contritum
351 2354 382 2408 et
403 2355 607 2420 contemptum
630 2353 762 2419 putatur,
791 2343 935 2402 iudicium
955 2344 1009 2403 bo·
1045 2375 1047 2382 ,

60 2444 107 2502 uu,
124 2429 226 2489 omnia
241 2428 390 2503 pericula,
412 2445 549 2489 summos
563 2428 700 2500 labores,
723 2425 920 2501 gravissimas
938 2442 1009 2487 con·

60 2527 136 2571 oues
146 2510 382 2586 inimicitiasque
393 2512 550 2586 suscepiti
563 2510 619 2585 qui
634 2509 706 2570 mihi
721 2525 802 2570 unus
816 2526 854 2569 ex
870 2510 1008 2570 omnibus

60 2610 104 2654 tus
119 2593 243 2654 videtur
255 2610 288 2654 re
302 2589 463 2666 docuisse,
480 2611 542 2654 non
559 2594 676 2665 verbis,
691 2604 721 2654 et
736 2594 808 2668 quid
823 2601 978 2668 oporteret
991 2609 1010 2652 a

60 2676 254 2739 cautissimis
265 2677 339 2737 viris
351 2676 381 2736 in
392 2694 426 2737 re
438 2677 559 2751 publica
570 2677 636 2736 fieri
646 2686 676 2737 et
687 2676 760 2751 quid
771 2692 901 2737 necesse
911 2684 1009 2736 esset=

60 2766 127 2821 rtcre
140 2759 295 2820 bominum
307 2760 482 2831 audacium,
499 2776 677 2820 eversorum
687 2761 733 2820 rei
746 2759 887 2835 publicae
901 2756 1010 2818 sceleri
1122 2822 1127 2834 ,

60 2840 103 2904 bus
120 2851 152 2904 et
170 2842 290 2904 iudiciis
309 2843 469 2903 resistere·
497 2843 523 2902 si
540 2843 623 2916 leges
645 2858 707 2902 non
722 2844 872 2914 valerent,
897 2839 1009 2899 iudicia

71 2934 185 2999 esseut,
210 2928 236 2987 si
257 2943 307 2988 res
325 2924 492 3001 publicavi
509 2940 724 2998 consensuque
741 2923 901 2983 audacium
918 2919 1009 2979 armis

60 3016 137 3071 ressa
153 3018 321 3081 teneretur,
345 3006 499 3084 praesidio
521 3015 551 3067 et
564 3007 663 3081 copiis
684 3006 805 3066 delendi
823 3005 914 3063 vitam
930 3011 960 3062 et
975 3000 1010 3060 li-

60 3098 129 3153 ttem
144 3108 276 3155 necesse
291 3108 373 3154 csse
421 3091 487 3151 Hoc
502 3090 614 3148 sentire
628 3088 806 3163 prudentiae
826 3095 887 3157 est,
909 3086 1009 3144 lacere
1038 3082 1043 3092 ‘

60 3176 184 3249 tudinis,
199 3185 230 3238 ct
241 3177 356 3238 sentire
369 3189 444 3234 vero
456 3181 486 3233 et
497 3173 598 3231 lacere
613 3172 767 3246 perlectae
781 3169 1009 3241 cumulataeque

60 3255 111 3320 llis
151 3222 202 3321 87
234 3260 318 3321 Adut
331 3260 368 3319 ad
381 3254 607 3331 rempublicam
626 3253 764 3313 tribunus
788 3251 901 3327 plebis,
928 3251 1009 3323 Milo,

61 3340 126 3403 uus
138 3343 229 3402 laude
243 3345 330 3418 plura
341 3342 453 3413 dicam,
468 3355 529 3398 nou
541 3354 602 3413 quo
613 3345 666 3398 aut
679 3336 746 3410 ipse
758 3335 834 3395 baec
848 3335 907 3395 dici
920 3349 1010 3410 quarn

60 3417 152 3486 linari
163 3427 247 3487 malit
256 3435 308 3487 aut
318 3443 389 3502 ego
386 3425 468 3485 bunc
480 3421 714 3483 leudislructum
722 3419 874 3557 ριῗὲεξιιιί
885 3420 1009 3478 libenter
