2356 3854
352 180 433 253 dar.
449 190 579 242 ro-n.
594 188 620 248 s.
636 189 761 246 at-aa.
881 148 887 161 ’
1012 182 1074 248 351

60 349 108 392 am
133 346 259 405 semper
279 329 355 402 vim,
378 347 570 406 quacumque
594 347 653 406 ope
674 342 816 408 possent,
848 351 866 393 a
890 349 1077 408 corpore,a

60 416 156 490 rpite,
176 431 194 472 a
209 415 269 472 vita
285 429 341 472 sua
356 415 577 488 propulsarent,
595 431 655 474 non
672 417 800 490 potestis
815 416 873 477 hoc
888 418 1006 479 lacinus
1022 419 1074 478 im-

60 499 175 558 ·obum
190 495 326 556 iudicare
343 496 413 570 quin
428 497 515 556 slmul
531 497 669 557 iudicetis
685 501 840 570 omnibuS,
864 500 917 574 qui
940 501 970 559 in
986 503 1075 561 latro&

60 599 89 641 ts
123 577 300 650 inciderint,
321 588 373 639 aut
392 579 510 639 illorum
529 579 596 641 telis
618 589 670 640 aut
689 582 800 641 vestris
825 584 981 642 sententiis
1006 600 1076 644 esse

60 663 241 724 treundum.
263 659 314 722 31.
331 661 418 734 Quod
437 662 463 722 si
480 661 520 722 ita
536 671 682 738 putasset,
698 672 780 733 certe
797 664 959 738 optabilius
973 666 1078 726 Miloni

63 749 90 806 it
117 747 195 805 darc
215 743 349 818 iugulum
365 745 397 803 P.
414 745 535 818 Clodio,
556 764 617 806 non
645 747 739 807 semel
761 748 799 807 ab
820 747 871 806 illo
893 764 993 822 neque
1016 758 1077 809 tum
1121 768 1126 780 ²

60 829 172 888 imum
184 827 319 902 petitum,
336 845 427 901 quam
442 828 571 902 iugulari
586 846 604 888 a
618 830 714 902 vobis,
732 831 803 905 quia
818 845 853 889 se
864 845 925 888 non
942 833 1076 904 iugulan-

60 929 111 972 tm
133 910 179 970 illi
197 910 381 970 tradidisset.
427 911 480 970 Sin
500 912 559 971 hoc
575 929 664 973 nemo
682 921 816 972 vestrum
831 913 872 970 ita
890 913 988 984 sentit,
1003 914 1077 972 illud
1133 952 1137 962 κ

60 1013 93 1054 rn
114 994 147 1053 in
164 993 309 1054 iudicium
325 995 419 1066 venit,
442 1011 502 1054 non
519 997 681 1056 occisusne
696 995 749 1065 sit,
764 995 847 1070 quod
864 996 1004 1068 latemur,
1021 997 1078 1054 sed

61 1095 103 1137 re
120 1094 161 1136 an
177 1075 299 1150 iniuria,
322 1077 406 1151 quod
429 1078 529 1137 multis
547 1080 577 1136 in
603 1078 705 1138 causis
727 1094 821 1153 saepe
836 1077 1006 1153 quaesitum
1021 1087 1077 1138 est.

60 1160 177 1239 r'sidias
193 1162 288 1219 lactas
304 1175 375 1218 esse
391 1169 524 1230 constat,
547 1169 577 1219 et
591 1160 622 1221 id
638 1170 699 1234 est,
723 1162 805 1234 quod
826 1169 951 1220 senatus
972 1170 1078 1221 contra

60 1262 103 1315 nn
120 1241 274 1318 publicam
290 1244 401 1302 lactum
414 1241 572 1317 iudicavit:
594 1245 632 1303 ab
651 1253 716 1304 utro
731 1246 833 1311 ‚laetae
851 1243 911 1303 sint
930 1243 1077 1304 incertum

60 1336 96 1387 st.
143 1327 187 1386 ne
203 1326 261 1385 hoc
273 1325 362 1399 igitur
375 1326 467 1384 latum
483 1334 529 1385 est
544 1334 577 1386 ut
601 1336 806 1401 quaereretur.
849 1327 893 1386 Ita
908 1336 937 1386 et
952 1335 1077 1388 senatus
1107 1364 1108 1371 ι

60 1427 124 1481 ιω,
149 1424 209 1468 non
230 1408 382 1468 hominem
398 1408 513 1468 notavit
527 1417 560 1469 ct·
569 1409 732 1484 Pompeius
748 1410 786 1469 de
801 1409 880 1482 iure,
899 1426 960 1469 non
978 1405 1017 1469 de
1033 1412 1047 1469 f
1064 1441 1075 1450 ·

60 1511 87 1553 ιο
108 1491 320 1566 quaestionem
335 1491 409 1550 tulit.
430 1492 492 1551 Xll.
508 1492 584 1553 Num
597 1493 670 1566 quid
685 1493 775 1568 igitur
787 1491 870 1552 aliud
886 1491 916 1551 in
931 1492 1077 1553 iudicium
1150 1563 1152 1567 ¹

60 1575 126 1635 enit
139 1575 197 1632 nisi
214 1583 279 1634 uter
293 1573 351 1633 utri
370 1574 498 1634 insidias
511 1575 637 1636 lecerit?
655 1577 794 1635 Profecto
806 1574 900 1633 nihil:
918 1576 943 1634 si
960 1575 1009 1635 laic
1024 1575 1076 1650 illi,

60 1667 68 1719 t
82 1673 127 1716 ne
143 1657 267 1730 impune
282 1658 335 1716 sit:
354 1657 379 1716 si
396 1659 445 1716 ille
459 1657 539 1728 huic,
558 1667 591 1718 ut
606 1659 723 1718 scelere
739 1660 902 1717 solvamur.

103 1739 158 1801 32.
183 1740 318 1812 Quonam
340 1739 429 1812 igitur
450 1747 539 1813 pacto
560 1740 684 1815 probari
707 1748 808 1813 potest
828 1738 956 1797 insidias
972 1724 1077 1800 Miloni
1162 1785 1165 1792 Δ

60 1824 157 1883 icisse
176 1823 334 1883 Clodium?
358 1822 438 1882 Satis
459 1832 506 1882 est
525 1820 555 1880 in
576 1823 626 1881 illa
646 1821 769 1902 quidem
789 1829 849 1880 tam
870 1820 994 1891 audaci,
1016 1831 1077 1882 tam

60 1906 159 1967 alania
179 1907 269 1966 belua
291 1907 416 1976 docere,
436 1921 574 1978 magnam
589 1906 617 1964 ei
631 1919 922 1977 causam,magnam
941 1920 1026 1977 spem
1046 1905 1077 1965 in

60 1990 168 2050 lilonis
185 1998 280 2050 morte
295 1987 496 2063 propositam,
517 2003 643 2062 magnas
663 1987 807 2047 utilitates
822 1987 927 2046 luisse.
970 1988 1077 2063 ltaque

59 2074 116 2134 lud
131 2073 326 2143 Cassianum,
349 2076 400 2131 cot
411 2072 483 2132 bono
494 2072 604 2145 fuerit,
624 2070 655 2131 in
670 2070 718 2128 his
734 2069 875 2144 personis
893 2071 1005 2143 valeat,
1020 2071 1078 2131 etsi

60 2156 115 2218 oni
125 2156 209 2215 nullo
223 2157 425 2224 emolumento
437 2154 630 2229 impelluntur
642 2153 673 2213 in
685 2154 830 2225 fraudem,
843 2153 973 2227 improbi
982 2169 1076 2227 saepe

60 2256 152 2300 arvo.
195 2237 289 2312 Atqui
303 2239 415 2296 Milone
437 2237 594 2298 interiecto
612 2237 735 2297 clodius
757 2237 815 2297 hoc
840 2236 1076 2309 adsequebatur,
1170 2244 1172 2248 ‘

60 2340 101 2384 on
120 2323 214 2381 modo
230 2331 262 2382 ut
277 2331 400 2395 praetor
415 2330 499 2381 esset
518 2308 580 2381 non
599 2337 636 2381 eo
649 2322 791 2392 consule,
813 2337 874 2393 quo
893 2319 1017 2378 sceleris
1034 2321 1047 2376 l
1065 2350 1077 2360 -

60 2423 113 2468 ere
131 2404 206 2463 nihil
222 2414 344 2479 posset,
366 2405 526 2464 sedetiam
545 2412 579 2465 ut
600 2403 637 2464 iis
655 2402 833 2469 consulibus
846 2411 968 2476 praetor
984 2410 1076 2476 esset,

60 2490 158 2552 uibus
186 2488 213 2546 si
241 2505 299 2547 non
322 2487 557 2561 adiuvantibus,
589 2497 620 2547 at
643 2485 876 2546 conniventibus
900 2493 981 2544 certe
1007 2501 1076 2559 spe·

60 2581 123 2634 iret
137 2587 232 2645 posse
246 2587 280 2630 se
297 2571 420 2630 eludere
435 2569 463 2629 in
480 2570 537 2631 illis
562 2570 627 2631 suis
650 2568 789 2643 cogitatis
805 2567 974 2628 furoribus:
991 2568 1077 2628 cuius

60 2657 79 2717 li
110 2662 256 2724 conatus,
284 2663 315 2713 ut
336 2655 403 2728 ipse
428 2654 678 2726 ratiocinabatur,
702 2670 768 2727 nec,
796 2654 822 2714 si
849 2659 1009 2726 cuperent,
1030 2667 1077 2710 re-

60 2740 176 2799 rimere
202 2745 343 2810 possent,
364 2752 456 2810 quum
469 2743 581 2795 tantum
597 2736 781 2815 ¹beneficium
795 2735 823 2796 ei
842 2752 875 2795 se
896 2736 1009 2793 debere
1031 2751 1077 2792 or-

60 2825 241 2891 itrarentur,
264 2827 307 2892 et,
337 2817 363 2878 si
388 2818 513 2889 vellent,
543 2821 673 2879 sortasse
698 2821 751 2878 vix
782 2826 910 2892 possent
938 2818 1079 2888 frangere

60 2903 178 2966 ominis
195 2901 420 2962 sceleratissimi
434 2900 658 2960 corroboratam
676 2902 735 2959 iam
748 2909 897 2960 vetustate
908 2897 1078 2957 audaciam.

60 2988 91 3050 3.
109 2989 159 3044 An
176 3002 264 3056 vero,
286 2985 419 3056 iudices,
435 3001 490 3044 vos
508 2983 566 3044 soli
580 2982 737 3058 ignoratis,
751 3000 808 3042 vos
819 2980 958 3054 hospites
977 2982 1005 3039 in
1020 2980 1078 3038 hac

60 3073 121 3130 rbe
144 3068 330 3127 versamini?
354 3075 473 3128 vestrae
497 3068 727 3140 peregrinantur
750 3079 841 3124 aures
857 3079 957 3136 neque
971 3064 1001 3121 in
1019 3062 1079 3122 lroc

60 3160 212 3224 arvagato
229 3151 357 3212 civitatis
373 3166 513 3211 sermone
531 3157 705 3220 versantur,
728 3146 868 3220 quasilla
885 3146 978 3219 leges,
994 3147 1021 3206 si
1036 3148 1078 3205 le·

60 3254 99 3296 es
113 3235 318 3294 nominandae
331 3243 402 3294 sunt
416 3249 452 3292 ac
463 3249 523 3290 non
537 3234 621 3290 laces
636 3230 736 3303 urbis,
758 3237 861 3310 pestes
873 3230 917 3288 rei
929 3231 1078 3305 publicae,

60 3321 137 3380 ierit
157 3317 353 3391 impositurus
375 3316 463 3375 nobis
485 3315 623 3375 omnibus
646 3322 737 3387 atque
753 3315 933 3376 inusturus‘t
952 3315 1077 3384 Exhibe,

60 3418 176 3478 paese,
189 3401 285 3479 *Sexte
298 3401 397 3474 clodi,
420 3398 529 3458 exhibe
541 3396 693 3457 librarium
704 3397 777 3456 illud
790 3394 889 3470 legum
901 3408 1077 3460 vestrarum.

1006 3640 1007 3643 Ἴ
1096 3584 1138 3632 Δ
