2356 3854
401 119 823 224 dAP.c-a.s·17-as..
985 102 991 119 ἱ
1037 161 1100 261 obl
1154 158 1156 163 ’

78 309 230 368 demens?
252 304 437 367 Detuisnet
455 337 498 351 -
527 306 646 367 tametsi
665 306 718 382 qui
744 309 840 383 magis
862 321 933 373 sunt
954 312 996 373 tui
1017 330 1108 388 quam

79 389 193 466 quibus
214 395 247 448 tu
267 390 393 448 salutem
412 373 638 463 insperantibus
657 391 837 453 reddidisti?
855 426 898 436 —
923 412 960 454 an
988 412 1027 456 ex
1049 394 1109 456 hoc

79 486 223 543 numero,
239 472 291 546 qui
305 474 365 530 una
379 479 478 530 tecum
493 472 634 531 inerunt?
652 472 717 532 Non
735 482 783 534 est
797 476 948 537 credibilis
963 486 1063 540 tantus
1078 479 1108 538 in

79 557 141 616 uilo
160 556 257 624 furor,
275 560 308 613 ut
322 554 477 628 quoduca
492 553 592 614 omnia
607 570 724 615 summa
739 556 778 615 sit
791 557 934 632 adeptus,
957 561 1046 621 buius
1064 559 1108 621 vi-

78 645 141 699 tam
155 653 216 697 non
233 645 396 715 anteponat
412 651 501 697 saner
524 653 561 695 an
578 637 604 695 si
619 636 690 696 nibil
706 636 746 696 tui
762 640 894 712 cogitant
909 642 1042 714 sceleris,
1058 659 1107 704 ca-

79 722 214 781 vendum
231 728 330 780 estne
346 717 567 793 quidinimicit¹
587 719 664 792 Qnit
683 735 790 780 omnes
808 721 896 795 cniin,
913 724 965 799 qui
979 726 1107 799 inerunt,

80 810 136 862 aut
152 819 210 862 sna
223 800 388 878 pertinacia
402 799 494 861 vitam
506 801 671 863 amiserunt
687 810 738 863 aut
751 810 803 863 tua
817 801 1025 867 misericordia
1037 804 1107 869 reti-

79 893 224 956 nuerunt,
243 892 277 945 ut
290 892 341 945 aut
355 883 428 943 nulii
443 883 597 958 supersint
611 884 648 943 de
664 883 793 944 inimicis
814 894 867 946 aut
880 889 932 962 qui
949 893 1107 963 superfue-

78 976 150 1030 runt
170 966 229 1027 sint
248 964 433 1027 amicissimi.
477 965 529 1026 22.
544 965 606 1026 Sed
621 975 720 1028 tamen
737 985 829 1042 quum
842 968 872 1028 in
888 970 995 1030 animis
1012 971 1106 1032 homi-

78 1054 152 1110 num
175 1057 274 1110 tantae
295 1049 428 1109 latebrae
451 1048 511 1110 sint
530 1056 560 1109 et
581 1050 654 1109 tanti
668 1066 828 1123 recessus,
852 1069 1017 1127 augeamus
1032 1069 1108 1124 sane

79 1132 286 1206 suspicionem
299 1140 396 1197 tuam:
412 1129 500 1190 simul
518 1131 595 1191 enim
610 1132 788 1207 augebimus
804 1134 997 1209 diligentiam.
1033 1136 1107 1195 Nam

79 1215 152 1291 quis
167 1223 214 1277 est
226 1214 358 1276 omnium
373 1221 434 1273 tam
448 1213 570 1288 ignarus
584 1231 693 1291 rerum,
709 1225 768 1277 tam
783 1216 868 1276 rudis
881 1217 911 1276 in
926 1235 959 1278 re
975 1217 1105 1293 publica,

79 1307 144 1358 tam
161 1295 232 1357 nihii
250 1313 393 1371 umquam
412 1312 471 1355 nec
487 1297 525 1356 de
542 1314 597 1357 sua
611 1314 668 1358 nec
691 1300 729 1359 de
745 1298 895 1359 communi
910 1303 1007 1362 sainte
1025 1299 1106 1374 cogi·

78 1387 150 1440 tans
165 1378 216 1453 qui
228 1397 289 1441 non
303 1379 447 1453 intelligat
463 1388 514 1439 tun
529 1382 625 1442 salute
644 1382 791 1445 contineri
814 1399 900 1442 suam
916 1390 1000 1451 etex
1015 1385 1105 1444 unius

77 1469 132 1523 tua
146 1461 207 1522 vita
220 1463 354 1538 pendere
370 1464 523 1522 omniumr
536 1463 685 1538 Equidem
700 1466 739 1525 de
754 1475 783 1526 te
798 1465 864 1525 dies
881 1475 1058 1542 noctesque,
1074 1473 1106 1527 ut

78 1545 189 1617 debeo,
205 1547 343 1619 cogitans
354 1562 446 1606 casus
458 1547 613 1607 dumtaxat
624 1547 772 1608 humanos
787 1557 817 1607 et
831 1548 965 1610 incertos
977 1557 1105 1608 eventus

77 1627 259 1691 valetudinis
276 1637 306 1689 et
322 1637 447 1688 naturae
462 1629 629 1688 communis
645 1630 832 1705 fragilitatem
848 1624 1030 1702 extimesco,
1052 1631 1105 1690 do-

77 1711 206 1785 leoque,
227 1727 320 1786 quum
341 1728 392 1770 res
413 1711 535 1785 publica
552 1710 734 1770 immortalis
749 1727 819 1771 esse
835 1712 959 1781 debeat,
988 1728 1054 1770 eant
1075 1711 1105 1770 in

76 1792 169 1854 unius
190 1794 324 1854 mortalis
345 1793 445 1852 anima
468 1793 646 1852 consistere.
689 1791 741 1852 ιδ.
759 1792 792 1851 Si
815 1808 887 1852 vcro
900 1793 940 1851 ad
956 1793 1105 1852 humanos

78 1887 171 1947 casus
192 1875 386 1951 incertosque
406 1884 506 1935 motus
527 1874 708 1934 valetudinis
730 1874 855 1934 sceleris
878 1873 967 1933 etiam
988 1875 1106 1935 accedit

76 1957 317 2034 insidiarumque
331 1957 509 2028 consensio,
534 1973 623 2031 quem
639 1958 745 2030 deum,
762 1955 789 2017 si
804 1956 913 2033 cupiat,
929 1973 1025 2033 posse
1041 1959 1104 2032 opi·

76 2041 227 2109 tularirei
240 2041 379 2117 publicae
395 2041 574 2108 credamus?
1040 2080 1045 2101 ‚

139 2122 219 2183 Vlll.
241 2125 347 2185 Omnia
364 2132 434 2184 sunt
448 2124 608 2184 excitanda
623 2121 691 2195 tibi,
707 2123 738 2182 C.
754 2123 874 2196 Caesar,
891 2123 952 2197 uni,
968 2141 1047 2199 quae
1059 2124 1105 2184 ia-

75 2221 148 2269 cere
166 2207 274 2279 sontis,
290 2208 360 2267 belli
374 2207 472 2282 ipsius
487 2207 609 2281 impetu,
622 2206 710 2280 quod
729 2222 858 2266 necesse
873 2207 937 2279 tuit,
954 2216 1106 2281 prostrata

77 2298 171 2364 atque
186 2292 341 2364 perculsa:
363 2289 575 2350 constituenda
591 2288 717 2361 iudicia,
735 2290 908 2349 revocanda
920 2289 1007 2366 fides,
1022 2305 1104 2349 com·

77 2373 256 2446 primendae
275 2373 431 2447 libidines,
452 2372 651 2448 propaganda
670 2372 811 2445 suboles,
834 2371 951 2446 omnia,
966 2387 1046 2447 quae
1061 2371 1106 2431 di-

76 2456 165 2530 lapsa
180 2455 237 2515 iam
252 2454 465 2530 distinxerunt,
483 2456 599 2517 severis
616 2453 734 2530 tegibus
749 2453 913 2515 vincienda
932 2462 1013 2516 sunt.
1056 2452 1106 2516 24.

75 2537 144 2599 Non
160 2537 215 2598 init
229 2540 432 2599 recusandum
446 2538 476 2597 in
490 2547 573 2599 tanto
589 2537 669 2598 civili
684 2538 764 2598 bello
779 2545 925 2613 tantoque
939 2539 1104 2618 animorum

75 2621 187 2680 ardore
194 2629 379 2682 etanmorum
388 2621 458 2696 quin
473 2631 617 2699 quassata
632 2621 825 2697 respublica,
840 2620 1024 2697 quicumque
1036 2621 1107 2681 belli

76 2712 206 2769 eventus
232 2706 354 2776 suisset,
383 2705 474 2764 multa
494 2704 635 2778 perderet
659 2713 688 2766 et
705 2713 881 2766 ornamenta
901 2703 1054 2779 dignitatis
1077 2710 1107 2762 et

75 2786 233 2861 praesidia
250 2786 420 2848 stabilitatis
436 2802 525 2858 suaa,
538 2788 692 2861 multaque
709 2796 837 2862 uterque
851 2789 914 2846 dux
932 2788 1046 2846 iaceret
1059 2801 1106 2841 ar·

75 2878 191 2940 matus,
214 2887 293 2944 quae
309 2869 389 2929 idem
406 2877 526 2944 togatus
541 2869 607 2929 fleri
620 2869 839 2943 prohibuisset.
884 2868 968 2941 Quae
983 2866 1106 2940 quidem

75 2951 130 3012 tibi
150 2968 232 3017 nunc
253 2951 353 3014 omnia
371 2952 443 3012 beili
457 2952 582 3012 vulnera
595 2952 733 3011 sananda
747 2961 832 3023 sunt,
855 2951 965 3024 quibus
987 2956 1107 3023 praeter
1152 3022 1157 3039 ι

75 3042 106 3094 te
126 3051 217 3095 nemo
237 3035 352 3096 mederi
367 3042 476 3109 potest.
518 3033 569 3094 25.
584 3035 689 3109 Itaque
703 3029 784 3093 illam
799 3037 879 3094 tuam
899 3029 1105 3106 praeclarissi-

75 3133 158 3177 mam
179 3125 211 3178 et
224 3112 478 3193 sapientissimam
500 3132 607 3176 vocem
623 3116 734 3175 invitus
751 3115 871 3176 audivit
896 3114 976 3176 Satis
991 3115 1042 3173 diu
1058 3115 1105 3174 vel

76 3209 204 3260 naturae
223 3200 286 3261 vixi
308 3202 356 3260 vel
378 3192 502 3274 gloriae.
545 3197 641 3271 Satis,
658 3199 685 3258 si
699 3197 811 3270 itavis,
827 3203 951 3259 naturae
965 3197 1104 3269 fortasse,

76 3284 158 3344 addo
177 3284 282 3356 etiam,
304 3282 331 3344 si
347 3285 461 3357 piacet,
483 3281 613 3357 gloriae:
628 3290 672 3352 at,
688 3282 773 3355 quod
793 3279 956 3340 maximum
972 3288 1033 3352 est,
1053 3296 1105 3354 pa-

75 3365 151 3427 triae
167 3375 247 3427 certe
264 3383 379 3443 parum.
423 3365 488 3438 Qua
503 3380 537 3424 ra
552 3363 654 3425 omitte
673 3364 775 3437 istam,
797 3378 930 3438 quaeso,
947 3364 1106 3425 doctorum

1095 3577 1144 3632 ‘A
