2356 3854
91 235 92 238 γ
137 164 208 235 aso
438 169 512 231 nno
527 170 560 229 P.
575 168 709 230 susam
726 167 878 229 oanno.

136 341 248 401 meque
263 321 396 398 optabile
411 319 552 383 omnibus
567 318 651 383 sanis
665 326 696 381 et
707 317 799 380 bonis
814 326 845 379 et
857 319 973 396 beatis,
989 337 1059 383 cum
1072 321 1158 399 digni·

135 416 197 471 tate
212 407 321 468 ocium.
350 406 416 465 lloc
434 403 621 480 quivolunt,
640 419 746 464 omnes
762 402 941 478 optimates:
958 404 1012 480 qui
1027 405 1158 480 elliciuut,

137 490 246 553 summi
260 489 317 550 viri
331 497 362 550 et
377 494 611 558 conservatores
626 484 755 562 civitatis
771 493 924 561 putantur.
965 487 1075 563 Neque
1090 489 1154 550 enim

135 591 236 636 rerum
252 573 453 648 gerendarum
469 569 614 646 dignitate
631 568 770 629 homines
785 568 887 629 efferri
903 568 946 630 ita
960 573 1153 646 convenient

15 687 19 693 ·
136 659 204 719 ocio
226 673 288 716 non
309 652 510 731 p'rospiciant,
537 660 643 729 neque
659 654 752 712 ullum
771 653 941 727 amplexari
962 654 1065 716 ocium
1087 656 1152 731 quot

136 740 296 801 abhorreat
310 756 329 798 a
343 738 496 813 dignitate.
526 737 629 797 XLVI.
647 735 859 796 Huiusautem
874 736 1004 799 ociosae
1018 736 1152 813 dignitatis

135 824 212 884 haec
224 824 418 882 fundamenta
430 828 509 893 sunt,
521 820 598 880 haec
608 820 751 892 membra,
764 835 844 895 quae
856 822 971 881 tuenda
978 822 1151 898 principibus

44 900 47 909 ’
136 917 166 968 et
177 909 226 967 vel
242 904 351 981 capitis
367 903 503 980 periculo
516 903 709 963 defendenda
721 910 805 963 sunt=
821 903 1005 980 religiones,
1024 903 1148 981 auspicia,

134 998 302 1066 potestates
317 987 560 1063 magistratuum,
578 995 701 1046 senatus
714 985 894 1059 auctoritas,
907 988 1014 1063 leges,
1029 1004 1147 1051 mosne·

135 1074 247 1145 iorum,
262 1071 387 1143 iudicia,
408 1069 482 1130 iuris
498 1069 605 1142 dictio,
621 1070 713 1140 fides,
730 1069 929 1144 provinciae,¹
942 1071 1040 1144 socii,
1054 1068 1144 1147 imperii
1173 1115 1176 1139 .,

134 1158 217 1230 laus,
243 1172 293 1215 res
315 1152 465 1224 militaris,
489 1152 648 1212 aerarium.
693 1150 745 1212 99.
766 1153 879 1213 Harum
899 1171 1006 1216 rerum
1020 1163 1142 1227 totttqne

134 1248 283 1300 tantarum
308 1252 379 1296 esse
405 1237 597 1296 defensorem
622 1244 652 1296 et
678 1244 840 1311 patronum
863 1238 967 1312 magni
997 1238 1084 1309 animi
1101 1242 1140 1305 cst
1167 1279 1178 1315 ·.

135 1321 238 1396 magni
255 1318 368 1395 ingenii
388 1335 576 1394 magnaeque
598 1319 797 1380 constantiae.
837 1319 957 1381 Etenim
975 1321 1006 1381 in
1028 1329 1100 1382 tauto
1113 1318 1138 1377 ci·
1171 1381 1178 1396 .

134 1404 218 1465 vium
238 1417 363 1463 numero
385 1418 493 1475 magna
516 1401 673 1463 multitudo
691 1410 739 1462 est
754 1418 874 1475 eorum,
900 1403 954 1478 qui
973 1414 1028 1468 aut
1045 1412 1138 1480 propte
1164 1465 1178 1482 Η

134 1497 247 1548 metum
262 1501 382 1562 poenae
397 1493 591 1560 peccatorum
603 1501 727 1546 suorum
739 1485 856 1546 conscii
867 1502 969 1548 novos
982 1497 1080 1549 motus
1091 1501 1136 1545 cor·
1171 1539 1178 1565 ¹

53 1612 57 1621 -
134 1571 357 1645 versionesque
373 1568 418 1627 rei
436 1567 576 1643 publicae
591 1577 753 1643 quaerant,
770 1577 823 1629 aut
837 1568 888 1644 qui
906 1580 1036 1647 propter
1047 1569 1135 1631 insitu

136 1655 298 1730 quemdam
317 1650 407 1713 animi
429 1654 561 1713 furorem
581 1652 744 1712 discordiis
765 1651 877 1712 civium
892 1657 930 1714 ac
947 1654 1092 1716 seditione
1105 1652 1140 1726 pt*

136 1746 273 1811 scantur,
299 1744 351 1797 aut
372 1733 424 1811 qui
446 1743 570 1811 propter
588 1735 822 1809 implicationem
842 1735 887 1796 rei
909 1737 1066 1798 familiaris
1083 1749 1135 1796 cott-
1164 1805 1178 1810 .

135 1821 217 1882 muni
231 1819 372 1880 incendio
388 1819 492 1895 malint
506 1836 597 1894 quarn
612 1836 668 1878 suo
681 1817 860 1894 deflagrare.
889 1820 948 1893 Qui
960 1839 1055 1897 quum
1064 1824 1147 1897 enac·
1161 1822 1163 1831 '

135 1921 186 1964 res
203 1911 320 1964 suntet
340 1904 435 1964 duces
450 1918 578 1963 suorum
600 1901 769 1962 studiorum
791 1901 998 1980 vitiorumque
1018 1897 1135 1974 naemu

134 2004 168 2046 re
180 1989 302 2061 publica
313 1985 424 2047 fluctus
438 1986 615 2058 excitantur,
630 1993 661 2045 ut
672 1983 858 2060 vigilandum
871 1986 911 2047 sit
921 1986 971 2060 iis,
984 1989 1035 2062 qui
1046 1985 1137 2057 sitin

134 2071 299 2130 bernacula
314 2069 428 2143 patriae
443 2070 699 2143 depoposcerunt,
719 2067 957 2144 enitendumque
973 2069 1056 2131 omni
1068 2067 1135 2130 scin

134 2153 177 2213 tia
193 2169 230 2212 ac
251 2152 419 2226 diligentia,
446 2160 479 2211 ut
500 2151 691 2213 conservatis
712 2150 766 2224 iis,
793 2169 872 2228 quae
894 2169 952 2228 ego
975 2154 1076 2230 paullo
1091 2155 1134 2210 ult
1160 2195 1174 2235 ·.

135 2237 331 2296 fundamenta
347 2251 383 2294 ac
402 2235 537 2293 membra
553 2251 623 2294 esse
639 2233 717 2309 dixi,
738 2239 841 2296 tenere'
860 2252 986 2310 cursum
1004 2234 1135 2312 possint

136 2336 246 2394 capere
262 2318 321 2399 ocii
336 2318 419 2378 illum
437 2326 556 2392 portum
572 2325 602 2377 et
616 2317 779 2392 dignitatis.
810 2318 881 2381 100.
902 2321 991 2381 Hanc
1005 2336 1063 2395 ego
1076 2316 1132 2379 vittt
1160 2342 1173 2399 ς

134 2401 267 2476 iudices,
285 2402 312 2463 si
327 2411 379 2462 aut
392 2417 533 2475 asperam
547 2409 639 2476 atque
655 2401 781 2461 arduam
795 2411 849 2464 aut
861 2404 986 2478 plenam
1000 2418 1071 2465 esse
1084 2392 1136 2477 μέν
1161 2443 1169 2483 :-

135 2486 271 2545 culorum
287 2494 339 2545 aut
359 2484 536 2545 insidiarum
559 2500 684 2559 negem,
707 2487 849 2559 utendar,
870 2487 1054 2561 praesertim
1072 2493 1135 2559 quun
1161 2492 1165 2541 ·.

134 2552 167 2626 id
180 2569 347 2663 non‘modo
360 2568 558 2628 intellexerim
574 2584 704 2642 semper,
720 2569 879 2630 sedetiam
895 2580 1020 2648 praeter
1031 2574 1135 2631 caeso

136 2665 292 2712 sensenm.
1163 2698 1171 2709 .

217 2734 334 2792 XLVll.
354 2732 529 2803 Maioribus·
545 2733 706 2810 praesidiis
729 2743 760 2797 et
779 2735 877 2811 copiis
901 2741 1136 2812 oppugnatum

134 2817 256 2892 publica
272 2833 363 2892 quam
379 2816 564 2891 defenditur,
586 2825 749 2895 propterea
770 2821 855 2893 quod
876 2819 1015 2881 audaces
1030 2814 1136 2882 nomm

134 2908 165 2963 et
184 2899 295 2975 perditi
316 2909 390 2961 nutu
409 2899 604 2976 impelluntur
619 2910 650 2962 et
668 2901 728 2977 ipsi
750 2902 841 2963 etiam
861 2909 975 2977 sponte
991 2921 1050 2966 sua
1064 2904 1137 2963 cod¹
1175 2955 1178 2970 2

133 3000 199 3045 rem
220 2983 375 3060 publicam
395 2984 569 3045 incitantum
597 2984 671 3045 boni
690 2984 796 3047 nescio
820 2988 997 3060 quomodo
1020 2984 1137 3071 tardior·t
1166 3026 1171 3043 .

135 3077 249 3129 suntet
263 3067 421 3144 principiis
436 3085 537 3128 rerum
551 3069 698 3144 neglectis
713 3070 753 3129 ad
767 3078 936 3131 extremum
951 3069 1026 3146 ipsa
1039 3066 1138 3138 (leitilue

134 3151 317 3212 necessitate
336 3151 520 3227 excitantur,
546 3153 587 3213 ita
607 3160 716 3213 utnon
737 3169 902 3229 numquam
921 3154 1140 3216 cunctatione
1168 3146 1171 3153 ’

134 3233 286 3306 tarditate,
314 3235 387 3296 durn
407 3234 507 3296 ocium
529 3236 635 3297 volunt
654 3235 744 3296 etiam
769 3235 837 3297 sine
857 3235 1006 3313 dignitate
1031 3236 1140 3298 munde

134 3311 195 3386 ipsi
215 3323 376 3390 utrumque
395 3319 538 3379 amittant.
581 3317 651 3381 101.
674 3319 921 3395 Propugnatores
940 3317 1141 3390 autemreipl·
1172 3350 1174 3359 =

134 3392 232 3456 blieae
254 3397 305 3473 qui
325 3415 397 3459 esse
411 3403 588 3474 romanaet,
611 3400 639 3461 si
658 3402 791 3463 leviores
811 3410 898 3489 sunt,
922 3388 1142 3466 demiserunt
1173 3388 1176 3405 ¹
