2356 3854
112 171 176 235 452
272 175 308 234 ΙΝ
321 174 361 233 Μ.
376 169 575 233 ANTONIUM
589 168 729 231 ORATIO
741 168 963 255 i’HILlPPlCA
977 169 1013 228 11.

115 327 211 405 quiin
226 325 428 395 Dolabellam,
447 339 485 382 an
502 319 662 395 impurior,
680 319 731 393 qui
747 328 832 393 patre
847 319 1013 392 audiente,
1029 336 1064 380 an
1077 336 1131 380 cru·

115 411 225 477 delion
242 407 293 482 qui
309 406 338 465 in
354 407 434 466 illam
451 405 592 464 miseram
608 412 667 463 tam
681 418 807 477 spurce,
827 411 893 462 tam
910 404 1007 478 impie
1018 403 1133 464 dixerint

113 492 244 555 XXXIX.
260 489 330 551 100.
343 489 405 549 Sed
416 489 456 548 ad
467 486 668 560 chirographa
678 485 849 545 redeamus.
874 486 964 559 Quae
975 496 1028 547 tua
1040 488 1134 547 luitco·

115 575 231 651 gnltiol
244 577 321 634 Acta
332 571 412 632 enim
428 570 567 632 caesaris
585 568 669 644 pacis
685 584 779 628 causa
790 570 982 631 confirmata
996 577 1154 630 suntase.

114 667 202 718 natu:
216 672 294 732 quae
308 655 430 730 quidem
442 654 554 733 Caesar
565 652 688 727 chssct,
701 666 761 732 non
773 667 820 724 ea,
832 668 919 726 quae
932 653 1040 728 egisse
1046 654 1137 714 caesa·

114 758 179 801 rem
191 738 321 800 dixisset
330 739 490 799 Antonius.
506 737 594 797 Unde
605 737 663 794 ista
674 741 858 809 erumpunt?
871 750 939 810 quo
952 746 1138 813 anctorepro

116 826 271 884 lerunturt
292 822 325 882 Si
338 831 408 881 sunt
423 823 508 892 laisa,
523 835 576 878 cur
588 819 774 892 probantur?
791 817 817 877 si
831 834 920 890 vera,
935 834 995 879 cur
1008 826 1139 881 veneunt!
1155 876 1158 881 .

114 910 155 967 At
175 908 220 967 sic
235 908 391 980 placuerat
405 912 438 964 nt
452 920 491 962 ex
504 901 651 961 Kalendis
665 901 757 961 Iuniis
772 901 812 961 de
826 899 983 963 Caesaris
999 905 1072 964 actis
1085 918 1138 965 cun

117 988 244 1050 consilio
261 986 500 1062 cognosceretis.
530 985 617 1059 Quod
633 985 687 1044 luit
701 983 886 1044 consilium?
902 1003 1004 1061 quem
1016 1002 1138 1062 umquam

115 1072 295 1132 advocasti?
305 1070 544 1144 qnasKalendas
556 1067 657 1126 Iunias
665 1067 878 1141 exspectasti?
889 1085 931 1128 an
946 1087 1023 1143 eas,
1036 1072 1137 1144 adunas

115 1164 145 1216 te
168 1154 336 1228 peragratis
351 1161 563 1213 veteranorum
575 1150 703 1210 coloniis
722 1150 867 1224 stipatum
881 1153 985 1214 armis
1001 1151 1137 1215 rettulistil

178 1237 201 1296 0
222 1239 407 1310 praeclaram
429 1236 508 1294 illam
528 1234 788 1308 percursationem
813 1241 900 1293 tuam
928 1252 1043 1297 mense
1062 1232 1137 1311 Aprili

116 1329 207 1394 atque
221 1319 315 1388 Maio,
337 1326 414 1389 tum,
443 1334 535 1392 quum
557 1316 646 1376 etiarn
668 1316 799 1390 Capuam
822 1318 987 1380 coloniam
1010 1321 1138 1380 deducere

108 1410 245 1461 conatus
263 1409 314 1459 es!
336 1401 429 1474 Quem
448 1402 485 1459 ad
502 1401 624 1459 modurn
639 1401 720 1459 illinc
735 1400 846 1459 abieris
864 1403 917 1460 vel
938 1404 1046 1477 potius
1063 1417 1137 1477 paene

116 1501 176 1544 non
205 1483 317 1543 abieris
344 1484 467 1542 scimus.
512 1481 581 1543 101.
611 1482 717 1542 Cuitu
737 1484 803 1543 urbi
825 1484 996 1546 minitaris.
1041 1486 1137 1565 Utinam

116 1581 241 1638 canere,
264 1565 476 1639 utaliquando
498 1564 572 1625 illud
591 1582 688 1641 poene
707 1568 842 1627 tollatur!
869 1569 911 1627 At
938 1586 1035 1645 quarn
1050 1568 1135 1630 nobilia

116 1661 164 1711 est
183 1659 234 1711 tua
255 1649 305 1709 illa
322 1648 538 1724 peregrinatio!
562 1649 640 1722 Quid
656 1649 852 1723 prandiorum
869 1662 1063 1727 apparatus,
1085 1650 1137 1728 qult

115 1728 261 1794 lu'riosam
281 1733 474 1793 vinolentiam
501 1740 581 1792 tuam
603 1734 777 1807 proferam?
803 1735 870 1795 Tua
890 1734 957 1796 ista
979 1737 1138 1799 detrimento

116 1825 201 1877 sunta
223 1816 275 1875 illa
289 1824 402 1876 nostra.
430 1820 545 1889 Agrum
560 1815 759 1891 Campanum,
782 1816 834 1889 qui
851 1834 953 1890 quum
969 1821 1011 1880 de
1027 1819 1137 1894 veruga

116 1899 195 1958 libus
211 1899 414 1971 eximebatur,
427 1907 460 1958 ut
474 1897 617 1958 militibus
632 1900 767 1970 daretur,
784 1907 886 1961 tamen
900 1901 1007 1978 infligi
1019 1916 1137 1978 magnum

114 1983 160 2041 rei
186 1982 327 2056 publicae
352 1985 460 2042 vulnus
490 1982 686 2055 putabamus,
713 1983 792 2041 lrunc
817 1991 851 2043 ln
877 1986 1137 2061 compransoribus

115 2066 174 2123 tuis
193 2072 222 2123 et
237 2065 441 2125 collusoribus
456 2062 625 2124 dividebas.
648 2066 756 2124 Mimos
772 2066 840 2126 dico
857 2074 888 2126 ct
904 2069 1037 2143 mimas,
1056 2079 1136 2145 patra

116 2148 295 2220 conscripti,
320 2149 350 2205 ln
376 2164 449 2221 agro
469 2148 621 2221 Campano
650 2148 825 2208 collocatos.
856 2150 939 2222 Quid
961 2151 1028 2213 iam
1050 2165 1137 2228 querar

116 2229 154 2287 de
186 2245 260 2304 agro
288 2230 458 2290 Leontinos
493 2232 635 2304 quoniam
663 2228 865 2306 quidem'haa
901 2237 1065 2308 quondam
1090 2251 1137 2294 ara·

115 2312 213 2373 tiones
236 2313 390 2388 Campana
411 2323 440 2373 et
462 2313 609 2373 Leontina
628 2313 658 2373 in
684 2312 790 2388 populi
809 2315 946 2376 Romani
972 2318 1137 2394 patrimonio
1168 2386 1170 2391 ,

114 2395 223 2466 grandi
244 2398 348 2455 lenore
372 2405 402 2455 et
422 2397 596 2457 fructuosae
618 2398 800 2457 serebantur.
844 2397 976 2461 Medico
999 2404 1058 2463 tria
1077 2402 1139 2461 milia

114 2475 267 2546 iugerum=
291 2477 380 2552 quid,
400 2478 427 2537 si
447 2487 477 2538 te
498 2487 658 2540 sanasset?
677 2479 789 2539 rhetori
804 2480 883 2553 duo,
912 2483 1008 2558 quid,
1032 2486 1058 2547 si
1071 2482 1139 2547 tedi-

115 2566 228 2618 sertum
249 2561 350 2618 lacere
370 2561 542 2633 potuissctt
563 2562 625 2622 Sed
644 2563 684 2622 ad
705 2564 761 2622 iter
775 2564 959 2641 italiamque
983 2570 1139 2630 redeamus.

114 2639 174 2700 XL.
206 2640 274 2701 102.
296 2640 455 2703 Deduxisti
477 2644 627 2704 coloniam
650 2646 830 2719 casilinum,
859 2666 925 2720 quo
949 2651 1068 2714 Caesar
1086 2658 1141 2711 anto

116 2722 294 2783 deduxerat.
328 2724 513 2785 consuluisti
528 2745 576 2787 me
591 2745 646 2802 per
659 2728 773 2789 litteras
790 2731 829 2788 de
846 2729 957 2806 Capua
972 2744 1009 2796 tu
1026 2736 1141 2812 quidem,

115 2805 171 2865 sed
192 2805 271 2866 idem
293 2806 333 2865 de
347 2807 478 2868 Casilino
496 2811 742 2884 respondissem:
765 2829 940 2888 possesne,
963 2820 1021 2879 ubi
1038 2818 1141 2880 colonia

114 2898 210 2961 essct,
235 2905 272 2951 eo
294 2891 445 2951 coloniam
465 2910 575 2952 novam
594 2894 660 2954 iure
683 2896 845 2955 deducere.
890 2899 1018 2975 Negavi
1038 2903 1069 2964 in
1087 2916 1140 2961 cnm

114 2972 280 3046 coloniam,
302 2991 381 3048 quac
403 2984 485 3035 essct
500 2978 658 3050 auspicato
674 2978 821 3053 deducta,
844 2980 920 3042 dum
935 2995 1029 3047 esset
1040 2986 1139 3046 incolo·

114 3051 186 3126 miS,
212 3054 362 3116 coloniam
384 3075 494 3118 novam
514 3058 578 3118 iure
599 3060 723 3121 deduci:
757 3063 887 3124 colonos
910 3083 1019 3130 novos
1046 3064 1136 3131 ascribi

116 3148 209 3221 posse
220 3137 374 3213 rescripsi.
390 3142 433 3200 Tu
445 3150 544 3202 autem
556 3142 718 3205 insolentia
728 3146 825 3206 alatus
840 3149 926 3209 omni
941 3154 1136 3228 auspiciorum

115 3225 183 3306 rure·
200 3219 318 3279 turbato
332 3222 495 3283 Casilinum
516 3226 665 3286 coloniam
687 3228 858 3302 deduxisti,
880 3249 945 3307 quo
964 3245 1035 3297 erat
1048 3232 1137 3312 paucis

115 3303 202 3351 annis
217 3309 286 3358 ante
302 3303 448 3378 deducta,
463 3315 496 3366 ut
509 3307 650 3368 vexillum
666 3312 803 3382 tolleres,
821 3322 853 3374 ut
870 3325 1014 3378 aratrum
1030 3321 1138 3380 circuu-

116 3367 260 3434 duceres=
298 3384 384 3445 cuius
416 3388 539 3461 quidem
573 3407 698 3453 vomere
733 3403 853 3468 portam
885 3388 1038 3477 'capuae
1053 3412 1137 3478 pacto
