2356 3854
338 179 341 182 ’
373 195 602 258 carna-ao
623 200 648 260 ι
665 192 810 260 ιιι-σι
884 248 885 252 .
1037 198 1101 263 267

74 364 166 408 unum
189 345 271 408 illum
296 345 471 430 labefactari
494 345 688 404 viderentur?
731 345 782 406 63
803 349 907 421 Atque
926 347 1013 406 etiam
1038 349 1098 408 hoc
1153 414 1157 419 g

72 431 210 490 videbat.
240 416 383 503 quoniam
403 429 480 487 itta
473 446 501 486 m
522 426 693 502 republica
713 429 829 487 macula
850 429 935 504 regni
956 431 1098 505 publicati

73 516 227 584 maneret,
240 528 330 586 quam
345 528 433 570 nemo
450 510 508 569 iam
521 518 628 585 posset
642 513 758 581 eluere,
775 513 856 584 quod
871 529 909 571 ex
923 513 1010 572 malis
1025 514 1097 573 boni

74 603 180 670 posset
194 594 223 653 in
238 610 301 653 rem
315 594 466 668 publicam
482 593 653 667 pervenire,
672 593 701 651 id
715 593 816 653 utilius
827 610 899 654 esse
915 612 969 669 per
980 611 1014 654 se
1026 611 1097 655 con·

74 676 188 739 servari
205 693 294 752 quam
310 693 364 750 per
380 676 466 735 alios.
509 680 610 749 Atque
624 675 674 734 ille
689 674 777 734 etiam
793 674 820 734 si
834 677 891 735 alla
907 678 1049 751 quapiam
1066 680 1104 737 vi'

73 761 278 834 expelleretur
291 758 350 817 illis
370 758 558 832 temporibus
578 775 616 816 ex
636 757 693 816 bac
714 757 803 827 urbe,
828 759 916 818 lacile
934 761 1096 833 pateretur.
1163 812 1166 818 .

70 841 188 904 Etenim
203 841 256 916 qrri
273 843 431 915 superiore
446 857 525 900 anno
541 849 648 899 senatu
663 839 826 910 caruisset,
849 857 909 914 quo
928 843 953 899 si
968 850 1031 900 tum
1047 860 1096 901 ve-

70 927 162 997 niret,
188 941 236 984 me
260 932 359 984 tamen
382 924 498 984 socium
520 940 644 982 suorum
658 923 686 981 in
702 939 736 981 re
759 922 881 994 publica
901 923 1097 983 consiliorum

70 1009 176 1068 videre
190 1017 304 1081 posset,
317 1007 344 1066 is
355 1023 454 1081 aequo
467 1007 566 1065 animo
579 1012 697 1065 tumme
709 1005 839 1078 expulso
854 1014 884 1066 et
894 1022 962 1065 meo
975 1006 1096 1066 nomine

70 1107 164 1166 quum
179 1088 333 1149 universo
343 1097 450 1151 senatu
465 1098 527 1148 tum
544 1087 692 1148 sententia
707 1103 763 1147 sua
778 1089 978 1148 condemnata
993 1089 1023 1147 in
1038 1088 1096 1148 hac
1151 1135 1154 1143 .

70 1175 145 1234 nrbe
165 1187 238 1232 esse
259 1179 385 1246 posset?
411 1171 464 1231 llle
484 1187 556 1232 vero
578 1171 675 1233 eidem
691 1171 818 1244 tempori
841 1172 890 1231 cui
916 1187 989 1242 nos,
1016 1172 1096 1231 eius·

70 1257 139 1316 bem
152 1251 407 1315 lurorietiisdem
420 1254 611 1325 oonsulibus,
626 1253 734 1313 iisdem
745 1252 850 1328 miniS,
864 1254 997 1326 insidiis,
1016 1253 1095 1329 peri·

70 1338 148 1398 crulls
168 1338 272 1408 cessit.
312 1337 438 1396 Luctum
456 1355 512 1397 nos
529 1298 685 1396 hausimus
705 1337 871 1471 maiorem,
888 1338 1024 1397 dolorem
1045 1337 1095 1397 ille

70 1420 162 1480 animi
181 1436 240 1480 non
256 1419 411 1479 minorem.
1138 1490 1142 1503 ,

153 1504 242 1576 XXX,
255 1501 306 1564 64.
321 1503 375 1563 His
388 1504 426 1562 de
437 1512 480 1565 tot
490 1501 642 1577 tantisque
654 1519 770 1563 mrurus
781 1520 811 1561 m
826 1501 937 1574 socios,
953 1520 983 1562 m
995 1503 1097 1577 reges,
1164 1549 1168 1558 .

70 1587 96 1648 in
121 1586 260 1646 civitates
281 1585 391 1645 liberas
410 1587 568 1646 consulum
588 1586 712 1660 querela
735 1601 805 1644 esse
834 1585 950 1644 debuit:
975 1585 1006 1644 in
1028 1585 1094 1644 eius

70 1664 264 1744 magistratus
282 1670 373 1732 tutela
389 1684 478 1742 reges
494 1677 585 1741 atque
603 1676 724 1727 exterae
741 1666 878 1726 nationes
896 1684 1016 1741 semper
1031 1669 1094 1726 lue-

70 1761 147 1815 runt.
176 1752 299 1826 Ecquae
312 1767 372 1811 vox
383 1767 527 1825 umquam
538 1759 585 1810 est
599 1749 700 1809 audita
714 1749 895 1808 consulum?
912 1765 1094 1823 quamquam

70 1836 141 1912 quis
155 1835 288 1906 audiret,
308 1834 334 1894 si
349 1833 478 1893 maxime
495 1833 579 1907 quer-i
593 1832 725 1891 vellentt
743 1832 789 1889 De
805 1830 916 1907 Cyprio
934 1847 1006 1905 rege
1021 1848 1094 1905 que-

70 1924 228 1980 rerentur?
254 1917 305 1992 qui
325 1932 372 1975 me
387 1916 484 1977 civem
500 1915 580 1975 nullo
597 1930 664 1973 meo
680 1912 819 1986 crimine,
845 1913 959 1987 patriae
974 1915 1095 1974 nominc

70 2003 256 2062 laborantem
282 2016 342 2061 non
369 2000 460 2059 modo
486 2006 614 2059 stantem
641 2013 702 2056 non
730 1996 943 2069 delendorum,
972 1998 1028 2057 sed
1055 2013 1094 2056 ne

69 2087 217 2145 iacentem
239 2083 360 2157 quidem
381 2087 598 2156 protexerunt?
629 2080 801 2150 Cesseram,
829 2080 855 2140 sl
870 2080 999 2140 alienam
1013 2097 1031 2140 a
1045 2096 1094 2140 me
1122 2150 1125 2155 ¹

70 2168 190 2244 plebem
209 2167 303 2225 luisse
321 2166 425 2237 uultis,
445 2181 522 2239 quae
539 2165 599 2224 non
616 2163 685 2235 luit,
701 2162 849 2223 invidiae:
867 2163 894 2223 si
908 2163 1094 2224 commoveri

70 2249 171 2312 omnia
181 2249 369 2322 videbantur,
383 2247 526 2322 tempori:
544 2248 569 2308 si
581 2246 627 2306 vis
639 2247 770 2318 suberat,
786 2245 893 2307 armis:
911 2246 937 2307 si
949 2246 1091 2318 societas

70 2332 296 2406 magistratuum
313 2331 463 2405 ⁴pactionb
492 2330 519 2391 si
541 2330 705 2405 periculum
726 2329 851 2401 civium,
876 2329 920 2390 rei
942 2324 1092 2404 publicae.

70 2415 118 2478 65.
142 2415 216 2488 Cur,
240 2431 331 2489 quum
352 2415 390 2473 de
412 2412 510 2488 capite
531 2414 605 2474 civis
621 2446 662 2456 -
678 2429 739 2472 non
761 2412 883 2487 disputo
901 2414 987 2473 cuius
1009 2412 1091 2472 modi

70 2499 145 2559 civis
157 2531 201 2544 -
215 2507 245 2558 et
264 2499 303 2557 de
323 2497 412 2557 bonis
433 2496 622 2572 proscriptio
636 2497 779 2567 terretur,
804 2512 894 2569 quum
916 2505 945 2555 et
965 2495 1090 2556 sacratis

68 2581 188 2657 legibus
204 2589 235 2641 et
248 2596 293 2639 xrr
307 2580 416 2639 tabulis
433 2589 570 2641 sanctum
585 2588 681 2651 essct,
704 2587 736 2639 ut
756 2594 835 2648 neve
851 2578 1038 2653 privilegium
1052 2578 1091 2638 ir-

70 2663 168 2738 rogari
189 2661 293 2723 liceret
312 2679 390 2722 neve
407 2663 445 2722 de
463 2663 560 2737 capite
575 2662 633 2722 nisi
649 2662 776 2723 comitiis
792 2662 964 2722 centuriatis
982 2659 1091 2735 rogari,

70 2747 150 2806 nulla
165 2762 228 2806 vox
241 2755 289 2807 est
302 2745 404 2806 auditu
419 2748 591 2818 consulum,
608 2745 863 2820 constitutumque
878 2754 926 2805 est
939 2744 989 2804 illo
1002 2758 1091 2813 anno,

70 2838 213 2904 quantum
225 2829 255 2887 in
267 2829 325 2888 illis
338 2829 456 2888 duabus
467 2828 556 2889 huius
568 2828 686 2901 imperil
696 2828 833 2902 pestibus
845 2827 908 2896 fuit,
920 2826 985 2885 iure
997 2839 1092 2898 posse

70 2927 125 2987 per
140 2927 252 2986 operas
267 2911 432 2971 concitatas
448 2909 584 2984 quemvis
600 2910 696 2970 civem
713 2909 887 2970 nominatim
902 2905 1012 2968 tribuni
1029 2908 1093 2980 ple—

70 2995 115 3054 bis
138 2994 267 3055 concilio
288 3010 328 3053 ex
348 2993 467 3053 civitate
484 2993 658 3052 exturbari?
699 2993 749 3053 66.
773 2991 855 3064 Quae
870 3007 942 3050 vero
958 2991 1092 3063 promul-

70 3084 136 3153 gata
148 3077 199 3136 illo
212 3093 291 3137 anno
304 3076 422 3149 luerint,
439 3092 517 3151 quae
533 3075 682 3149 promissa
694 3073 803 3146 multis,
818 3088 896 3147 quae
909 3071 1090 3146 conscripta,

70 3176 147 3236 puae
164 3168 300 3232 sperata,
317 3174 395 3233 quae
410 3157 552 3231 cogitata,
570 3156 642 3230 quid
657 3157 776 3216 dicamt
793 3155 844 3230 qui
857 3157 943 3214 loeus
955 3155 1019 3215 orbi
1033 3165 1092 3215 ter·

70 3258 118 3302 rae
143 3241 204 3300 iam
226 3258 288 3302 non
310 3251 374 3301 erat
396 3239 485 3300 alicui
511 3238 699 3299 destinatus?
725 3237 812 3298 cuius
835 3237 953 3312 negocii
979 3238 1093 3313 publici
1168 3258 1171 3267 ¹

70 3324 210 3400 eogitari,
227 3326 340 3398 optari,
352 3322 429 3396 -ltngi
445 3321 559 3382 curatio
576 3321 764 3395 potuitquae
780 3337 841 3381 non
856 3331 939 3381 esset
952 3322 1093 3383 attributa

70 3417 160 3484 uque
180 3407 355 3481 descriptae
383 3406 467 3480 quod
480 3421 587 3478 genus
612 3403 728 3478 imperii
751 3410 803 3463 aut
825 3419 903 3478 quae
925 3403 1091 3479 provincia,
