2356 3854
346 180 575 258 canno-aa.
597 203 622 264 s.
636 184 767 261 st-o'r.
1052 196 1090 263 lt

70 363 127 407 are
144 347 227 407 ultro
246 354 276 407 et
291 345 368 406 citro
388 363 449 406 non
471 346 666 422 destiterunt,
689 349 797 420 credo,
823 346 875 422 qui
891 347 1090 426 Chrysogono

70 429 243 501 nunciarent
262 444 334 488 esse
354 429 485 504 aliquem
506 430 535 488 in
558 430 677 492 ciuitate
702 431 754 506 qui
776 440 881 493 contra
906 432 1089 492 voluntatem

70 512 125 574 rius
141 511 248 571 dicere
264 513 404 575 auderet:
420 513 506 572 aliter
522 528 644 573 causam
658 514 707 588 ogi
718 522 809 588 alque
825 514 874 574 ille
890 514 1089 575 existimarem

70 594 173 671 aperiri
201 595 353 655 bonorum
377 596 575 670 emptionam=
605 597 709 657 uexari
733 597 869 670 pessime
896 597 1087 658 societatem:

70 677 190 753 patiam
208 678 437 753 potentiamque
457 679 524 739 eius
541 679 668 753 neglige
690 678 807 740 iudices
822 681 981 754 diligenter
994 689 1089 741 atten-

70 762 150 820 dere:
178 763 379 835 popularem
400 761 553 835 indignam
574 760 679 821 videri.
722 761 772 822 ol.
794 762 877 834 Quae
898 763 1040 837 quoniam
1060 771 1090 824 te

70 845 249 915 lelellcrunt‚
264 844 370 918 Eruci,
387 844 591 919 quoniamque
602 845 689 904 vides
704 861 794 905 versa
810 861 880 905 esse
895 847 1003 918 omnia,
1019 862 1089 909 cau-

70 943 128 987 sam
143 943 200 1001 pro
213 925 285 986 Sex.
297 927 430 999 Roscio,
446 928 471 986 si
487 945 547 987 non
563 929 736 999 commode,
752 935 783 987 at
796 926 890 989 libere
906 929 981 999 dici,
1000 947 1089 1003 quern

70 1010 134 1069 dedi
154 1008 302 1084 putabas,
329 1009 452 1069 delendi
473 1009 628 1084 intelligis,
649 1027 727 1085 quos
748 1011 910 1072 tradituros
931 1013 1088 1086 sperabas,

70 1093 151 1152 vides
165 1091 315 1164 iudicare,
338 1093 463 1152 restitue
478 1094 566 1153 nobis
581 1092 745 1168 aliquando
762 1102 895 1154 veterem
911 1104 992 1157 tuam
1008 1094 1089 1157 illam

70 1175 258 1235 calliditatem
275 1183 365 1254 atquc
380 1176 585 1250 prudentiam,
601 1178 746 1238 confitere
761 1177 819 1237 huc
833 1194 870 1238 ea
885 1195 941 1253 spe
956 1178 1089 1252 venisse,

71 1258 151 1332 quod
171 1267 294 1332 putares
315 1259 363 1317 liic
383 1259 586 1332 latrocinium,
615 1277 675 1321 non
698 1260 841 1320 iudicium
863 1263 1002 1323 laturum.
1044 1263 1089 1322 Do

71 1340 227 1415 parricidio
243 1358 337 1400 causa
353 1341 475 1402 dicitur:
492 1343 568 1405 ratio
586 1344 624 1402 ab
638 1352 817 1404 accusatore
832 1346 950 1405 reddita
965 1363 1026 1405 non
1041 1353 1089 1407 cst

71 1441 155 1500 quarn
180 1425 220 1484 ob
241 1441 366 1484 causam
390 1434 505 1499 patrem
522 1427 602 1485 lilius
618 1427 771 1486 occiderit.
813 1427 864 1488 62.
887 1428 973 1502 Quod
988 1429 1018 1488 in
1035 1427 1087 1487 rni-

70 1507 154 1568 ninls
165 1507 268 1567 noxiis
282 1514 313 1566 et
325 1507 354 1567 in
370 1507 416 1568 his
431 1509 596 1570 levioribus
610 1509 760 1584 pcccatis,
774 1527 853 1584 quae
867 1511 963 1585 magis
982 1511 1088 1573 crebra

72 1598 98 1650 ct
114 1590 176 1650 iam
198 1607 294 1665 prope
315 1589 466 1651 cotidiana
486 1600 571 1664 sunt,
592 1591 721 1653 maxime
736 1601 766 1653 et
780 1593 908 1667 primurn
927 1594 1087 1667 quaeritur,

73 1689 142 1747 quae
157 1689 254 1733 causa
268 1673 407 1741 maleficii
427 1675 530 1748 luerit,
552 1675 584 1735 id
603 1676 730 1735 Erucius
752 1676 780 1734 in
806 1677 966 1749 parricidio
983 1675 1088 1748 quaeri

74 1771 124 1816 non
148 1764 235 1831 putat
256 1765 412 1830 oportere:
440 1757 553 1833 inquo
576 1760 713 1829 scelere·
731 1757 865 1829 iudices,
890 1757 980 1816 etiarn
997 1775 1088 1830 quum

73 1840 174 1901 nullae
189 1855 303 1899 causae
315 1839 499 1900 convenisse
512 1857 605 1900 uuum
620 1839 649 1898 in
666 1842 764 1899 locum
777 1846 868 1914 atque
882 1839 959 1899 inter
970 1856 1005 1899 sc
1016 1855 1087 1899 con-

74 1936 172 1994 gruere
189 1922 343 1993 videntur,
358 1932 457 1984 amen
474 1940 534 1983 non
552 1931 664 1983 temere
680 1923 812 1982 creditur
828 1938 927 1997 neque
941 1923 1000 1982 levi
1015 1939 1087 1984 con·

74 2002 178 2083 iectura¹
192 2021 242 2066 res
259 2006 399 2080 penditur
413 2023 512 2080 neque
528 2006 613 2066 testis
628 2005 760 2066 incertus
775 2006 897 2067 auditur
917 2023 1017 2081 neque
1037 2022 1086 2067 ac·

76 2089 215 2149 cusatoris
226 2088 348 2165 ingenio
361 2106 412 2148 res
427 2089 584 2148 iudicatur.
607 2089 703 2163 Quum
718 2091 809 2149 iruulta
823 2099 912 2151 antea
924 2089 1088 2150 commisse

75 2170 226 2244 natalicia,
254 2188 346 2246 quum
367 2172 428 2240 vita
449 2172 580 2232 hominis
600 2172 821 2247 perditissima,
843 2183 906 2233 tum
925 2171 1086 2246 singularis

76 2254 191 2314 andacia
212 2255 389 2316 ostendatur
408 2271 538 2316 necesse
558 2264 618 2327 est,
640 2273 739 2330 neque
754 2257 882 2316 audacia
896 2258 1009 2324 solum,
1032 2255 1087 2314 sed

77 2338 301 2417 summus-luror
312 2346 403 2414 atque
418 2339 557 2398 amantia
579 2339 660 2398 Haec
677 2358 769 2413 quum
784 2339 844 2399 sint
859 2339 972 2411 omnia,
987 2347 1087 2398 minen

78 2428 184 2481 exstem
198 2428 318 2495 oportet
331 2437 480 2496 expressa
497 2421 622 2482 sceleris
639 2422 780 2496 vestigia,
805 2422 870 2495 ubi,
887 2439 947 2496 qua
963 2422 1087 2494 ratione,

78 2514 122 2573 pcr
135 2520 228 2578 quos,
252 2520 312 2578 quo
328 2512 464 2580 ternpore
478 2505 659 2564 maleficium
673 2505 711 2564 sit
726 2505 901 2565 admissum.
931 2505 1013 2578 Quae
1029 2503 1087 2564 nisi

78 2585 155 2646 nnita
165 2596 196 2647 et
206 2586 366 2650 maninseo
378 2596 461 2661 sunt,
476 2589 675 2662 proiecturas
687 2597 747 2647 tarn
759 2591 904 2654 scelesta,
918 2597 978 2648 arn
989 2597 1085 2658 atrox,

77 2671 125 2727 lani
144 2669 262 2730 nefaria
282 2670 365 2730 credi
386 2687 446 2730 non
472 2679 582 2745 potest.
618 2669 667 2732 63.
690 2671 799 2745 Magna
814 2681 861 2732 est
875 2671 954 2732 enim
970 2671 1016 2730 vis
1032 2671 1085 2730 hu-

77 2750 229 2813 manitatis:
259 2754 383 2812 multum
409 2755 490 2814 valet
517 2754 689 2814 communio
716 2755 887 2829 sanguinis:
922 2753 1087 2814 reclamitat

77 2827 152 2897 istius
178 2834 260 2895 modi
286 2834 513 2909 suspicionibus
539 2837 607 2915 ipsa
636 2846 753 2896 natura:
795 2847 963 2912 portentum
995 2844 1087 2906 atque
1137 2840 1138 2845 ’

77 2926 229 2979 monstrum
253 2918 454 2981 certissimum
477 2928 524 2981 est
544 2937 615 2981 esse
635 2920 766 2994 aliquem
786 2921 917 2980 humana
938 2916 1042 2990 specie
1058 2923 1088 2975 et

76 2995 175 3077 figura,
187 3002 239 3076 qui
250 3010 363 3062 tantum
374 3002 555 3063 immanitate
569 3003 682 3064 bestias
696 3002 813 3072 vicerit,
830 3013 861 3061 ut
873 3009 996 3074 propter
1008 3014 1086 3071 quos

77 3076 143 3143 hanc
166 3084 380 3145 suavissimam
401 3088 497 3145 lucem
519 3087 688 3159 aspexerit,
711 3103 765 3147 eos
789 3082 997 3157 indignissime
1018 3083 1085 3142 luce

76 3163 202 3237 privarit3
224 3185 317 3242 quum
338 3168 427 3229 ctiam
451 3169 530 3227 ieras
545 3168 621 3227 inter
636 3184 706 3228 sese
722 3176 825 3240 partus
840 3174 930 3239 atque
946 3167 1084 3226 educatio

77 3253 100 3304 et
111 3258 213 3313 natura
229 3249 297 3324 ipsa
312 3251 461 3311 conciliet.
481 3250 582 3309 initii.
599 3249 649 3309 64.
665 3251 729 3309 Νοη
745 3249 785 3309 ita
800 3250 899 3309 multis
915 3260 984 3311 autc
998 3249 1085 3310 annis

77 3326 148 3392 aiunt
167 3332 200 3391 Τ.
222 3333 367 3394 Cloelium
386 3333 546 3408 quemdam
568 3331 831 3403 Terracinensem,
853 3332 1003 3393 hominem
1024 3348 1085 3391 non

78 3410 242 3489 obscurum,
266 3434 360 3491 quum
382 3424 528 3477 coenatus
552 3415 684 3479 cubitum
702 3415 733 3477 in
754 3417 834 3476 idem
858 3420 1004 3478 conclave
1017 3430 1085 3474 cum

117 3506 168 3554 cic.
186 3511 278 3558 onan.
870 3515 891 3578 2

721 3593 724 3598 ’
1059 3590 1136 3640 Δ
