2356 3854
187 116 258 227 ’.
331 164 752 279 cnu.ao-aa.s3sc'-rr.
857 190 859 195 ·
975 170 1062 237 ⁴269

58 337 104 393 rre
115 320 215 392 licuit,
231 339 251 382 a
263 322 433 398 propinquo
449 338 505 382 suo
519 337 658 381 socerum
671 336 758 382 suum
771 316 940 399 flagitabat:
958 325 1060 387 omnia

58 415 151 466 natus
165 405 335 478 reiiciebat,
360 405 419 465 nisi
436 407 475 464 de
491 422 538 464 me
556 407 683 480 primum
703 410 845 467 consules
861 409 1057 470 rettulissent.

105 487 297 548 >trintina
324 489 407 562 Quae
431 506 523 563 quum
545 504 595 546 res
616 490 674 571 iarn
696 492 835 551 titanibus
856 500 1008 552 teneretur
1029 503 1060 553 et

58 589 118 633 ‚um
132 573 277 632 consules
290 571 513 647 provinciarum
527 572 667 645 pactione
678 573 843 633 libertatem
859 592 977 634 omnem
991 592 1057 650 per-

58 658 190 726 iissent,
219 655 271 730 qui
293 672 384 730 quum
403 657 433 714 in
455 663 563 715 senatu
584 655 694 730 privati
714 665 746 715 ut
767 658 805 716 de
822 672 870 717 me
891 660 1057 719 sententias

58 748 160 799 :erent
177 736 368 813 flagitabant,
392 741 490 813 legem
510 738 551 798 illi
574 756 609 798 se
625 738 760 798 Clodiam
782 733 886 800 timere
902 743 1056 803 dicebant:

58 840 117 882 ,um
134 822 209 881 haee
225 838 287 882 non
304 832 432 896 possent
445 821 504 881 iam
527 821 639 882 diutius
657 823 823 894 sustinere,
849 824 940 884 initur
957 827 1055 885 consi-

61 925 92 965 m
109 907 150 964 de
164 907 285 965 interitu
300 906 351 964 Cn.
366 905 518 980 Pompeii:
546 922 606 980 quo
623 906 774 980 patefacto
791 907 933 980 ferroque
948 909 1056 983 depre-

59 1007 119 1049 nso
139 990 188 1048 ille
202 989 340 1049 inclusus
353 990 435 1049 domi
448 998 507 1049 tarn
520 989 572 1048 diu
584 988 639 1048 luit
651 1005 741 1062 quam
754 989 806 1049 diu
818 987 958 1049 inimicus
971 1006 1056 1050 meus

58 1073 224 1134 tribunatu.
242 1075 362 1132 Demea
375 1072 475 1132 reditu
487 1081 555 1132 octo
565 1071 676 1133 tribuni
682 1074 918 1146 promulgarunt.
937 1073 983 1131 Ex
996 1090 1056 1147 quo
1125 1117 1127 1120 Α

58 1159 206 1215 ‚ellectum
222 1164 268 1216 est
285 1156 357 1214 milri
370 1156 488 1216 absenti
500 1173 560 1216 non
577 1156 713 1231 crevisse
728 1155 858 1224 amieos,
877 1157 907 1214 in
920 1173 956 1215 ea
969 1165 1056 1232 prae·

58 1239 127 1299 rtim
140 1240 273 1309 fortuna,
292 1241 323 1298 in
337 1256 398 1314 qua
412 1255 473 1299 non
486 1239 559 1298 nulli
572 1240 676 1311 etiam,
695 1256 773 1314 quos
786 1252 857 1299 esse
869 1249 1055 1314 putaveram,
1114 1232 1117 1239 ’

58 1331 199 1394 nerant,
223 1324 349 1383 sedeas
366 1325 550 1383 voluntatem
571 1339 693 1397 semper
713 1323 865 1394 eamdem,
890 1323 1055 1384 libertatern

58 1423 83 1464 rr
94 1406 235 1466 eamdem
250 1418 372 1482 semper
382 1407 538 1467 habuisse.
563 1408 638 1466 Nam
650 1423 688 1466 ex
700 1424 811 1468 novem
822 1406 960 1481 tribunis,
976 1422 1055 1482 quos

58 1504 92 1548 nc
115 1489 297 1562 habueram,
323 1506 402 1550 unus
424 1508 473 1550 me
493 1492 619 1551 absente
641 1490 782 1562 defluxit,
810 1491 862 1566 qui
885 1507 1053 1565 cognomen

58 1573 79 1632 ri
102 1588 142 1632 ex
158 1573 314 1632 Aeliorum
337 1573 518 1648 imaginibus
544 1573 690 1648 adripuit,
719 1592 780 1649 quo
804 1574 900 1648 magis
923 1575 1054 1635 nationis

58 1673 87 1715 rs
103 1670 175 1716 csse
193 1671 284 1731 quam
299 1657 419 1730 generis
438 1658 598 1717 videretdr.
641 1655 691 1716 70.
712 1659 778 1717 Hoc
794 1657 884 1730 igitur
899 1673 978 1717 anno
994 1672 1049 1715 ma-

58 1738 197 1800 stratibus
212 1738 301 1800 novis
317 1741 499 1813 designatis,
517 1757 609 1814 quum
625 1755 730 1799 omnes
745 1739 819 1799 boni
834 1754 953 1799 omnem
968 1756 1053 1814 spem

58 1821 155 1883 elioris
179 1832 275 1883 status
301 1824 329 1882 in
356 1840 462 1882 eorum
483 1822 574 1881 fidem
595 1823 834 1894 convertissent,
862 1823 1007 1897 princeps
1023 1823 1053 1881 P.

58 1908 166 1967 :ntulus
188 1907 366 1967 auctoritate
387 1922 423 1965 ac
445 1906 594 1966 sententia
617 1923 672 1965 sua
688 1905 798 1965 Pisone
818 1914 848 1965 et
863 1905 989 1965 Gabinio
1007 1922 1054 1964 re-

58 1991 226 2064 gnantibus
250 2006 375 2049 causam
396 1989 535 2064 suscepit
554 1989 745 2064 tribunisque
765 1988 864 2063 plebis
887 1999 956 2050 octo
976 1989 1053 2050 rele-
1119 2035 1126 2045 .

58 2074 156 2132 ntibus
172 2074 515 2146 praestantissimamde
530 2089 578 2132 me
591 2073 769 2134 seutentiam
781 2072 865 2133 dixit.
891 2072 948 2147 Qui
962 2091 1052 2148 quum

58 2209 59 2215 ,
74 2157 203 2230 gloriam
218 2174 305 2216 suam
317 2166 409 2232 atque
420 2159 460 2216 ad
475 2156 654 2232 amplissimi
665 2152 807 2217 beneficii
817 2156 943 2232 gratiam
956 2157 1052 2230 magis

58 2241 173 2299 rtinere
190 2241 305 2301 videret
318 2257 443 2302 causam
459 2241 540 2300 illam
554 2241 700 2316 integram
711 2243 750 2301 ad
764 2258 851 2300 suum
863 2241 1053 2300 consulatum

58 2324 188 2393 servari,
206 2333 305 2383 tamen
320 2342 384 2384 rem
402 2327 492 2386 talem
507 2342 562 2400 per
576 2325 652 2385 alios
670 2324 757 2401 citius
774 2340 864 2398 quarn
876 2339 931 2398 per
946 2339 981 2383 sc
994 2330 1052 2383 tar·

58 2425 89 2467 rs
106 2407 217 2466 conlisi
233 2409 372 2470 malebat.
732 2464 735 2471 .

103 2488 302 2552 rixantia
324 2493 391 2552 Hoc
410 2492 528 2553 interim
551 2499 688 2566 tempore
710 2491 741 2549 P.
762 2490 896 2564 Sestius,
925 2488 1054 2565 iudices

60 2574 199 2648 signatus
213 2575 270 2634 iter
280 2576 318 2634 ad
332 2577 362 2635 C.
375 2579 534 2637 Caesarem
548 2593 603 2651 pro
616 2593 684 2636 mea
697 2577 793 2635 salute
806 2575 952 2651 suscepit.
976 2574 1054 2648 Quid

58 2658 130 2730 erit,
148 2667 292 2732 quantum
309 2661 486 2737 profecerit,
505 2659 577 2718 nibil
593 2661 632 2718 ad
647 2676 768 2721 causam
782 2695 822 2705 --
836 2660 979 2735 equidem
992 2659 1053 2719 exi-

60 2758 127 2812 mo,
152 2742 178 2800 si
192 2741 256 2813 ille,
280 2751 313 2802 ut
327 2744 470 2815 arbitror,
490 2760 608 2818 aequus
627 2745 715 2805 nobis
732 2744 836 2818 luerit,
854 2743 928 2822 nihil
943 2744 982 2802 ab
996 2743 1055 2800 ltoc

58 2827 206 2884 oleatum:
230 2826 276 2884 sin
292 2826 410 2897 iratior,
432 2843 491 2885 non
508 2829 633 2886 multum
647 2851 702 2882 -=
726 2829 782 2887 sed
796 2837 897 2888 tamen
912 2824 1053 2886 sedulita-

58 2925 79 2966 n
103 2917 197 2982 atque
218 2909 418 2982 integritatem
440 2909 572 2970 hominis
595 2911 715 2971 videtis.
757 2910 916 2985 Ingrediar
938 2909 999 2967 iam
1025 2907 1056 2967 iu
1112 2932 1117 2950 =

58 2991 111 3051 stii
133 2991 332 3052 tribunatum:
360 3009 429 3050 nam
450 2992 508 3051 hoc
526 2993 654 3067 primum
672 2993 727 3052 iter
745 2993 923 3067 designatus
940 2991 985 3051 rei
1000 3008 1056 3066 pu-

58 3092 118 3133 cae
140 3087 235 3135 causa
257 3074 409 3150 suscepit:
437 3075 589 3150 pertinere
612 3084 642 3136 et
663 3077 703 3134 ad
725 3074 921 3134 concordiam
944 3074 1056 3157 ciuium

58 3159 138 3218 ¹tavit
153 3166 182 3217 et
197 3160 236 3218 ad
252 3157 430 3232 perficiendi
446 3158 617 3218 facultatem
632 3159 765 3217 animum
777 3157 916 3218 Caesaris
931 3174 1056 3220 acausa

61 3260 78 3300 n
96 3242 277 3308 abhorrere:
293 3275 336 3288 -
349 3241 422 3301 abiit
436 3240 486 3300 ille
498 3256 612 3301 annus:
630 3243 802 3316 respirasse
816 3240 956 3304 homiues
972 3243 1056 3303 vide·

61 3335 129 3385 ntur
142 3326 277 3386 nondum
289 3343 331 3400 re,
351 3327 407 3386 sed
421 3343 476 3401 spe
487 3327 531 3384 rei
545 3318 685 3400 publicae
699 3327 939 3401 recuperandae.
966 3324 1056 3388 Exie-
1080 3366 1090 3393 ,·

58 3419 90 3468 nt
105 3408 192 3468 malis
207 3409 358 3470 ominibus
373 3419 464 3491 atque
480 3407 742 3470 exsecrationibus
757 3409 819 3471 duo
833 3411 957 3474 vulturii
969 3412 1055 3486 palu·

963 3550 965 3555 ’
1022 3546 1084 3636 Α
