2356 3854
56 149 58 155 ’
116 138 222 223 314‘
388 161 462 220 rao
479 160 711 257 curtando
727 159 881 221 onorio.
964 121 968 130 ’

120 312 260 371 volumus
279 316 369 385 quam
384 310 530 385 plurimos
546 311 708 385 gratiosos.
731 309 906 371 Decutiatic
920 308 1127 384 tribulium-de
1174 384 1177 395 Ι

120 393 245 467 scriptio
254 393 367 467 populi,
380 393 526 468 suffragia
536 393 695 468 largitione
706 392 848 454 devincta
860 395 1052 456 severitatem
1061 410 1128 455 sena·
1170 439 1177 478 ,3

119 485 168 536 tus
189 484 220 536 et
238 477 387 536 bonorum
410 478 540 536 omnium
563 477 622 536 vim
644 493 681 536 ac
695 476 831 536 dolorem
846 476 1026 538 excitarunt
1066 477 1129 539 Haut
1170 523 1177 563 ¹

22 622 36 639 ,
119 559 206 630 doce,
223 560 299 618 haec
313 561 425 633 proter,
442 560 502 620 huc
517 559 665 633 incumbe,
676 560 860 632 Laterensis,
873 559 1053 620 decuriasse
1064 559 1131 621 Plu
1171 606 1176 645 3

120 641 214 713 cium,
235 642 469 717 conscripsisse,
483 652 672 717 sequestrem
694 642 805 714 luisse,
821 643 1057 717 pronunciasse,
1074 640 1132 703 dit

120 725 213 785 sisse:
225 732 286 785 tum
293 725 425 786 mirabor
433 724 507 786 telis
515 729 607 786 armis
614 726 666 798 uti,
679 741 757 800 quae
768 725 821 786 tibi
828 727 879 785 lex
890 726 993 798 dabat,
1006 725 1132 787 uoluam
1171 772 1177 811 ἶ

118 807 289 868 Tribulibus
304 810 384 870 enim
404 807 554 869 iudicibus
569 825 631 868 non
647 809 739 869 modo
755 807 950 869 severitatem
970 809 1099 880 illorum,
1113 806 1132 869 ti
1150 820 1177 895 '⁴

118 890 177 951 ista
194 908 267 952 vera
282 902 366 964 sunt,
389 893 445 952 sed
466 908 505 951 ne
520 895 620 952 vultus
642 892 765 967 quidem
781 893 861 951 ferre
882 907 1059 966 possemus.
1095 889 1131 955 lt
1175 958 1177 963 ⁴

118 975 204 1035 Hanc
218 984 251 1036 tu
267 976 415 1036 rabonem
427 992 520 1050 quum
533 977 645 1050 fugeris
662 991 817 1057 quumque
831 990 886 1037 eos
901 973 1024 1036 iudices
1040 974 1131 1036 habnt

119 1058 269 1137 nolueris,
291 1075 418 1134 quorum
439 1057 469 1117 in
484 1059 574 1120 huius
593 1057 703 1119 delicto
725 1075 818 1134 quum
836 1057 969 1120 scientia
984 1058 1132 1127 certissiu,
1175 1136 1177 1144 Ι

118 1150 180 1202 tum
195 1143 283 1202 dolor
297 1141 495 1217 gravissimus
512 1159 583 1203 esse
604 1141 756 1216 debuerit,
777 1140 852 1216 quid
871 1140 959 1216 apud
978 1142 1039 1204 bos
1058 1143 1131 1214 dicet,

120 1224 171 1298 qui
186 1226 242 1285 abs
258 1233 287 1284 te
302 1223 384 1285 taciti
403 1224 561 1299 requirunt
581 1241 635 1286 cur
657 1224 714 1293 sibi
741 1225 800 1286 hoc
829 1239 849 1297 q
870 1226 933 1287 eris
958 1223 1129 1301 imposueris,

117 1322 172 1366 cur
192 1324 227 1367 se
243 1306 434 1382 potissimum
455 1308 620 1383 delegeris,
641 1325 696 1368 cur
718 1309 809 1383 deniq
870 1296 920 1369 Ee.
932 1308 1072 1374 divinare
1087 1323 1130 1368 ma-

117 1389 210 1457 lueris
226 1406 316 1463 quam
332 1407 403 1463 eos,
426 1390 477 1464 qui
494 1392 619 1464 scirent,
641 1390 796 1451 iudicaret
816 1390 892 1451 XlX.
907 1392 975 1467 Ego
990 1393 1132 1463 Plancium

116 1472 299 1546 Laterensis,
317 1481 347 1533 et
360 1473 460 1547 ipsum
473 1474 636 1547 gratiosum
652 1490 724 1534 esse
740 1475 809 1536 dico
825 1483 855 1535 et
869 1474 1021 1536 habuisse
1035 1476 1065 1536 in
1076 1473 1132 1552 peti·
1147 1474 1154 1493 ‘

117 1555 200 1616 tione
211 1557 322 1617 multos
334 1557 462 1632 cupidos
474 1559 521 1617 sui
532 1557 700 1632 gratiosos=
719 1574 799 1633 quos
813 1567 845 1619 tu
862 1557 890 1617 si
900 1560 1032 1621 sodales
1047 1573 1133 1629 vous

39 1690 41 1695 Α
117 1639 288 1700 officiosam
309 1641 469 1700 amicitiam
490 1640 610 1700 nomine
630 1640 773 1717 inquinas
788 1638 970 1716 criminoso=
996 1642 1060 1716 sin,
1079 1640 1134 1718 qrb

115 1721 241 1796 gratiosi
256 1723 330 1799 sint,
345 1724 537 1784 accusandos
555 1733 659 1798 putas,
684 1724 746 1784 noli
760 1724 862 1784 mirari
880 1730 911 1783 te
932 1726 981 1799 id,
1005 1726 1087 1802 quod
1098 1734 1136 1786 tu

116 1805 247 1881 dignitas
259 1802 427 1882 postularit,
439 1809 636 1882 repudiandis
647 1809 850 1882 gradosorum
856 1807 1000 1871 amicitiis
1012 1827 1072 1871 non
1080 1823 1135 1871 csse

116 1890 303 1951 adsecutum.
346 1889 396 1952 47.
417 1891 492 1950 Nam
503 1898 536 1951 ut
559 1907 616 1966 ego
638 1892 735 1952 doceo
756 1893 924 1967 gratiosum
944 1908 1021 1954 esse
1043 1892 1073 1976 in
1092 1906 1136 1953 sut

116 1973 195 2032 tribu
207 1973 376 2046 Plancium,
394 1975 477 2050 quod
492 1973 591 2034 multis
606 1974 737 2049 benigne
752 1974 870 2046 lecerit,
887 1990 945 2049 pro
960 1976 1065 2038 multis
1078 1990 1135 2050 spo·

116 2055 271 2128 ponderit,
293 2056 323 2116 in
341 2073 451 2131 operas
465 2057 612 2131 plurimos
629 2057 723 2131 patris
740 2057 927 2134 auctoritate·
939 2067 970 2119 et
984 2059 1082 2134 gratia
1093 2056 1135 2118 nri·

117 2136 199 2211 serit,
216 2138 299 2214 quod
314 2140 446 2213 denique
463 2140 604 2200 omnibus
622 2140 732 2202 ollicils
749 2158 804 2216 per
818 2156 862 2215 se,
878 2158 934 2216 per
950 2151 1081 2216 patrem,
1093 2155 1136 2216 pet

116 2219 247 2282 maiores
264 2238 339 2282 suos
355 2230 447 2283 totam
457 2223 614 2293 ¹Atinatem
628 2225 850 2299 praefecturam
871 2223 1135 2300 comprehenderit

116 2305 160 2363 sic
174 2314 206 2365 tu
221 2306 299 2366 doce
314 2315 505 2380 sequestrem
521 2306 632 2381 luisse,
653 2307 791 2382 largitum
806 2324 893 2380 esse,
912 2307 1135 2384 conscripsisse,

115 2386 240 2447 tribules
255 2388 472 2451 decuriavisse.
502 2391 589 2464 Quod
605 2389 633 2449 si
643 2406 703 2449 non
720 2399 823 2465 potes,
845 2390 908 2451 noli
924 2392 1035 2453 tollere
1049 2408 1087 2450 ex
1099 2404 1137 2449 or·

115 2468 186 2528 dine
197 2480 302 2534 nostro
313 2473 529 2544 liberalitatem,
545 2472 607 2532 noli
618 2473 797 2535 maleficium
809 2482 917 2548 putare
928 2490 1005 2536 esse
1016 2473 1136 2550 gratian,

116 2554 178 2612 noli
193 2552 417 2617 observantiam
433 2555 553 2617 sancire
568 2572 678 2630 poena.

102 2696 106 2706 ,
177 2635 283 2710 ltaque
300 2637 503 2699 haesitantem-
520 2648 549 2700 te
568 2639 598 2698 in
619 2639 678 2700 hoc
698 2636 915 2700 sodaliciorum
930 2638 1078 2701 tribuario
1091 2635 1135 2699 cri

115 2719 248 2779 minead
265 2736 455 2781 communem
470 2722 599 2783 ambitus
615 2737 738 2783 causam
753 2719 922 2796 contulisti,
941 2722 973 2783 in
995 2740 1058 2800 qua
1070 2717 1134 2783 desi·

115 2819 227 2864 namus.
238 2803 421 2878 aliquando,
437 2803 464 2864 si
480 2805 614 2878 videtur,
636 2806 797 2880 vulgarica
813 2815 984 2880 pervagata
1000 2807 1135 2875 declama·
1174 2800 1177 2813 '

114 2885 197 2949 tione
213 2889 409 2948 contendere.
439 2888 490 2948 Sic
505 2889 585 2950 enim
601 2897 700 2950 tecum
715 2905 783 2963 ago.
815 2889 866 2952 48.
885 2888 984 2963 Quam
1000 2889 1133 2951 tiblcon·

113 2972 236 3032 modum
261 2980 322 3042 est,
346 2989 436 3032 unam
460 2972 568 3033 tribum
589 2971 704 3047 delige=
721 2981 753 3033 tu
769 2973 865 3045 dccc,
889 2972 923 3032 id
940 2972 1131 3048 quod-debas
1173 2950 1177 3053 l

116 3067 275 3131 perquem
292 3065 497 3131 sequestrem,
521 3072 583 3132 quo
602 3055 738 3116 divisore
751 3065 896 3130 corrupta
911 3053 964 3117 sit:
983 3073 1062 3132 ego,
1077 3046 1131 3115 sill

11 3186 12 3191 ,
115 3133 215 3196 lacere
235 3155 294 3199 non
320 3139 472 3214 potueris,
487 3141 585 3215 quod,
606 3147 640 3199 ut
659 3137 764 3213 opinio
784 3155 853 3200 mea
868 3141 939 3213 lert,
960 3155 1003 3200 ne
1023 3132 1132 3212 incipies

116 3217 253 3292 quidem,
269 3237 325 3295 per
342 3239 432 3296 quem
446 3221 547 3284 tulerit
561 3223 691 3283 docebo.
733 3221 828 3283 Estne
843 3221 920 3282 baec
936 3239 1013 3284 seru
1026 3227 1132 3283 contu·
1176 3300 1177 3304 Ἰ

114 3295 177 3357 tio?
189 3301 326 3373 placetne
345 3304 390 3365 sic
404 3305 475 3380 agit
488 3306 563 3367 Num
579 3322 706 3380 possum
719 3305 816 3380 magis
829 3306 940 3379 pedem
952 3306 1098 3374 conterre,
1107 3300 1132 3358 ll
1173 3350 1177 3390 3

114 3378 217 3452 stiunt,¹
233 3392 285 3444 aut
300 3387 426 3460 propius
437 3389 608 3448 accederet
635 3386 712 3461 Quid
728 3394 833 3448 taceat
854 3387 928 3462 quid
951 3383 1132 3449 dissimulant
1173 3433 1177 3473 ξ
