2356 3854
267 160 348 220 unP.
364 170 489 222 ‹tn-44.
511 167 536 226 s.
552 169 688 224 or-oo.
946 161 988 229 79
1041 239 1043 247 J

70 327 152 372 erum
175 312 263 372 etiarn
284 312 415 371 osculari
429 312 534 371 solent
563 313 611 373 Ad
632 312 690 375 hoc
712 314 869 388 templum,
894 333 987 390 quum

70 404 119 454 ste
134 394 298 479 Agrigenti,
318 397 395 455 duce
413 393 608 467 Timarchide,
627 405 760 469 repente,
779 406 868 458 nocte
882 396 986 460 intem-

72 494 229 537 servorum
244 472 424 538 armatorum
437 478 470 537 fit
481 493 648 538 concursus
661 488 751 554 atque
764 479 904 557 impetus
923 483 986 543 Cla-

79 561 219 636 vigilibus
237 548 369 634 lenique
375 560 552 621 custodibus
567 561 690 621 tollitur:
716 563 768 637 qui
781 564 877 638 primo
894 582 986 639 quum

70 659 113 702 ιιι
134 660 170 702 ac
195 645 359 703 defendere
378 652 571 715 conarentur,
592 644 670 704 male
690 647 811 706 mulcati
832 648 926 708 clavis
949 667 986 709 ac

70 745 93 785 rs
108 728 302 799 repelluntur.
329 727 401 787 Post
390 736 439 787 tea
453 722 609 786 convulsis
623 729 775 802 repagulis
791 729 985 806 effractisque

76 808 212 868 demoliri
227 810 346 883 signum
360 827 397 869 ac
412 809 548 873 vectibus
565 809 747 869 labefactare
765 821 918 872 conantur.
937 815 984 872 ln-

70 909 104 950 ιιι
119 893 251 951 clamore
264 895 343 952 lama
356 901 419 955 tola
432 893 506 952 urbe
517 891 711 967 percrebruit,
728 894 895 968 expugnari
909 895 984 956 deos

69 993 78 1034 ι
106 992 168 1034 non
193 975 325 1036 hostium
345 977 477 1035 adventu
499 973 680 1048 necopinato
705 991 805 1049 neque
826 978 983 1050 repentino

70 1076 150 1119 ιιιιιιιι
168 1055 290 1139 impetu,
304 1060 361 1118 sed
376 1075 412 1117 ex
430 1060 520 1118 domo
535 1067 627 1133 atque
641 1075 679 1122 ex
695 1058 819 1120 cohorte
833 1061 985 1134 praetoria

70 1140 281 1216 nlugitivorurn
289 1142 465 1201 instructam
476 1151 680 1215 armatamque
687 1141 820 1204 venisse.
832 1140 882 1203 95.
890 1143 983 1204 Nemo

70 1225 118 1285 >nti
133 1241 234 1297 neque
249 1233 347 1285 aetate
362 1234 421 1283 tam
435 1222 554 1297 adlecta
575 1229 675 1299 neque
691 1224 805 1285 viribus
827 1236 886 1286 tarn
902 1227 983 1293 infir,-

70 1308 97 1379 it,
116 1309 242 1382 quinon
259 1309 308 1366 illa
320 1317 408 1366 nocte
424 1324 460 1366 eo
476 1307 586 1367 nuncio
600 1308 748 1369 excitatus
760 1309 925 1369 surrexerit
940 1319 984 1370 te-

70 1408 93 1462 e,
110 1392 194 1466 quod
209 1392 318 1466 cuique
334 1392 396 1450 lors
412 1391 566 1464 offerebat,
581 1389 754 1464 adripuerit.
779 1391 884 1466 Itaque
898 1393 983 1452 brevi

70 1491 97 1534 re
115 1475 155 1533 ad
173 1474 275 1533 lanum
292 1491 332 1534 ex
345 1475 420 1551 urbe
434 1482 497 1535 tota
514 1472 709 1535 concurritur.
726 1475 839 1534 Horum
852 1475 982 1550 amplius

73 1557 264 1617 demoliendo
280 1557 368 1630 signo
381 1556 519 1631 permulti
531 1556 668 1616 homines
681 1556 894 1619 moliebantur:
908 1559 983 1618 illud

70 1642 172 1699 inulla
188 1640 307 1701 lababat
323 1657 362 1699 ex
382 1649 481 1713 parte:
500 1654 592 1712 quum
613 1638 663 1698 alii
678 1639 815 1701 vectibus
837 1640 982 1700 subiectis

70 1734 141 1783 ntur
157 1739 356 1793 commovere,
375 1722 425 1781 alii
441 1721 602 1795 deligatum
617 1721 756 1781 omnibus
776 1721 917 1780 membris
934 1738 981 1780 ra-

70 1806 137 1866 dse
153 1806 283 1866 funibus.
317 1809 363 1863 Ac
383 1813 506 1878 repente
524 1803 712 1878 Agrigentini
732 1812 927 1863 concurruntz
949 1804 1001 1870 ιιι·

83 1888 242 1964 lapidatio:
258 1889 331 1947 dant
345 1903 414 1947 sese
430 1887 459 1957 in
472 1888 572 1960 lugam
586 1885 673 1947 istius
691 1886 839 1960 praeclari
852 1885 980 1960 impera-

71 1971 187 2032 0cturni
208 1971 332 2030 milites:
356 1971 416 2029 duo
441 1978 539 2029 tamen
555 1968 653 2045 sigilla
672 1970 852 2044 perparvula
865 1971 980 2053 tollunt,
1043 1980 1048 1988 ‘

70 2055 135 2115 nino
151 2057 255 2113 inanes
271 2055 311 2114 ad
331 2049 420 2113 istu'rn
436 2055 620 2127 praedonem
636 2052 813 2126 religionum
828 2048 980 2114 revertanss
1042 2054 1058 2069 '

70 2140 220 2212 [umquam
240 2146 300 2198 tam
321 2139 399 2195 male
419 2145 465 2197 est
480 2135 590 2196 Siculis
606 2135 678 2210 quin
702 2135 824 2212 aliquid.
840 2137 935 2198 lucete
951 2145 981 2198 et

70 2223 118 2280 tde
133 2221 242 2292 dicant,
261 2222 342 2280 velut
355 2221 383 2279 in
396 2220 452 2277 hac
467 2235 500 2278 re
515 2221 635 2280 aiebant
657 2219 687 2281 in
710 2214 831 2280 labores
842 2220 980 2279 Herculis

70 2304 134 2364 inus
156 2304 235 2363 hunc
256 2302 503 2364 immanissimum
517 2320 650 2374 verrem,
670 2319 760 2378 quam
775 2303 858 2362 illum
875 2319 980 2375 aprum

70 2388 187 2448 nthium
201 2381 307 2446 referri
323 2395 470 2460 oportere.
808 2418 825 2453 ι

70 2472 142 2530 LIV.
164 2470 213 2531 96.
240 2470 324 2530 Hanc
348 2470 484 2529 virtutem
504 2467 768 2542 Agrigendnorum
785 2465 890 2528 imitati
911 2477 981 2528 sunt

70 2555 99 2612 ui
113 2562 231 2628 postea,
245 2552 302 2617 viri
318 2553 410 2613 lortes
423 2561 452 2612 et
463 2553 579 2622 fideles
592 2551 648 2610 sed
663 2560 855 2625 nequaquam
870 2567 910 2610 ex
920 2559 980 2611 tam

78 2654 179 2711 neque
194 2646 254 2697 tam
269 2652 306 2694 ex
321 2635 414 2701 nobili
430 2634 557 2695 civitate.
584 2633 717 2712 Chrysas
735 2643 782 2695 est
797 2635 908 2706 amnis,
928 2634 979 2709 qui
1039 2686 1049 2696 .

72 2720 241 2782 sorinorum
258 2736 349 2793 agros
366 2717 440 2779 lluit.
472 2719 503 2778 ls
519 2718 604 2791 apud
625 2716 693 2777 illos
715 2717 841 2779 habetur
858 2720 934 2777 deus
950 2725 981 2777 et
1007 2762 1009 2769 ι

70 2820 105 2863 ne
119 2803 249 2862 maxima
269 2801 383 2863 colitur.
418 2803 532 2861 Fanum
557 2800 622 2860 eius
642 2801 738 2860 estin
760 2818 832 2875 agro
854 2809 980 2874 propter

71 2886 159 2960 viam,
176 2903 235 2960 qua
251 2889 368 2953 Assoro
384 2885 442 2944 itur
455 2886 600 2944 Hennam.
629 2885 663 2941 ln
684 2901 721 2943 co
737 2884 871 2958 Chrysae
888 2882 979 2941 simu·
1073 2890 1075 2895 '

70 3021 71 3026 ,
95 2979 156 3041 est,
176 2971 330 3044 praeclare
351 2969 461 3028 lactum
481 2984 498 3026 e
519 2983 676 3026 marmore.
715 2967 749 3025 ld
770 2965 827 3024 iste
849 2979 979 3038 poscere

70 3071 123 3112 nos
139 3062 263 3127 propter
277 3052 459 3125 singularem
473 3051 539 3111 eius
549 3049 610 3109 lani
621 3048 796 3122 religionem
807 3062 867 3104 non
884 3062 978 3106 ausus

70 3139 269 3211 eptolemo
219 3137 269 3195 dat
280 3133 437 3193 ctHieroni
449 3131 616 3207 negocium.
629 3131 674 3190 llli
685 3133 784 3197 noctu,
800 3130 979 3189 lactamanu

74 3238 141 3293 que,
161 3219 297 3280 veniunt.
272 3218 398 3278 tiores
419 3215 504 3274 aedis
520 3215 695 3288 effringunt=
669 3211 800 3272 laedit
789 3213 861 3272 lumi
877 3223 976 3273 custo-

70 3312 207 3362 >mature
222 3303 366 3361 sentiunt:
383 3300 510 3393 signum,
530 3297 690 3371 quoderat
707 3304 809 3356 notum
825 3295 977 3370 vicinitati,

83 3387 183 3446 datur·
201 3386 339 3449 homines
355 3400 393 3443 ex
409 3381 488 3456 agris
504 3387 698 3441 concurrunt:
715 3378 830 3440 eiicitur
846 3382 928 3456 lugat
928 3394 975 3438 ur-
