2356 3854
322 193 741 261 CAP.1l-1t.8·31—36.
985 199 1048 266 179
1095 233 1097 236 ν

58 345 105 406 nvis
121 346 231 420 opibus
250 343 412 420 copiisque
429 341 592 403 renovarit.
624 344 703 404 XVI.
723 349 768 405 Ac
786 346 811 406 si
828 346 899 406 mihi
913 365 994 408 nunc
1008 350 1047 408 de

58 431 109 489 hus
122 427 218 504 gestis
232 437 315 488 esset
332 428 426 486 nostri
442 427 594 487 exercitus
608 428 862 504 imperatorisque
874 431 1046 506 dicendum,

59 514 143 572 nrima
160 510 336 572 etmaxima
352 510 467 584 proelia
483 527 720 571 commemorare
742 528 881 586 possem:
908 515 965 574 sed
985 532 1045 576 non

68 594 189 670 agimus,
219 592 269 654 34.
290 595 355 654 Hoc
371 595 456 654 dico:
473 594 498 654 si
513 595 625 653 bellum
639 595 709 668 hoc,
724 595 750 653 si
766 596 814 655 hic
832 597 939 668 hostis,
955 597 982 656 si
996 598 1046 658 ille

61 697 76 737 x
92 679 330 754 contemnendus
348 677 469 747 luisset,
492 694 593 750 neque
609 685 692 737 tanta
711 694 783 737 cura
804 687 928 738 senatus
947 689 976 740 et
990 698 1044 755 po·

58 764 107 822 rlns
121 764 278 822 Romanus
293 761 530 835 suscipiendum*
538 769 677 834 putasset
692 776 792 834 neque
807 769 850 820 tot
864 778 961 822 annos
976 780 1045 837 ges·

58 855 109 906 sset
126 861 227 920 neque
247 853 329 904 ιιιιιι
351 842 446 918 gloria
466 844 498 902 L.
514 843 645 903 Luculli:
674 860 776 917 neque
795 860 866 903 vero
890 845 955 905 eius
975 846 1046 905 belli
1144 838 1146 842 '

58 929 238 988 inficiendum
254 928 366 988 exitum
387 936 469 988 tanto
493 928 593 987 studio
616 928 749 1003 populus
763 928 918 986 Romanus
935 929 975 986 ad
993 929 1045 988 Cn.

58 1012 190 1087 tmpeium
209 1011 381 1071 detulisset:
411 1011 498 1071 cuins
521 1027 561 1069 ex
578 1011 719 1069 omnibus
734 1010 860 1084 pugniS,
882 1021 1047 1083 quaesunt

59 1095 259 1166 numerabiles,
281 1095 328 1153 vel
343 1095 490 1153 acerrima
506 1094 578 1153 mihi
592 1093 713 1154 videtnr
726 1093 786 1166 illa,
803 1111 882 1169 quae
895 1110 962 1153 cum
973 1109 1046 1168 rege

58 1179 179 1238 immissa
196 1184 243 1237 est
259 1186 288 1238 et
303 1194 422 1237 summa
436 1175 629 1237 contentione
643 1186 788 1253 pugnata.
817 1178 881 1250 Qua
893 1194 931 1236 ex
942 1193 1045 1252 pugna

58 1278 109 1320 num
122 1279 156 1322 se
171 1263 221 1320 ille
232 1260 396 1336 eripuisset
410 1269 439 1320 et
449 1261 644 1336 Bosphorum
658 1262 856 1336 confugisset,
881 1277 943 1336 quo
959 1277 1045 1322 ener-

58 1344 193 1409 lhsadire
211 1360 272 1404 non
287 1352 404 1418 posset,
424 1344 512 1405 etiam
527 1345 556 1403 in
575 1353 710 1405 extrema
726 1347 846 1405 lortana
860 1353 890 1404 et
905 1345 977 1418 luga
991 1361 1045 1404 no·

59 1442 87 1486 en
101 1436 196 1488 tamen
208 1427 330 1488 retinuit
341 1424 466 1502 regium.
493 1429 599 1503 Itaque
611 1428 679 1502 ipso
691 1428 854 1502 Pompeius
866 1444 960 1502 regno
974 1445 1042 1503 pos·

58 1527 120 1584 sso,
141 1528 181 1571 ex
197 1511 337 1571 omnibus
353 1511 415 1571 oris
431 1529 467 1572 ac
482 1511 562 1571 notis
578 1512 705 1572 sedibus
720 1512 809 1572 hoste
824 1512 930 1586 pulso,
946 1520 1045 1570 tamen

58 1595 149 1655 ntum
141 1612 171 1654 ιιι
187 1593 278 1654 nnius
295 1594 395 1655 anima
413 1594 524 1670 posuit,
542 1603 583 1664 ul,
603 1612 695 1668 quum
712 1594 821 1664 omnia,
841 1610 920 1681 quae
937 1593 988 1653 ille
1002 1602 1045 1654 te-

58 1687 129 1750 rerat
146 1677 271 1748 adierat,
290 1686 436 1751 sperarat,
455 1677 581 1736 victoria
593 1678 776 1751 possideret,
791 1660 891 1735 tamen
903 1683 1045 1735 nonanta

58 1778 106 1820 ram
125 1761 209 1821 illum
231 1760 291 1820 vila
308 1761 425 1834 expulit
413 1760 556 1849 thellum
575 1761 746 1819 confectum
766 1757 915 1818 indicarit.
957 1759 1046 1818 Hunc

65 1844 194 1916 hostem,
209 1844 298 1915 Cato,
317 1841 495 1914 contemnis,
511 1858 651 1916 quocum„
659 1856 713 1916 per
728 1849 772 1901 lot
785 1857 883 1901 annos
897 1849 942 1901 tot
956 1855 1046 1915 proe-

58 1945 66 1987 ι
83 1937 126 1990 tot
146 1928 346 2002 imperatores
363 1926 444 1985 bella
458 1929 641 1999 gesserunt?
667 1924 754 1987 cuius
776 1923 897 1998 expulsi
913 1932 943 1984 et
958 1925 1045 1997 eiecti

58 2011 163 2072 alenti
177 2010 335 2091 aestimata
350 2018 406 2080 est,
427 2017 466 2069 ,ιιι
483 2016 580 2068 morte
596 2009 663 2068 eius
679 2009 820 2089 nunciata
835 2016 896 2067 tum
913 2008 1045 2082 denique

58 2095 123 2154 llum
145 2095 317 2154 conlectum
337 2092 553 2152 arbitraretur?
581 2093 647 2152 Hoc
670 2090 760 2166 igitur
780 2091 809 2149 in
831 2090 912 2152 bello
933 2093 965 2150 L.
980 2091 1044 2150 Mu·
1118 2135 1121 2138 -

58 2195 131 2250 ram,
149 2179 281 2252 legatum
298 2174 454 2236 fortissimi
471 2175 576 2248 animi,
593 2174 702 2235 summi
717 2174 851 2247 consilii,
866 2174 988 2234 maximi
1003 2175 1044 2233 la-

58 2261 96 2321 ris
117 2260 271 2335 cognitum
289 2275 360 2319 esse
375 2259 581 2331 defendimus,
605 2268 635 2319 et
654 2260 732 2318 hanc
753 2258 819 2318 eius
841 2273 966 2331 operam
983 2272 1044 2316 non

58 2361 112 2405 nus
136 2345 177 2404 ad
205 2344 396 2404 consulatum
421 2342 654 2417 adipiscendum
684 2358 775 2416 quam
802 2340 881 2400 hanc
909 2350 1044 2401 nostram

58 2444 164 2489 'ensem
179 2426 358 2487 industriam
374 2425 527 2499 dignitatis
542 2425 698 2486 habuisse.

94 2511 187 2573 XVll.
200 2508 251 2573 35.
267 2512 307 2569 At
318 2510 396 2568 enim
408 2507 438 2567 in
447 2517 615 2583 ‘praeturae
627 2507 772 2582 petitione
789 2509 872 2582 prior
885 2505 1044 2566 renuncia-

58 2604 120 2656 nest
132 2594 268 2655 Servius.
296 2591 465 2666 Pergitisne
478 2609 533 2653 vos
547 2601 699 2667 tamquam
712 2608 751 2650 ex
766 2592 942 2687 syngrapha
953 2607 1045 2666 agere

58 2697 79 2738 n
96 2681 249 2754 populo,
241 2685 281 2739 nt
297 2693 385 2751 quem
401 2677 502 2736 locum
520 2678 614 2736 semel
629 2674 756 2734 honoris
772 2676 902 2750 cuipiam
918 2673 1045 2744 dederit,

58 2764 152 2822 mdem
168 2759 304 2836 reliquis
332 2755 499 2820 honoribus
529 2760 658 2819 debeat?
704 2757 792 2830 Quod
822 2758 901 2817 enim
927 2758 1043 2825 lrotum,

59 2861 104 2905 em
119 2845 266 2920 Euripum
282 2853 324 2913 tot
336 2854 454 2914 rnotuS,
471 2852 585 2914 tantas,
610 2851 668 2901 tam
683 2842 784 2900 varias
802 2841 915 2899 habere
931 2835 1044 2911 putatis

58 2928 209 3000 dationes,
227 2927 494 2997 commutationes,
512 2925 635 2996 fluctus,
654 2932 783 2996 quantas
802 2920 1045 2996 perturbationes

69 3019 200 3087 quantos
221 3020 325 3070 aestus
346 3010 505 3068 habett
459 3017 505 3067 ιιι
506 3008 535 3068 ιο
560 3007 772 3067 comitiorum?
800 3005 873 3064 Dies
896 3000 1045 3061 intermis-

58 3104 147 3156 saut
172 3112 236 3155 nox
261 3091 440 3167 interposita
467 3107 560 3164 saepe
586 3090 748 3165 perturbat
768 3086 870 3147 omnia
898 3093 1045 3145 ettotam

58 3178 188 3239 inionem
218 3195 312 3254 parva
337 3194 398 3235 non
427 3182 590 3247 numquam
617 3179 780 3231 commutat
806 3185 879 3228 aura
904 3169 1043 3228 rumoris.

58 3280 115 3338 epe
137 3263 227 3322 etiam
248 3261 314 3320 sine
333 3261 394 3319 ulla
409 3267 514 3332 aperta
532 3271 626 3314 cansa
640 3255 673 3313 fit
687 3255 768 3313 alind
786 3260 877 3326 atque
892 3251 1043 3312 existima·

58 3364 96 3417 ιε,
118 3353 152 3405 ιιι
168 3363 228 3405 non
250 3359 413 3417 pnmquam
429 3341 470 3401 ita
486 3341 596 3398 lactum
611 3354 682 3397 esse
697 3337 786 3398 etiam
805 3338 937 3414 populns
951 3333 1043 3394 admi-

59 3445 110 3503 ur,
133 3431 316 3504 quasivero
338 3421 619 3500 nonipsefecerit.
663 3419 713 3482 36
734 3418 1044 3565 Nihi1¹2eftm⁰⁰ffl⁰⁸
