2356 3854
139 210 145 223 ¹
213 153 678 245 *cAP.*1s-1ais.ta-.so.
840 153 843 179 ⁵
943 181 989 246 1e·

59 329 134 390 inos
145 346 241 402 meos,
256 329 308 406 qui
320 347 395 391 suos
410 329 532 402 liberos,
547 347 626 405 quos
636 329 758 407 plurimi
771 330 893 404 iaciunt,
907 329 985 405 agri·

60 412 201 476 adsiduos
223 429 294 474 esse
313 413 447 489 cupiunt.
475 415 589 472 Verum
604 414 750 475 homines
759 423 850 475 notos
864 428 986 474 sumere

60 505 178 569 mest,
202 493 294 570 quum'
316 504 346 556 et
368 495 443 556 illud
466 495 613 557 incertum
636 497 690 572 sit,
712 497 843 557 velintne
863 495 895 556 hi
914 513 984 557 sese

60 578 99 638 tri
126 587 157 638 et
177 596 266 639 nemo
287 578 377 639 vobis
399 578 497 654 magis
512 588 602 640 notos
625 582 743 641 iuturus
764 581 804 641 sit
823 597 917 655 quarn
939 587 986 641 est

60 661 188 738 tychus',
205 671 235 723 et
250 671 331 722 certe
344 663 384 721 ad
400 680 464 722 rem
479 661 553 721 nihil
568 662 700 734 intersit,
716 671 815 724 utrum
830 664 911 723 hunc
926 678 984 738 ego

60 761 101 804 nn
116 745 345 805 adolescentem
356 762 395 805 an
406 745 540 820 aliquem
554 761 592 804 ex
600 762 673 820 agro
681 745 809 806 Verente
822 746 984 806 nominem.

60 847 67 886 t
88 827 167 887 haec
190 829 326 901 conficta
340 828 469 889 arbitror
489 828 623 903 apoetis
641 844 728 902 esse,
748 837 781 889 ut
795 830 914 889 eilictos
930 846 983 889 no·

60 926 153 970 nores
168 909 196 969 in
214 911 319 971 alionis
332 911 473 986 personis
490 927 732 987 expressamque
743 896 903 986 imaginem
918 919 984 1008 [no-

73 992 154 1052 vitae
169 993 339 1054 cotidianae
354 993 538 1056 videremus
566 992 616 1057 ts.
631 997 699 1069 Age
716 1011 811 1064 nuno,
826 995 907 1053 reier
920 993 984 1053 ani·

60 1075 98 1136 sis
121 1076 161 1134 ad
182 1075 340 1138 veritatem
361 1086 392 1139 et
412 1077 589 1151 considera,
611 1096 672 1138 non
694 1075 816 1138 modo'
809 1094 837 1135 ιιι
861 1076 986 1137 Umbria

60 1158 89 1217 in
104 1175 142 1217 ea
158 1158 326 1233 vicinitate,
352 1161 460 1220 sedin
482 1161 530 1221 his
545 1160 700 1222 veteribus
715 1159 890 1235 municipiis
905 1175 985 1235 quae

78 1259 97 1301 a
118 1241 256 1315 patribus
280 1242 408 1304 familias
423 1244 553 1303 maxime
571 1244 746 1304 laudentur
770 1243 829 1303 iarn
844 1245 984 1318 proiecto

60 1323 184 1398 ·‘lliges
177 1325 281 1399 rnopia
299 1326 456 1386 criminum
477 1336 625 1388 summam
646 1327 767 1387 laudem
783 1327 853 1387 sea
869 1325 984 1386 Roscio

60 1415 78 1468 tt
97 1409 208 1483 eulpae
223 1408 377 1470 dedisse..
400 1411 492 1470 XVII.
515 1411 562 1469 Aa
585 1427 646 1471 non
668 1410 760 1470 modo
783 1411 842 1470 hoc
864 1418 985 1483 patrum

60 1498 109 1550 ate
131 1490 218 1550 liberi
235 1493 363 1566 iaciunt,
385 1494 441 1553 sed
461 1495 629 1568 permultos
653 1501 682 1554 et
696 1509 754 1568 ego
769 1492 841 1555 novi
856 1501 901 1565 et,
925 1491 985 1552 nisi

61 1573 95 1633 lit
110 1574 244 1646 animus,
265 1592 345 1635 unus
361 1577 492 1650 quisque
502 1586 657 1649 vestrum,
675 1576 727 1651 qui
743 1584 773 1636 et
789 1575 849 1650 ipsi
866 1573 985 1636 incensi

60 1656 156 1729 tudio,
169 1658 253 1731 quod
263 1659 303 1717 ad
316 1673 421 1733 agrum
433 1661 593 1720 colendum
608 1661 725 1732 attinet,
737 1658 891 1733 vitantque
907 1661 984 1718 hanc

60 1757 114 1812 un,
133 1756 223 1813 quam
235 1748 267 1800 tu
281 1743 395 1815 probro
414 1750 443 1802 et
458 1741 574 1801 crimini
585 1749 675 1817 putas
691 1757 762 1800 esse
778 1749 936 1814 oportere,
954 1748 985 1800 et

60 1821 205 1882 tissimam
226 1831 256 1884 et
277 1823 490 1883 suavissimam
512 1840 585 1883 esse
607 1822 798 1884 arbitrantur.
832 1821 882 1882 49.
897 1822 986 1909 xQuid

60 1905 162 1965 thuano
176 1904 276 1980 ipsum
293 1906 364 1965 Sex.
380 1907 542 1976 Roscium,
562 1923 623 1981 quo
639 1904 740 1965 studio
757 1913 786 1965 et
802 1921 863 1979 qua
878 1904 985 1966 intelli·
1069 1937 1073 1945 -

75 2005 148 2048 esse
170 1987 200 2047 in
221 1988 344 2050 rusticis
364 1989 480 2049 rebust
516 1990 557 2050 Ut
577 2007 616 2048 ex
632 1987 681 2048 his
704 1988 886 2064 propinquis
908 1988 985 2062 eius,
1045 2003 1048 2010 '

59 2071 127 2131 ibus
145 2071 386 2144 honestissimis,
413 2072 519 2145 audio,
544 2089 605 2134 non
623 2071 700 2133 tuin
717 2070 775 2132 isto
791 2073 918 2133 artificio
935 2088 983 2132 ac-

60 2153 110 2214 rio
126 2153 263 2214 callidior
277 2171 311 2214 es
330 2172 420 2230 quam
437 2155 487 2217 hio
507 2156 538 2214 in
560 2172 626 2216 suo.
656 2156 788 2228 ,Verum,
810 2164 844 2216 ut
865 2156 984 2231 opinor,

60 2253 100 2296 tm
121 2236 163 2297 ita
176 2237 377 2313 Chrysogono
395 2237 530 2312 videtur,
546 2241 597 2314 qai
614 2236 684 2298 huic
698 2240 811 2298 nullum
826 2238 984 2313 praedium

60 2328 91 2391 t,
115 2328 145 2379 et
166 2319 325 2396 artificium
347 2321 543 2382 obliviscatur
566 2329 596 2382 et
617 2322 750 2383 studium
766 2321 899 2396 deponat
913 2321 983 2380 lice·
1063 2328 1070 2349 ²

60 2404 132 2463 tuod
147 2403 266 2464 tametsi
282 2403 425 2464 miserum
440 2413 470 2465 et
484 2404 640 2478 indignum
654 2413 715 2476 est,
731 2405 806 2464 leret
820 2413 918 2464 tamen
933 2421 983 2471 ae-

60 2486 150 2559 nimo‚
172 2486 304 2560 iudices,
326 2485 352 2545 si
367 2503 423 2562 per
436 2504 494 2548 vos
509 2487 601 2546 vitam
616 2496 646 2548 et
661 2489 771 2546 lamam
787 2494 889 2584 potest
907 2486 983 2547 obti-

64 2569 124 2628 hoc
139 2585 213 2629 vero
229 2578 291 2641 est,
318 2571 402 2644 quod
417 2569 488 2653 ferri
503 2587 563 2630 non
579 2578 694 2644 potest,
712 2569 739 2630 si
753 2571 803 2631 et
796 2588 825 2637 ιιι
839 2570 918 2630 hanc
934 2586 983 2631 ca-

59 2661 117 2713 tem
137 2651 222 2712 venit
241 2660 366 2727 propter
386 2641 580 2727 praediorum
593 2654 759 2714 bonitatem
777 2662 807 2715 et
821 2654 894 2714 mult
895 2654 984 2715 itudi

60 2743 92 2807 t,
113 2735 198 2810 quod
219 2751 256 2794 ea
270 2736 408 2796 studiose
423 2735 529 2821 coluit,
551 2735 582 2795 id
604 2737 660 2798 erit
675 2736 703 2797 ei
720 2737 851 2797 maxime
875 2736 984 2808 fraudi,

60 2835 114 2878 um
126 2818 266 2878 miseriae
283 2818 336 2889 sit,
353 2821 435 2916 quod
452 2808 519 2879 alus
532 2819 638 2892 colurt
653 2837 713 2880 non
731 2811 803 2892 slot,
820 2838 879 2880 msr
894 2822 983 2879 ettam

60 2900 178 2963 omnino
194 2901 287 2961 coluit
301 2901 418 2961 crimini
435 2902 535 2963 luerit.
556 2903 664 2962 XVlll.
679 2902 729 2963 50.
744 2904 833 2962 Naet
821 2912 853 2962 tu
862 2900 1009 2984 ,Eruci,‘

60 2992 117 3044 ttor
136 3001 225 3051 esses
246 2983 410 3059 ridiculus,
436 2986 462 3045 si
480 2985 539 3045 illis
560 2986 749 3061 temporibus
773 2992 862 3043 natus
885 2999 984 3056 esses,

71 3069 109 3127 ab
128 3077 227 3128 aratro
247 3069 444 3128 arcessebant
433 3077 480 3128 tur
497 3067 558 3142 qui
565 3071 709 3129 consules
726 3067 842 3126 fierent.
867 3066 984 3127 Etenim

60 3167 177 3212 aeesse
196 3167 269 3224 agro
292 3151 421 3210 colendo
442 3150 587 3225 flagitium
608 3160 713 3225 putes,
739 3148 877 3247 prolecto
900 3141 984 3210 illum

60 3251 92 3307 n,
115 3251 205 3308 quem
219 3250 274 3293 sua
286 3250 373 3291 mano
387 3240 595 3327 spargentem
601 3248 704 3292 semen
723 3229 776 3303 qui
792 3233 878 3294 missi
898 3243 984 3294 erant

60 3325 180 3390 nerunt,
198 3316 349 3376 hominem
370 3314 578 3390 turpissimum
593 3323 686 3388 atque
702 3312 996 3378 inhonestissimum·

60 3418 117 3462 res.
150 3401 191 3460 At
210 3401 333 3460 hercule
354 3397 485 3458 maiores
506 3397 602 3458 nostri
621 3399 713 3474 longe
733 3398 818 3461 aliter
832 3409 863 3462 et
877 3402 915 3460 de
929 3399 981 3460 illo

979 3626 1035 3635 ,μ
