2356 3854
726 168 736 195 S

388 220 775 299 cnP.t—t.s.1o-1a
828 244 833 252 ’
984 198 1016 275 =¹
1079 235 1100 298 a

38 456 39 461 ἵ
105 375 241 439 ulfacilius
255 378 423 455 intelligere
440 380 583 456 possitis,
604 382 736 456 iudices,
759 400 810 457 ea,
831 387 1004 459 quaefacta
1021 393 1102 460 sunt,

38 468 41 545 ᾗ
105 458 246 534 indigniora
266 479 354 535 esse,
378 479 468 537 quam
489 463 566 524 hacc
588 472 671 537 sunt,
695 482 773 541 quae
796 465 941 540 dicimus,
963 468 1001 526 ab
1015 467 1101 529 initio

38 572 41 576 ·
105 557 143 601 res
155 546 398 618 quemadmodum
412 554 498 619 gesta
520 544 559 606 sit
573 547 661 606 vobis
677 564 882 623 exponemus,
905 567 965 625 quo
982 550 1100 609 facilius

38 634 44 709 J
61 692 72 705 ,
105 623 207 688 ethuius
217 628 348 688 bominis
357 627 598 689 innocentissimi
613 629 752 690 miserias
768 632 928 699 etillorum
943 632 1100 701 audaciam
1141 704 1143 711 J

38 717 43 793 ξ
102 723 264 782 cognoscere
272 710 406 785 possitis
421 719 451 771 et
466 711 511 771 rei
525 712 668 786 publicae
686 712 893 774 calamitatem.

38 816 42 823 =
161 794 207 853 Vl.
230 791 280 855 15.
307 793 379 852 Sex.
394 793 543 871 Roscius,
567 803 655 869 pater
671 794 815 867 lniriusce,
837 799 995 871 municeps
1010 796 1097 856 Amb

38 869 46 906 ³
95 873 161 936 rinus
174 876 228 937 fuit
242 893 335 950 quum
349 891 462 950 genere
476 884 506 936 et
519 877 674 937 nobilitate
689 884 719 936 et
732 879 862 952 pecunia
875 895 936 938 non
948 881 1039 939 modo
1052 879 1100 939 sui

38 966 40 989 1
95 958 245 1034 municipii,
271 976 375 1018 verum
397 958 487 1018 eliam
508 959 574 1019 eius
598 958 758 1020 vicinitatis
780 960 868 1020 facile
895 960 1010 1035 primus
1037 969 1100 1021 tum

38 1035 44 1073 ²
64 1100 68 1119 ,
92 1040 169 1114 gratia
183 1048 276 1116 atque
287 1040 429 1116 hospitiis
444 1040 558 1104 florens
573 1042 726 1102 bominum
742 1042 1009 1103 nobilissimorum.
1024 1043 1099 1102 Nam

38 1132 43 1139 '
92 1138 145 1184 tum
156 1124 301 1196 Metellis,
324 1123 474 1192 Serviliis,
497 1123 692 1197 Scipionibus
714 1132 778 1185 erat
797 1125 826 1185 ei
847 1143 908 1185 non
928 1126 1020 1184 modo
1042 1122 1096 1184 ho·

38 1215 41 1239 ³
91 1207 210 1281 spitium,
226 1223 331 1266 verum
348 1205 437 1265 etiam
452 1206 638 1268 domesticus
653 1224 728 1268 usus
743 1216 773 1268 et
788 1209 993 1268 consuetudor
1011 1224 1098 1281 quae,

38 1298 40 1305 ’
89 1298 114 1349 ut
130 1306 257 1366 aequum
281 1297 342 1359 est,
371 1287 500 1348 familias
523 1289 691 1351 honestatis
712 1290 980 1365 amplitudinisque
1003 1289 1099 1364 gratia

38 1399 39 1406 .
88 1372 204 1433 nomino.
240 1374 347 1445 ltaque
370 1387 409 1430 ex
424 1370 487 1430 suis
504 1372 643 1432 omnibus
661 1373 829 1434 commodis
849 1373 907 1434 hoc
923 1376 1021 1433 solum
1035 1371 1097 1431 filio

86 1455 207 1530 reliquit:
229 1471 300 1514 nam
322 1453 534 1529 patrimonium
549 1455 708 1515 domestici
724 1457 897 1530 praedones
916 1456 946 1514 vi
961 1464 1098 1529 ereptum

88 1538 249 1611 possident,
275 1538 355 1596 fama
374 1545 404 1596 et
420 1536 482 1596 vila
502 1537 672 1599 innocentis
687 1540 725 1598 ab
742 1538 915 1612 hospitibus
930 1537 1098 1610 amicisque

88 1620 207 1694 paternis
228 1620 408 1680 defenditur.
453 1618 502 1681 16.
527 1620 584 1679 Hic
606 1638 697 1695 quum
713 1621 792 1680 omni
808 1629 944 1695 tempore
959 1619 1097 1679 nobilita-

88 1701 115 1762 tis
128 1704 224 1764 fautor
238 1703 361 1776 fuisset,
382 1711 444 1762 tum
459 1703 517 1762 hoc
535 1705 661 1763 tumultu
679 1702 834 1776 proximo,
858 1720 950 1776 quum
965 1701 1098 1761 omnium

88 1787 217 1846 nobilium
237 1785 367 1860 dignitas
382 1792 412 1844 et
426 1786 510 1844 salus
524 1784 555 1842 in
570 1785 731 1844 discrimen
746 1784 876 1857 veniret,
897 1791 1016 1858 praeter
1030 1797 1098 1841 cae·

88 1874 154 1929 toros
167 1868 199 1929 in
214 1885 252 1928 ea
266 1867 418 1928 vicinitate
433 1883 500 1926 eam
516 1873 633 1941 partem
649 1881 835 1939 causamque
854 1881 963 1941 opera,
986 1863 1097 1938 studio,

89 1951 251 2012 auctoritate
272 1950 417 2011 defendit.
433 1948 562 2008 'Etenim
582 1958 697 2009 rectum
712 1948 837 2024 putabat
851 1965 907 2022 pro
923 1963 1029 2010 eorum
1042 1947 1096 2007 ho

51 2052 54 2057 ·
88 2042 189 2096 testate
211 2051 245 2094 se
267 2049 419 2109 pugnare,
440 2040 565 2107 propter
581 2048 660 2106 quos
682 2031 751 2107 ipse
771 2031 1004 2091 honestissimus
1019 2030 1097 2090 inter

90 2130 149 2177 snos
168 2118 392 2179 numerabatur.
442 2115 643 2190 Posteaquam
664 2114 790 2175 victoria
809 2115 973 2175 constituta
993 2121 1040 2173 est
1057 2113 1096 2172 ab

90 2200 226 2275 armisque
245 2198 446 2271 recessimus,
470 2197 837 2273 quumproscriberentur
851 2196 990 2257 homines
1005 2204 1097 2269 atque
1145 2256 1148 2261 ,

90 2282 213 2344 exomni
233 2281 359 2357 regione
379 2289 559 2355 caperentur
580 2281 616 2353 ii,
642 2280 693 2356 qui
710 2280 877 2351 adversarii
900 2279 995 2338 fuisse
1010 2284 1096 2350 puta-

90 2359 193 2440 bantur,
214 2373 279 2425 erat
293 2364 343 2424 ille
357 2365 472 2424 Romae
487 2366 646 2438 frequens,
670 2363 700 2422 in
718 2366 784 2423 foro
801 2370 831 2422 et
847 2362 877 2420 in
894 2378 946 2421 ore
964 2359 1096 2420 omnium

93 2447 185 2508 cotidie
201 2448 393 2520 versabatur,
409 2446 504 2522 magis
519 2455 552 2507 ut
566 2448 719 2507 exsultare
733 2445 859 2505 victoria
874 2443 1037 2504 nobilitatis
1053 2441 1096 2501 vi-

92 2526 194 2593 deretur
208 2548 300 2607 quam
315 2530 419 2590 timere
434 2546 472 2589 ne
485 2529 558 2603 quid
573 2546 611 2589 ex
626 2546 661 2589 ea
677 2528 853 2589 calamitatis
866 2527 924 2588 sibi
935 2526 1096 2586 accideret.

91 2606 129 2672 li.
144 2615 237 2675 Erant
256 2613 285 2674 ei
298 2623 418 2673 veteres
432 2611 604 2672 inimicitiae
622 2629 691 2672 cunr
706 2612 826 2671 duobus
840 2609 962 2671 Rosciis
978 2606 1095 2667 Ameri-

90 2692 139 2770 nis,
156 2714 285 2773 quorum
298 2697 424 2756 alterum
437 2696 546 2755 sedere
560 2695 590 2754 in
606 2703 817 2755 accusatorum
832 2692 984 2754 subselliis
995 2691 1097 2763 video,

90 2777 199 2842 derum
217 2781 274 2841 tria
292 2778 423 2838 huiusce
442 2777 567 2852 praedia
588 2777 750 2853 possidere
772 2777 880 2837 audio:
908 2791 984 2849 quas
1000 2771 1096 2832 inimi-

90 2858 160 2924 citias
180 2863 283 2925 sitam
300 2878 409 2922 cavere
424 2862 588 2936 potuisset,
605 2877 694 2936 quam
711 2869 844 2920 metuere
861 2858 992 2926 solebat,
1012 2854 1097 2913 vive-

89 2952 131 3003 rot
154 2948 260 3023 Neque
280 2945 374 3016 enim,
396 2944 528 3015 iudices,
549 2944 657 3004 iniuria
677 2943 837 3004 metuebat.
869 2940 944 2998 Nam
964 2933 1096 3030 duotisti

90 3037 147 3088 sunt
160 3031 191 3089 T.
208 3027 329 3101 Roscii,
352 3044 479 3102 quorum
500 3026 585 3086 alteri
601 3025 737 3100 Capitoni
755 3036 924 3098 cognomen
945 3026 1007 3090 est,
1027 3026 1094 3089 rste,

90 3110 130 3181 qui
142 3115 242 3186 adest,
256 3111 386 3185 Magnus
402 3118 542 3181 vocatur,
557 3109 695 3168 homines
713 3101 891 3168 eiusmodi:
907 3102 982 3160 alter
1004 3101 1096 3177 pluri-

89 3202 188 3256 numm
202 3196 370 3271 palmarum
384 3200 471 3252 vetus
483 3206 519 3250 ac
534 3191 644 3250 nobilis
657 3190 805 3263 gladiator
819 3184 958 3255 habetur,
977 3184 1027 3244 hic
1042 3201 1095 3243 au·

88 3277 136 3338 tem
145 3295 241 3354 nuper
253 3294 287 3337 se
298 3275 338 3336 ad
353 3292 422 3335 eum
440 3272 578 3331 lanistam
595 3271 734 3331 contulit:
760 3268 811 3344 qui
826 3285 917 3342 quum
932 3276 1001 3328 ante
1018 3267 1097 3326 hanc

85 3364 205 3434 monam
219 3361 277 3422 tiro
291 3367 390 3432 esset,
407 3357 489 3432 quod
503 3353 612 3426 sciam,
634 3355 721 3412 facile
733 3353 832 3427 ipsum
843 3351 1098 3426 magistrumsce-

88 3434 138 3505 lere
152 3442 342 3518 audaciaque
355 3436 519 3517 superavit.
539 3436 605 3496 Vll.
620 3434 670 3499 18.
690 3435 764 3496 Nam
781 3433 936 3512 quum‘hic
950 3432 1022 3492 Sex.
1037 3431 1098 3488 llo-
