2356 3854
326 174 550 242 caesar—aa.
572 186 743 246 §.os—oo.
815 183 818 196 '
990 176 1050 261 1'91
1116 161 1119 170 ¹

107 327 223 386 XXXll.
235 325 285 392 67.
309 329 373 401 Qua
386 345 420 386 re
432 337 464 388 ut
475 329 513 387 ad
525 331 564 399 id,
584 332 666 403 qnod
681 329 804 403 institui,
820 341 962 404 revertar,
978 336 1049 394 tolle

58 409 96 467 ihi
113 426 129 468 e
145 425 240 469 eausa
256 427 365 470 nomen
385 411 520 471 Catonis:
547 428 686 486 remove,
702 416 904 488 praetermitte
920 416 1049 475 auctori-

58 501 127 564 ttem,
151 493 275 566 quaein
292 489 411 552 iudiciis
429 502 480 553 aut
494 493 565 552 nihil
584 497 684 555 valere
700 505 750 555 aut
764 498 802 554 ad
819 499 944 556 salutern
960 499 1051 558 debet

58 576 139 633 alere:
164 578 352 650 congredere
368 592 486 634 meeum
505 577 678 637 criminibus
694 578 780 651 ipsis.
817 580 892 652 Quid
909 575 1047 652 accusas,

58 665 119 716 ¹ato?
135 658 213 731 ,quid
234 659 336 722 adfers
357 660 397 717 ad
414 659 577 718 iudiciuin?
599 660 671 734 quid
688 661 812 733 arguis?
833 663 984 736 Ambitum
999 680 1049 722 ae·

58 756 129 799 usas:
147 755 208 798 non
221 741 375 815 defendo„
395 742 443 800 Me
458 743 666 816 reprehendis,
686 742 769 816 quod
783 741 862 800 idern
878 746 1048 819 defendam,

60 824 109 881 uod
127 824 195 896 lege
216 823 396 897 poenierim:
429 825 552 898 poenivi
574 825 731 897 ambitum,
759 841 820 883 non
838 825 1047 886 innocentiam.

58 906 173 964 inbitum
193 922 266 966 vero
281 908 381 981 ipsum
397 909 444 966 vel
465 915 563 967 tecum
578 909 746 980 accusabo,
768 908 793 965 si
814 910 909 967 voles.
942 909 1048 968 Dixisti

58 995 146 1047 enatus
170 990 340 1048 consultum
368 1006 415 1048 rne
436 991 586 1050 referente
613 1007 683 1050 esse
707 991 832 1049 facturn:
864 1007 891 1049 s1
914 1006 1049 1049 nnncuou

58 1084 164 1130 ornnem
181 1086 299 1131 onvrnrr
313 1088 489 1132 onnoronrrs
506 1089 615 1145 msam,
634 1090 661 1131 s1
680 1090 819 1133 cononem
834 1089 1049 1146 sacraremus,

58 1167 309 1235 reranmroarnus
330 1170 425 1214 vacco
448 1170 538 1227 rocus
559 1172 699 1214 aaronem
722 1173 758 1214 ar
780 1172 851 1214 mun
873 1173 1005 1215 nanuum
1021 1172 1049 1215 sr

58 1248 120 1295 ‘unco
133 1252 243 1296 asssnr
255 1254 344 1307 narn,
362 1253 475 1312 conant
491 1254 587 1296 necaro
599 1239 792 1298 Cacnnnnmn
806 1255 922 1298 nicrum
937 1255 1049 1307 urnam.

58 1315 107 1392 hgo
122 1319 163 1379 ita
184 1328 308 1379 senatus
330 1322 355 1378 si
376 1320 501 1391 iudicat,
527 1328 631 1380 contra
646 1323 743 1396 legern
759 1323 838 1382 facta
853 1322 928 1381 haec
943 1322 1049 1393 videri,
1125 1322 1126 1327 ’

58 1397 142 1460 ifucta
156 1402 231 1474 sint,
255 1404 401 1474 decernit,
428 1404 508 1476 quod
526 1404 597 1463 nihil
614 1421 692 1480 opus
709 1414 773 1481 est,
793 1407 864 1465 dum
880 1404 1048 1464 candidatis

58 1497 136 1543 torem
157 1485 242 1558 gerit.
280 1486 352 1545 Nam
371 1488 479 1546 facturn
501 1487 539 1546 sit
559 1504 654 1547 necne
674 1488 868 1547 vehementer
886 1487 1046 1562 quaeritur.

59 1563 181 1627 ifactum
193 1575 260 1640 est,
284 1568 355 1642 quin
380 1579 483 1630 contra
500 1567 596 1643 legem
618 1572 656 1630 sit
678 1570 813 1630 dubitare
830 1588 919 1630 nemo
938 1578 1046 1644 potest.

58 1645 78 1709 Β.
96 1650 148 1710 Est
162 1649 251 1724 igitur
267 1650 440 1723 ridiculum,
458 1653 539 1725 quod
555 1661 602 1712 est
616 1652 753 1723 dubium,
771 1652 801 1710 id
819 1653 990 1727 relinquere
1003 1652 1047 1710 in·

58 1727 152 1792 tntum:
172 1734 255 1807 quod
266 1734 376 1792 nemini
391 1735 513 1793 dubium
527 1742 626 1808 potest
640 1751 720 1804 esse,
737 1734 768 1792 id
783 1734 926 1793 iudicare.
948 1737 1048 1807 Atque

58 1816 243 1876 decernitur
258 1816 397 1876 omnibus
414 1817 636 1890 postulantibus
652 1815 836 1875 candidatis:
859 1825 892 1874 ut
906 1831 944 1874 ex
961 1831 1048 1874 sena·

58 1914 75 1958 s
94 1901 232 1959 consulto
255 1916 355 1972 neque
377 1899 461 1959 euius
478 1898 595 1957 intersit
610 1914 709 1972 neque
728 1905 831 1958 contra
847 1914 936 1971 quern
952 1897 991 1957 sit
1004 1897 1048 1956 in·
1128 1956 1132 1960 ,

60 1981 115 2056 fligi
129 1981 238 2055 possit.
278 1981 341 2054 Qua
356 1999 389 2040 re
404 1982 481 2041 doce
496 1983 559 2040 aL.
575 1982 700 2041 Murena
717 1981 766 2039 illa
785 1997 855 2041 esse
871 1980 1047 2040 commissa:

58 2081 92 2122 m
103 2072 222 2138 egomet
238 2064 291 2124 tibi
309 2074 412 2124 eontra
427 2066 523 2137 legem
539 2065 702 2125 commissa
717 2080 787 2124 esse
803 2066 979 2124 concedam.

106 2147 236 2206 XXXIII.
263 2147 347 2207 Multi
373 2149 491 2207 obviarn
516 2148 692 2221 prodierunt
717 2149 754 2206 de
779 2147 936 2222 provincia
960 2148 1048 2205 dece·

58 2228 114 2301 anti,
133 2230 322 2290 consulatum
334 2230 455 2303 petenti.
485 2230 656 2291 Soletfleri.
681 2230 774 2290 Eccui
790 2239 962 2290 autemnon
980 2232 1049 2302 pro·

58 2315 105 2371 itur
118 2312 301 2372 revertenti?
330 2314 412 2384 Quae
428 2313 483 2373 fuit
499 2313 556 2374 ista
572 2314 752 2374 multitudo?
779 2312 924 2382 Primum,
950 2312 975 2370 si
996 2309 1049 2370 tibi

60 2384 272 2455 tam‘rationem
289 2412 349 2456 non
365 2396 480 2469 possim
498 2398 635 2469 reddere,
653 2398 725 2471 quid
741 2397 831 2455 habet
842 2393 1048 2454 admirationis
1140 2454 1142 2459 ,

58 2476 78 2535 li
93 2479 156 2538 viro
178 2478 365 2549 advenienti,
390 2480 549 2539 candidato
574 2477 741 2549 consulari,
766 2479 886 2538 obvium
907 2477 1048 2553 prodisse

61 2561 157 2620 ullos?
174 2561 330 2635 quodnisi
348 2571 430 2622 esset
445 2565 570 2632 factum,
588 2565 683 2636 magis
701 2561 867 2621 mirandum
885 2562 1047 2620 videretur.

58 2640 77 2701 l.
98 2643 188 2716 Quid,
215 2643 241 2703 si
263 2644 350 2703 etiam
371 2644 444 2704 illud
461 2647 584 2717 addam,
608 2647 691 2720 quod
712 2663 730 2704 a
748 2644 967 2706 consuetudine
988 2659 1049 2702 non

58 2726 180 2797 aborret,
199 2735 324 2799 rogatos
341 2743 411 2786 esse
426 2729 552 2800 multos,
579 2746 650 2787 num
667 2737 718 2788 aut
735 2728 930 2788 criminosum
946 2728 984 2785 sit
999 2733 1049 2784 aut

58 2807 207 2882 tirandum,
234 2826 293 2882 qua
313 2809 342 2868 in
365 2810 483 2869 civitate
503 2813 600 2884 rogati
615 2812 785 2870 infimorum
801 2811 954 2870 hominum
970 2807 1049 2865 filios

58 2907 122 2966 rope
143 2895 181 2952 de
202 2901 291 2951 nocte
312 2908 350 2950 ex
371 2893 473 2952 ultima
494 2909 587 2967 saepe
608 2896 681 2953 urbe
704 2895 865 2952 deductum
882 2889 984 2951 venire
1000 2905 1049 2947 so-

60 2990 149 3045 unruS,
167 2976 196 3033 in
212 2992 249 3034 ea
264 2992 323 3034 non
340 2991 410 3034 esse
424 2982 566 3049 gravatos
581 2977 718 3036 homines
734 2976 858 3049 prodire
874 2973 951 3031 hora
964 2968 1050 3029 tertia

78 3075 216 3132 campum
234 3058 388 3129 Martium,
403 3058 586 3130 praesertim
606 3058 674 3127 talis
693 3057 749 3115 viri
764 3057 885 3115 nomine
905 3059 1051 3126 rogatos?

58 3141 112 3212 uid,
129 3143 273 3201 siomnes
290 3141 451 3202 societates
466 3149 619 3212 venerunt,
638 3156 762 3212 quarum
775 3155 813 3197 ex
829 3152 953 3197 numero
968 3136 1050 3194 mulli

58 3225 134 3283 edent
154 3225 294 3285 iudices?
323 3224 409 3297 quid,
437 3222 462 3281 si
483 3223 565 3280 multi
585 3221 723 3280 homines
743 3221 838 3280 nostri
862 3219 976 3278 ordinis
996 3219 1050 3277 ho-

58 3307 213 3372 tstissimil
233 3307 315 3381 quid,
332 3307 358 3365 si
372 3307 422 3364 illa
436 3304 669 3374 officiosissima,
686 3319 765 3377 quae
779 3303 926 3362 neminem
942 3300 1051 3376 patitur

58 3407 86 3449 tn
102 3391 232 3452 honeste
246 3391 276 3450 in
290 3391 395 3449 urbem
411 3388 547 3459 introire,
571 3395 631 3447 tota
652 3386 732 3446 n'atio
754 3386 1003 3446 candidatorum?
1026 3382 1051 3441 si
