<?xml version="1.0" encoding="UTF-8"?>
<!DOCTYPE html PUBLIC "-//W3C//DTD XHTML 1.0 Transitional//EN"
    "http://www.w3.org/TR/xhtml1/DTD/xhtml1-transitional.dtd">
<html xmlns="http://www.w3.org/1999/xhtml" xml:lang="en" lang="en">
 <head>
  <title>
</title>
<meta http-equiv="Content-Type" content="text/html;charset=utf-8" />
  <meta name='ocr-system' content='tesseract 3.04.00' />
  <meta name='ocr-capabilities' content='ocr_page ocr_carea ocr_par ocr_line ocrx_word'/>
</head>
<body>
  <div class='ocr_page' id='page_1' title='image "./mtulliiciceroni08cicegoog_0183.png"; bbox 0 0 2356 3854; ppageno 0'>
   <div class='ocr_carea' id='block_1_1' title="bbox 89 209 871 283">
    <p class='ocr_par' dir='ltr' id='par_1_1' title="bbox 89 209 871 283">
     <span class='ocr_line' id='line_1_1' title="bbox 89 209 871 283; baseline -0.01 -7"><span class='ocrx_word' id='word_1_1' title='bbox 89 209 154 276; x_wconf 78' lang='lat'><strong>152</strong></span> <span class='ocrx_word' id='word_1_2' title='bbox 295 276 297 283; x_wconf 44' lang='lat'><strong>,</strong></span> <span class='ocrx_word' id='word_1_3' title='bbox 339 215 377 272; x_wconf 86' lang='grc' dir='ltr'><strong>ΙΝ</strong></span> <span class='ocrx_word' id='word_1_4' title='bbox 391 214 423 272; x_wconf 92' lang='lat' dir='ltr'><strong>L.</strong></span> <span class='ocrx_word' id='word_1_5' title='bbox 440 211 650 273; x_wconf 82' lang='lat' dir='ltr'><strong>CATILINAM</strong></span> <span class='ocrx_word' id='word_1_6' title='bbox 664 209 807 270; x_wconf 84' lang='lat' dir='ltr'><strong>ORATIO</strong></span> <span class='ocrx_word' id='word_1_7' title='bbox 819 211 871 269; x_wconf 88' lang='lat' dir='ltr'><strong>tlt.</strong></span> 
     </span>
    </p>
   </div>
   <div class='ocr_carea' id='block_1_2' title="bbox 9 360 1019 3516">
    <p class='ocr_par' dir='ltr' id='par_1_2' title="bbox 9 360 1019 3516">
     <span class='ocr_line' id='line_1_2' title="bbox 90 360 1018 439; baseline -0.009 -11"><span class='ocrx_word' id='word_1_8' title='bbox 90 369 174 429; x_wconf 89' lang='lat' dir='ltr'><strong>ribus</strong></span> <span class='ocrx_word' id='word_1_9' title='bbox 191 363 303 439; x_wconf 83' lang='lat' dir='ltr'><strong>lupinis</strong></span> <span class='ocrx_word' id='word_1_10' title='bbox 317 362 489 435; x_wconf 71' lang='lat' dir='ltr'>inhiantem,</span> <span class='ocrx_word' id='word_1_11' title='bbox 506 363 603 423; x_wconf 84' lang='lat' dir='ltr'><strong>luisse</strong></span> <span class='ocrx_word' id='word_1_12' title='bbox 618 360 805 420; x_wconf 83' lang='lat' dir='ltr'><strong>meministis.</strong></span> <span class='ocrx_word' id='word_1_13' title='bbox 823 360 889 433; x_wconf 81' lang='lat' dir='ltr'><strong>Quo</strong></span> <span class='ocrx_word' id='word_1_14' title='bbox 907 360 1018 436; x_wconf 85' lang='lat' dir='ltr'><strong>quiden</strong></span> 
     </span>
     <span class='ocr_line' id='line_1_3' title="bbox 89 444 1018 526; baseline -0.005 -17"><span class='ocrx_word' id='word_1_15' title='bbox 89 465 165 526; x_wconf 89' lang='lat' dir='ltr'><strong>pore</strong></span> <span class='ocrx_word' id='word_1_16' title='bbox 184 463 276 522; x_wconf 89' lang='lat' dir='ltr'><strong>quum</strong></span> <span class='ocrx_word' id='word_1_17' title='bbox 290 447 471 520; x_wconf 85' lang='lat' dir='ltr'><strong>haruspices</strong></span> <span class='ocrx_word' id='word_1_18' title='bbox 487 462 527 505; x_wconf 88' lang='lat' dir='ltr'><strong>ex</strong></span> <span class='ocrx_word' id='word_1_19' title='bbox 542 452 606 505; x_wconf 86' lang='lat' dir='ltr'><strong>tota</strong></span> <span class='ocrx_word' id='word_1_20' title='bbox 620 444 741 504; x_wconf 76' lang='lat' dir='ltr'><strong>Etruria</strong></span> <span class='ocrx_word' id='word_1_21' title='bbox 755 445 991 517; x_wconf 88' lang='lat' dir='ltr'><strong>convenissent,</strong></span> <span class='ocrx_word' id='word_1_22' title='bbox 1007 462 1018 504; x_wconf 85' lang='lat' dir='ltr'><strong>o</strong></span> 
     </span>
     <span class='ocr_line' id='line_1_4' title="bbox 89 526 1018 607; baseline -0.015 -14"><span class='ocrx_word' id='word_1_23' title='bbox 89 541 181 607; x_wconf 83' lang='lat' dir='ltr'><strong>atque</strong></span> <span class='ocrx_word' id='word_1_24' title='bbox 201 529 342 590; x_wconf 88' lang='lat' dir='ltr'><strong>incendia</strong></span> <span class='ocrx_word' id='word_1_25' title='bbox 355 536 387 589; x_wconf 92' lang='lat' dir='ltr'><strong>et</strong></span> <span class='ocrx_word' id='word_1_26' title='bbox 407 529 507 603; x_wconf 83' lang='lat' dir='ltr'><strong>legum</strong></span> <span class='ocrx_word' id='word_1_27' title='bbox 521 527 671 588; x_wconf 89' lang='lat' dir='ltr'><strong>interitum</strong></span> <span class='ocrx_word' id='word_1_28' title='bbox 687 534 717 586; x_wconf 87' lang='lat' dir='ltr'><strong>et</strong></span> <span class='ocrx_word' id='word_1_29' title='bbox 730 526 843 586; x_wconf 89' lang='lat' dir='ltr'><strong>bellum</strong></span> <span class='ocrx_word' id='word_1_30' title='bbox 858 526 950 589; x_wconf 82' lang='lat' dir='ltr'><strong>ciuile</strong></span> <span class='ocrx_word' id='word_1_31' title='bbox 966 544 1001 586; x_wconf 89' lang='lat' dir='ltr'><strong>ac</strong></span> <span class='ocrx_word' id='word_1_32' title='bbox 1016 556 1018 579; x_wconf 83' lang='lat'><em>.</em></span> 
     </span>
     <span class='ocr_line' id='line_1_5' title="bbox 91 609 1018 685; baseline -0.005 -10"><span class='ocrx_word' id='word_1_33' title='bbox 91 614 198 675; x_wconf 90' lang='lat' dir='ltr'><strong>sticum</strong></span> <span class='ocrx_word' id='word_1_34' title='bbox 213 621 245 674; x_wconf 81' lang='lat' dir='ltr'><strong>et</strong></span> <span class='ocrx_word' id='word_1_35' title='bbox 257 612 350 673; x_wconf 89' lang='lat' dir='ltr'><strong>totius</strong></span> <span class='ocrx_word' id='word_1_36' title='bbox 366 611 452 672; x_wconf 87' lang='lat' dir='ltr'><strong>urbis</strong></span> <span class='ocrx_word' id='word_1_37' title='bbox 470 619 563 685; x_wconf 88' lang='lat' dir='ltr'><strong>atque</strong></span> <span class='ocrx_word' id='word_1_38' title='bbox 576 609 695 684; x_wconf 88' lang='lat' dir='ltr'><strong>imperii</strong></span> <span class='ocrx_word' id='word_1_39' title='bbox 710 625 854 669; x_wconf 89' lang='lat' dir='ltr'><strong>occasum</strong></span> <span class='ocrx_word' id='word_1_40' title='bbox 870 611 1018 684; x_wconf 87' lang='lat' dir='ltr'><strong>appropio</strong></span> 
     </span>
     <span class='ocr_line' id='line_1_6' title="bbox 91 692 1016 767; baseline -0.006 -10"><span class='ocrx_word' id='word_1_41' title='bbox 91 697 238 766; x_wconf 88' lang='lat' dir='ltr'><strong>dixerunt,</strong></span> <span class='ocrx_word' id='word_1_42' title='bbox 256 693 315 756; x_wconf 88' lang='lat' dir='ltr'><strong>nisi</strong></span> <span class='ocrx_word' id='word_1_43' title='bbox 329 695 359 754; x_wconf 91' lang='lat' dir='ltr'><strong>di</strong></span> <span class='ocrx_word' id='word_1_44' title='bbox 374 694 557 755; x_wconf 86' lang='lat' dir='ltr'><strong>immortales</strong></span> <span class='ocrx_word' id='word_1_45' title='bbox 573 693 655 754; x_wconf 91' lang='lat' dir='ltr'><strong>omni</strong></span> <span class='ocrx_word' id='word_1_46' title='bbox 669 692 786 753; x_wconf 86' lang='lat' dir='ltr'><strong>ratione</strong></span> <span class='ocrx_word' id='word_1_47' title='bbox 802 692 912 767; x_wconf 90' lang='lat' dir='ltr'><strong>placati</strong></span> <span class='ocrx_word' id='word_1_48' title='bbox 925 708 984 752; x_wconf 92' lang='lat' dir='ltr'><strong>suo</strong></span> <span class='ocrx_word' id='word_1_49' title='bbox 999 711 1016 751; x_wconf 94' lang='lat' dir='ltr'><strong>n</strong></span> 
     </span>
     <span class='ocr_line' id='line_1_7' title="bbox 90 775 1018 856; baseline -0.008 -14"><span class='ocrx_word' id='word_1_50' title='bbox 90 797 188 856; x_wconf 85' lang='lat' dir='ltr'><strong>prope</strong></span> <span class='ocrx_word' id='word_1_51' title='bbox 205 782 266 839; x_wconf 82' lang='lat' dir='ltr'><strong>lata</strong></span> <span class='ocrx_word' id='word_1_52' title='bbox 280 778 350 853; x_wconf 90' lang='lat' dir='ltr'><strong>ipsa</strong></span> <span class='ocrx_word' id='word_1_53' title='bbox 364 777 533 838; x_wconf 86' lang='lat' dir='ltr'><strong>flexissent.</strong></span> <span class='ocrx_word' id='word_1_54' title='bbox 564 776 615 838; x_wconf 80' lang='lat'><strong>20.</strong></span> <span class='ocrx_word' id='word_1_55' title='bbox 632 777 738 850; x_wconf 86' lang='lat' dir='ltr'><strong>ltaque</strong></span> <span class='ocrx_word' id='word_1_56' title='bbox 752 775 872 835; x_wconf 92' lang='lat' dir='ltr'><strong>illorum</strong></span> <span class='ocrx_word' id='word_1_57' title='bbox 883 791 1018 850; x_wconf 90' lang='lat' dir='ltr'>respons</span> 
     </span>
     <span class='ocr_line' id='line_1_8' title="bbox 90 860 1019 938; baseline -0.006 -14"><span class='ocrx_word' id='word_1_58' title='bbox 90 862 194 924; x_wconf 89' lang='lat' dir='ltr'><strong>etludi</strong></span> <span class='ocrx_word' id='word_1_59' title='bbox 206 863 379 938; x_wconf 88' lang='lat' dir='ltr'><strong>perdecem</strong></span> <span class='ocrx_word' id='word_1_60' title='bbox 391 861 459 920; x_wconf 89' lang='lat' dir='ltr'><strong>dies</strong></span> <span class='ocrx_word' id='word_1_61' title='bbox 471 862 541 921; x_wconf 84' lang='lat' dir='ltr'><strong>iacti</strong></span> <span class='ocrx_word' id='word_1_62' title='bbox 559 867 629 920; x_wconf 87' lang='lat' dir='ltr'><strong>sunt</strong></span> <span class='ocrx_word' id='word_1_63' title='bbox 643 875 743 933; x_wconf 88' lang='lat' dir='ltr'><strong>neque</strong></span> <span class='ocrx_word' id='word_1_64' title='bbox 760 875 810 918; x_wconf 88' lang='lat' dir='ltr'><strong>res</strong></span> <span class='ocrx_word' id='word_1_65' title='bbox 827 860 890 918; x_wconf 90' lang='lat' dir='ltr'><strong>ulla</strong></span> <span class='ocrx_word' id='word_1_66' title='bbox 905 876 987 932; x_wconf 89' lang='lat' dir='ltr'><strong>quac</strong></span> <span class='ocrx_word' id='word_1_67' title='bbox 1001 877 1019 918; x_wconf 93' lang='lat' dir='ltr'><strong>a</strong></span> 
     </span>
     <span class='ocr_line' id='line_1_9' title="bbox 90 940 1018 1018; baseline -0.006 -12"><span class='ocrx_word' id='word_1_68' title='bbox 90 947 207 1006; x_wconf 88' lang='lat' dir='ltr'><strong>candos</strong></span> <span class='ocrx_word' id='word_1_69' title='bbox 219 946 295 1005; x_wconf 92' lang='lat' dir='ltr'><strong>deos</strong></span> <span class='ocrx_word' id='word_1_70' title='bbox 312 944 474 1018; x_wconf 76' lang='lat' dir='ltr'><strong>pertineret</strong></span> <span class='ocrx_word' id='word_1_71' title='bbox 490 941 705 1018; x_wconf 87' lang='lat' dir='ltr'><strong>praetermissa</strong></span> <span class='ocrx_word' id='word_1_72' title='bbox 717 949 778 1013; x_wconf 89' lang='lat' dir='ltr'><strong>est,</strong></span> <span class='ocrx_word' id='word_1_73' title='bbox 793 940 950 1015; x_wconf 89' lang='lat' dir='ltr'><strong>iidemque</strong></span> <span class='ocrx_word' id='word_1_74' title='bbox 966 944 1018 1003; x_wconf 72' lang='lat' dir='ltr'><strong>ius:</strong></span> 
     </span>
     <span class='ocr_line' id='line_1_10' title="bbox 90 1023 1018 1089; baseline -0.003 0"><span class='ocrx_word' id='word_1_75' title='bbox 90 1028 282 1089; x_wconf 79' lang='lat' dir='ltr'><strong>simulacrum</strong></span> <span class='ocrx_word' id='word_1_76' title='bbox 303 1027 386 1087; x_wconf 92' lang='lat' dir='ltr'><strong>Iovis</strong></span> <span class='ocrx_word' id='word_1_77' title='bbox 410 1027 511 1087; x_wconf 86' lang='lat' dir='ltr'><strong>iacere</strong></span> <span class='ocrx_word' id='word_1_78' title='bbox 530 1025 628 1089; x_wconf 88' lang='lat' dir='ltr'><strong>maius</strong></span> <span class='ocrx_word' id='word_1_79' title='bbox 652 1023 732 1083; x_wconf 90' lang='lat' dir='ltr'><strong>etin</strong></span> <span class='ocrx_word' id='word_1_80' title='bbox 758 1025 883 1083; x_wconf 82' lang='lat' dir='ltr'><strong>excelso</strong></span> <span class='ocrx_word' id='word_1_81' title='bbox 911 1028 1018 1086; x_wconf 71' lang='lat' dir='ltr'><strong>colloca</strong></span> 
     </span>
     <span class='ocr_line' id='line_1_11' title="bbox 90 1106 994 1184; baseline -0.011 -11"><span class='ocrx_word' id='word_1_82' title='bbox 90 1106 194 1173; x_wconf 82' lang='lat' dir='ltr'><strong>eontra</strong></span> <span class='ocrx_word' id='word_1_83' title='bbox 223 1119 315 1184; x_wconf 90' lang='lat' dir='ltr'><strong>atque</strong></span> <span class='ocrx_word' id='word_1_84' title='bbox 334 1118 422 1169; x_wconf 89' lang='lat' dir='ltr'><strong>antea</strong></span> <span class='ocrx_word' id='word_1_85' title='bbox 443 1109 541 1169; x_wconf 86' lang='lat' dir='ltr'><strong>iuerat</strong></span> <span class='ocrx_word' id='word_1_86' title='bbox 568 1110 608 1169; x_wconf 90' lang='lat' dir='ltr'><strong>ad</strong></span> <span class='ocrx_word' id='word_1_87' title='bbox 629 1108 776 1167; x_wconf 88' lang='lat' dir='ltr'><strong>orientem</strong></span> <span class='ocrx_word' id='word_1_88' title='bbox 797 1116 994 1169; x_wconf 79' lang='lat' dir='ltr'><strong>convertere:</strong></span> 
     </span>
     <span class='ocr_line' id='line_1_12' title="bbox 91 1189 1007 1269; baseline -0.001 -15"><span class='ocrx_word' id='word_1_89' title='bbox 91 1209 215 1269; x_wconf 89' lang='lat' dir='ltr'><strong>sperare</strong></span> <span class='ocrx_word' id='word_1_90' title='bbox 233 1192 385 1264; x_wconf 86' lang='lat' dir='ltr'><strong>dixerunt,</strong></span> <span class='ocrx_word' id='word_1_91' title='bbox 401 1190 427 1251; x_wconf 92' lang='lat' dir='ltr'><strong>si</strong></span> <span class='ocrx_word' id='word_1_92' title='bbox 443 1190 519 1251; x_wconf 94' lang='lat' dir='ltr'><strong>illud</strong></span> <span class='ocrx_word' id='word_1_93' title='bbox 533 1194 667 1266; x_wconf 85' lang='lat' dir='ltr'><strong>signum,</strong></span> <span class='ocrx_word' id='word_1_94' title='bbox 684 1189 909 1264; x_wconf 70' lang='lat' dir='ltr'><strong>quodannis,</strong></span> <span class='ocrx_word' id='word_1_95' title='bbox 930 1192 1007 1253; x_wconf 93' lang='lat' dir='ltr'><strong>solis</strong></span> 
     </span>
     <span class='ocr_line' id='line_1_13' title="bbox 90 1271 1014 1349; baseline -0.001 -14"><span class='ocrx_word' id='word_1_96' title='bbox 90 1278 237 1336; x_wconf 87' lang='lat' dir='ltr'><strong>eliorum</strong></span> <span class='ocrx_word' id='word_1_97' title='bbox 259 1273 434 1349; x_wconf 89' lang='lat' dir='ltr'><strong>curiamque</strong></span> <span class='ocrx_word' id='word_1_98' title='bbox 455 1271 661 1348; x_wconf 80' lang='lat' dir='ltr'><strong>conspiceret,</strong></span> <span class='ocrx_word' id='word_1_99' title='bbox 684 1277 749 1333; x_wconf 87' lang='lat' dir='ltr'><strong>lore</strong></span> <span class='ocrx_word' id='word_1_100' title='bbox 769 1280 802 1332; x_wconf 92' lang='lat' dir='ltr'><strong>ut</strong></span> <span class='ocrx_word' id='word_1_101' title='bbox 816 1289 854 1332; x_wconf 87' lang='lat' dir='ltr'><strong>ea</strong></span> <span class='ocrx_word' id='word_1_102' title='bbox 869 1275 1014 1345; x_wconf 90' lang='lat' dir='ltr'><strong>consilia,</strong></span> 
     </span>
     <span class='ocr_line' id='line_1_14' title="bbox 91 1355 1014 1441; baseline -0.002 -23"><span class='ocrx_word' id='word_1_103' title='bbox 91 1361 166 1418; x_wconf 89' lang='lat' dir='ltr'><strong>clam</strong></span> <span class='ocrx_word' id='word_1_104' title='bbox 191 1365 296 1418; x_wconf 89' lang='lat' dir='ltr'><strong>essent</strong></span> <span class='ocrx_word' id='word_1_105' title='bbox 315 1357 388 1417; x_wconf 88' lang='lat' dir='ltr'><strong>inita</strong></span> <span class='ocrx_word' id='word_1_106' title='bbox 411 1365 515 1417; x_wconf 90' lang='lat' dir='ltr'><strong>contra</strong></span> <span class='ocrx_word' id='word_1_107' title='bbox 531 1359 658 1417; x_wconf 89' lang='lat' dir='ltr'><strong>salutem</strong></span> <span class='ocrx_word' id='word_1_108' title='bbox 679 1355 762 1417; x_wconf 90' lang='lat' dir='ltr'><strong>urbis</strong></span> <span class='ocrx_word' id='word_1_109' title='bbox 781 1364 873 1441; x_wconf 85' lang='lat' dir='ltr'><strong>atque</strong></span> <span class='ocrx_word' id='word_1_110' title='bbox 894 1356 1014 1432; x_wconf 89' lang='lat' dir='ltr'><strong>imperii</strong></span> 
     </span>
     <span class='ocr_line' id='line_1_15' title="bbox 29 1440 1018 1515; baseline -0.001 -15"><span class='ocrx_word' id='word_1_111' title='bbox 29 1444 34 1451; x_wconf 88' lang='lat'>&#39;</span> <span class='ocrx_word' id='word_1_112' title='bbox 90 1448 270 1512; x_wconf 81' lang='lat' dir='ltr'><strong>sinerentur,</strong></span> <span class='ocrx_word' id='word_1_113' title='bbox 294 1448 328 1500; x_wconf 92' lang='lat' dir='ltr'><strong>ut</strong></span> <span class='ocrx_word' id='word_1_114' title='bbox 351 1457 370 1499; x_wconf 87' lang='lat' dir='ltr'><strong>a</strong></span> <span class='ocrx_word' id='word_1_115' title='bbox 395 1448 503 1500; x_wconf 84' lang='lat' dir='ltr'><strong>senatu</strong></span> <span class='ocrx_word' id='word_1_116' title='bbox 523 1440 701 1515; x_wconf 85' lang='lat' dir='ltr'><strong>populoque</strong></span> <span class='ocrx_word' id='word_1_117' title='bbox 720 1440 857 1500; x_wconf 87' lang='lat' dir='ltr'><strong>Romano</strong></span> <span class='ocrx_word' id='word_1_118' title='bbox 881 1441 1018 1515; x_wconf 87' lang='lat' dir='ltr'><strong>perspici</strong></span> 
     </span>
     <span class='ocr_line' id='line_1_16' title="bbox 13 1520 1015 1605; baseline 0.001 -23"><span class='ocrx_word' id='word_1_119' title='bbox 13 1598 16 1605; x_wconf 75' lang='lat'><strong>,</strong></span> <span class='ocrx_word' id='word_1_120' title='bbox 89 1532 175 1583; x_wconf 83' lang='lat' dir='ltr'><strong>sent·</strong></span> <span class='ocrx_word' id='word_1_121' title='bbox 205 1524 306 1597; x_wconf 86' lang='lat' dir='ltr'><strong>Atque</strong></span> <span class='ocrx_word' id='word_1_122' title='bbox 327 1522 402 1583; x_wconf 92' lang='lat' dir='ltr'><strong>illud</strong></span> <span class='ocrx_word' id='word_1_123' title='bbox 424 1520 550 1598; x_wconf 80' lang='lat' dir='ltr'><strong>signum</strong></span> <span class='ocrx_word' id='word_1_124' title='bbox 565 1524 777 1583; x_wconf 89' lang='lat' dir='ltr'><strong>collocandum</strong></span> <span class='ocrx_word' id='word_1_125' title='bbox 801 1525 947 1584; x_wconf 88' lang='lat' dir='ltr'><strong>consules</strong></span> <span class='ocrx_word' id='word_1_126' title='bbox 973 1525 1015 1583; x_wconf 89' lang='lat' dir='ltr'><strong>illi</strong></span> 
     </span>
     <span class='ocr_line' id='line_1_17' title="bbox 88 1605 1018 1682; baseline -0.001 -17"><span class='ocrx_word' id='word_1_127' title='bbox 88 1615 210 1678; x_wconf 90' lang='lat' dir='ltr'><strong>verunt,</strong></span> <span class='ocrx_word' id='word_1_128' title='bbox 226 1607 282 1667; x_wconf 90' lang='lat' dir='ltr'><strong>sed</strong></span> <span class='ocrx_word' id='word_1_129' title='bbox 295 1614 378 1666; x_wconf 83' lang='lat' dir='ltr'><strong>tanta</strong></span> <span class='ocrx_word' id='word_1_130' title='bbox 393 1605 448 1666; x_wconf 85' lang='lat' dir='ltr'><strong>luit</strong></span> <span class='ocrx_word' id='word_1_131' title='bbox 464 1605 567 1682; x_wconf 90' lang='lat' dir='ltr'><strong>operis</strong></span> <span class='ocrx_word' id='word_1_132' title='bbox 581 1606 721 1676; x_wconf 80' lang='lat' dir='ltr'><strong>tarditas,</strong></span> <span class='ocrx_word' id='word_1_133' title='bbox 740 1614 773 1666; x_wconf 91' lang='lat' dir='ltr'><strong>ut</strong></span> <span class='ocrx_word' id='word_1_134' title='bbox 786 1622 888 1680; x_wconf 90' lang='lat' dir='ltr'><strong>neque</strong></span> <span class='ocrx_word' id='word_1_135' title='bbox 906 1607 1018 1681; x_wconf 72' lang='lat' dir='ltr'><strong>superi«</strong></span> 
     </span>
     <span class='ocr_line' id='line_1_18' title="bbox 89 1687 1018 1764; baseline 0.001 -15"><span class='ocrx_word' id='word_1_136' title='bbox 89 1689 266 1750; x_wconf 89' lang='lat' dir='ltr'><strong>consulibus</strong></span> <span class='ocrx_word' id='word_1_137' title='bbox 283 1705 384 1764; x_wconf 88' lang='lat' dir='ltr'><strong>neque</strong></span> <span class='ocrx_word' id='word_1_138' title='bbox 404 1691 493 1750; x_wconf 87' lang='lat' dir='ltr'><strong>nobis</strong></span> <span class='ocrx_word' id='word_1_139' title='bbox 513 1699 583 1751; x_wconf 89' lang='lat' dir='ltr'><strong>ante</strong></span> <span class='ocrx_word' id='word_1_140' title='bbox 604 1689 783 1751; x_wconf 91' lang='lat' dir='ltr'><strong>hodiernum</strong></span> <span class='ocrx_word' id='word_1_141' title='bbox 802 1687 883 1748; x_wconf 89' lang='lat' dir='ltr'><strong>diem</strong></span> <span class='ocrx_word' id='word_1_142' title='bbox 904 1692 1018 1751; x_wconf 88' lang='lat' dir='ltr'><strong>colloca</strong></span> 
     </span>
     <span class='ocr_line' id='line_1_19' title="bbox 87 1772 1015 1848; baseline 0 -14"><span class='ocrx_word' id='word_1_143' title='bbox 87 1773 137 1834; x_wconf 93' lang='lat' dir='ltr'><strong>lX.</strong></span> <span class='ocrx_word' id='word_1_144' title='bbox 153 1772 202 1835; x_wconf 79' lang='lat' dir='ltr'><strong>at.</strong></span> <span class='ocrx_word' id='word_1_145' title='bbox 224 1772 281 1833; x_wconf 89' lang='lat' dir='ltr'><strong>Hic</strong></span> <span class='ocrx_word' id='word_1_146' title='bbox 299 1773 368 1848; x_wconf 88' lang='lat' dir='ltr'><strong>quis</strong></span> <span class='ocrx_word' id='word_1_147' title='bbox 381 1781 568 1848; x_wconf 87' lang='lat' dir='ltr'><strong>potestesse</strong></span> <span class='ocrx_word' id='word_1_148' title='bbox 582 1781 642 1834; x_wconf 87' lang='lat' dir='ltr'><strong>tam</strong></span> <span class='ocrx_word' id='word_1_149' title='bbox 660 1789 788 1832; x_wconf 85' lang='lat' dir='ltr'><strong>aversus</strong></span> <span class='ocrx_word' id='word_1_150' title='bbox 809 1786 827 1830; x_wconf 94' lang='lat' dir='ltr'><strong>a</strong></span> <span class='ocrx_word' id='word_1_151' title='bbox 843 1787 934 1847; x_wconf 89' lang='lat' dir='ltr'><strong>vero,</strong></span> <span class='ocrx_word' id='word_1_152' title='bbox 956 1783 1015 1834; x_wconf 86' lang='lat' dir='ltr'><strong>tam</strong></span> 
     </span>
     <span class='ocr_line' id='line_1_20' title="bbox 89 1855 1017 1932; baseline 0.002 -17"><span class='ocrx_word' id='word_1_153' title='bbox 89 1871 177 1932; x_wconf 89' lang='lat' dir='ltr'><strong>ceps,</strong></span> <span class='ocrx_word' id='word_1_154' title='bbox 201 1865 262 1916; x_wconf 88' lang='lat' dir='ltr'><strong>tam</strong></span> <span class='ocrx_word' id='word_1_155' title='bbox 278 1865 515 1931; x_wconf 72' lang='lat' dir='ltr'><strong>memoramus,</strong></span> <span class='ocrx_word' id='word_1_156' title='bbox 537 1858 589 1931; x_wconf 92' lang='lat' dir='ltr'><strong>qui</strong></span> <span class='ocrx_word' id='word_1_157' title='bbox 604 1865 694 1930; x_wconf 82' lang='lat' dir='ltr'><strong>neget</strong></span> <span class='ocrx_word' id='word_1_158' title='bbox 708 1856 785 1915; x_wconf 91' lang='lat' dir='ltr'><strong>haec</strong></span> <span class='ocrx_word' id='word_1_159' title='bbox 801 1855 919 1928; x_wconf 88' lang='lat' dir='ltr'><strong>omnia,</strong></span> <span class='ocrx_word' id='word_1_160' title='bbox 938 1874 1017 1931; x_wconf 90' lang='lat' dir='ltr'><strong>quae</strong></span> 
     </span>
     <span class='ocr_line' id='line_1_21' title="bbox 88 1938 1018 2014; baseline -0.001 -16"><span class='ocrx_word' id='word_1_161' title='bbox 88 1956 164 2010; x_wconf 87' lang='lat' dir='ltr'><strong>mus,</strong></span> <span class='ocrx_word' id='word_1_162' title='bbox 180 1939 406 2014; x_wconf 87' lang='lat' dir='ltr'><strong>praecipueque</strong></span> <span class='ocrx_word' id='word_1_163' title='bbox 416 1941 496 2000; x_wconf 89' lang='lat' dir='ltr'><strong>hane</strong></span> <span class='ocrx_word' id='word_1_164' title='bbox 510 1940 615 2001; x_wconf 89' lang='lat' dir='ltr'><strong>urbem</strong></span> <span class='ocrx_word' id='word_1_165' title='bbox 628 1940 753 1999; x_wconf 87' lang='lat' dir='ltr'><strong>deorum</strong></span> <span class='ocrx_word' id='word_1_166' title='bbox 764 1938 977 2000; x_wconf 85' lang='lat' dir='ltr'><strong>immortalium</strong></span> <span class='ocrx_word' id='word_1_167' title='bbox 993 1959 1018 2000; x_wconf 81' lang='lat' dir='ltr'><strong>nr</strong></span> 
     </span>
     <span class='ocr_line' id='line_1_22' title="bbox 89 2021 1018 2098; baseline 0.003 -17"><span class='ocrx_word' id='word_1_168' title='bbox 89 2029 238 2095; x_wconf 87' lang='lat' dir='ltr'><strong>potestate</strong></span> <span class='ocrx_word' id='word_1_169' title='bbox 259 2021 481 2082; x_wconf 78' lang='lat' dir='ltr'><strong>administrarit</strong></span> <span class='ocrx_word' id='word_1_170' title='bbox 506 2023 625 2083; x_wconf 85' lang='lat' dir='ltr'><strong>Etenim</strong></span> <span class='ocrx_word' id='word_1_171' title='bbox 647 2041 739 2098; x_wconf 88' lang='lat' dir='ltr'><strong>quum</strong></span> <span class='ocrx_word' id='word_1_172' title='bbox 762 2031 846 2083; x_wconf 90' lang='lat' dir='ltr'><strong>esset</strong></span> <span class='ocrx_word' id='word_1_173' title='bbox 865 2022 906 2082; x_wconf 89' lang='lat' dir='ltr'><strong>ita</strong></span> <span class='ocrx_word' id='word_1_174' title='bbox 924 2040 1018 2098; x_wconf 88' lang='lat' dir='ltr'><strong>respo</strong></span> 
     </span>
     <span class='ocr_line' id='line_1_23' title="bbox 89 2104 1018 2180; baseline 0.003 -18"><span class='ocrx_word' id='word_1_175' title='bbox 89 2104 209 2177; x_wconf 84' lang='lat' dir='ltr'><strong>caedes,</strong></span> <span class='ocrx_word' id='word_1_176' title='bbox 226 2104 375 2176; x_wconf 90' lang='lat' dir='ltr'><strong>incendia,</strong></span> <span class='ocrx_word' id='word_1_177' title='bbox 389 2105 541 2166; x_wconf 88' lang='lat' dir='ltr'><strong>interitum</strong></span> <span class='ocrx_word' id='word_1_178' title='bbox 555 2106 752 2180; x_wconf 86' lang='lat' dir='ltr'><strong>reipublicae</strong></span> <span class='ocrx_word' id='word_1_179' title='bbox 769 2107 948 2180; x_wconf 86' lang='lat' dir='ltr'><strong>comparari,</strong></span> <span class='ocrx_word' id='word_1_180' title='bbox 969 2116 999 2167; x_wconf 93' lang='lat' dir='ltr'><strong>et</strong></span> <span class='ocrx_word' id='word_1_181' title='bbox 1013 2127 1018 2165; x_wconf 73' lang='grc' dir='ltr'>ι</span> 
     </span>
     <span class='ocr_line' id='line_1_24' title="bbox 88 2185 1011 2263; baseline 0.003 -15"><span class='ocrx_word' id='word_1_182' title='bbox 88 2185 185 2260; x_wconf 84' lang='lat' dir='ltr'><strong>cives,</strong></span> <span class='ocrx_word' id='word_1_183' title='bbox 211 2202 290 2261; x_wconf 85' lang='lat' dir='ltr'><strong>quae</strong></span> <span class='ocrx_word' id='word_1_184' title='bbox 312 2197 375 2247; x_wconf 91' lang='lat' dir='ltr'><strong>tum</strong></span> <span class='ocrx_word' id='word_1_185' title='bbox 392 2197 516 2262; x_wconf 92' lang='lat' dir='ltr'><strong>propter</strong></span> <span class='ocrx_word' id='word_1_186' title='bbox 530 2189 765 2263; x_wconf 81' lang='lat' dir='ltr'><strong>magnitudinem</strong></span> <span class='ocrx_word' id='word_1_187' title='bbox 782 2191 932 2249; x_wconf 88' lang='lat' dir='ltr'><strong>scelerum</strong></span> <span class='ocrx_word' id='word_1_188' title='bbox 950 2208 1011 2251; x_wconf 90' lang='lat' dir='ltr'><strong>non</strong></span> 
     </span>
     <span class='ocr_line' id='line_1_25' title="bbox 87 2268 1018 2346; baseline 0.005 -18"><span class='ocrx_word' id='word_1_189' title='bbox 87 2268 275 2330; x_wconf 87' lang='lat' dir='ltr'><strong>incredibilia</strong></span> <span class='ocrx_word' id='word_1_190' title='bbox 290 2270 484 2344; x_wconf 88' lang='lat' dir='ltr'><strong>videbantur,</strong></span> <span class='ocrx_word' id='word_1_191' title='bbox 509 2289 546 2331; x_wconf 88' lang='lat' dir='ltr'><strong>ea</strong></span> <span class='ocrx_word' id='word_1_192' title='bbox 565 2289 627 2332; x_wconf 92' lang='lat' dir='ltr'><strong>non</strong></span> <span class='ocrx_word' id='word_1_193' title='bbox 642 2273 732 2332; x_wconf 92' lang='lat' dir='ltr'><strong>modo</strong></span> <span class='ocrx_word' id='word_1_194' title='bbox 755 2272 886 2346; x_wconf 80' lang='lat' dir='ltr'><strong>cogitata</strong></span> <span class='ocrx_word' id='word_1_195' title='bbox 901 2290 921 2332; x_wconf 88' lang='lat' dir='ltr'><strong>a</strong></span> <span class='ocrx_word' id='word_1_196' title='bbox 936 2276 1018 2333; x_wconf 81' lang='lat' dir='ltr'><strong>neiat</strong></span> 
     </span>
     <span class='ocr_line' id='line_1_26' title="bbox 25 2352 1018 2430; baseline 0.006 -20"><span class='ocrx_word' id='word_1_197' title='bbox 25 2404 29 2426; x_wconf 85' lang='grc'>,</span> <span class='ocrx_word' id='word_1_198' title='bbox 86 2352 184 2425; x_wconf 89' lang='lat' dir='ltr'><strong>vibus,</strong></span> <span class='ocrx_word' id='word_1_199' title='bbox 200 2371 305 2414; x_wconf 92' lang='lat' dir='ltr'><strong>verum</strong></span> <span class='ocrx_word' id='word_1_200' title='bbox 322 2354 411 2414; x_wconf 89' lang='lat' dir='ltr'><strong>eliam</strong></span> <span class='ocrx_word' id='word_1_201' title='bbox 428 2363 574 2430; x_wconf 85' lang='lat' dir='ltr'><strong>suscepta</strong></span> <span class='ocrx_word' id='word_1_202' title='bbox 591 2372 662 2416; x_wconf 86' lang='lat' dir='ltr'><strong>esse</strong></span> <span class='ocrx_word' id='word_1_203' title='bbox 680 2355 829 2418; x_wconf 86' lang='lat' dir='ltr'><strong>sensistis.</strong></span> <span class='ocrx_word' id='word_1_204' title='bbox 858 2357 937 2416; x_wconf 91' lang='lat' dir='ltr'><strong>Illud</strong></span> <span class='ocrx_word' id='word_1_205' title='bbox 952 2375 1018 2417; x_wconf 79' lang='lat' dir='ltr'><strong>ver&lt;</strong></span> 
     </span>
     <span class='ocr_line' id='line_1_27' title="bbox 86 2434 1018 2513; baseline 0.006 -20"><span class='ocrx_word' id='word_1_206' title='bbox 86 2450 126 2493; x_wconf 88' lang='lat' dir='ltr'><strong>ne</strong></span> <span class='ocrx_word' id='word_1_207' title='bbox 139 2434 180 2495; x_wconf 93' lang='lat' dir='ltr'><strong>ita</strong></span> <span class='ocrx_word' id='word_1_208' title='bbox 192 2453 339 2510; x_wconf 88' lang='lat' dir='ltr'><strong>praesens</strong></span> <span class='ocrx_word' id='word_1_209' title='bbox 354 2448 410 2511; x_wconf 87' lang='lat' dir='ltr'><strong>est,</strong></span> <span class='ocrx_word' id='word_1_210' title='bbox 424 2445 458 2498; x_wconf 90' lang='lat' dir='ltr'><strong>ut</strong></span> <span class='ocrx_word' id='word_1_211' title='bbox 474 2447 548 2498; x_wconf 89' lang='lat' dir='ltr'><strong>nutu</strong></span> <span class='ocrx_word' id='word_1_212' title='bbox 559 2437 642 2499; x_wconf 91' lang='lat' dir='ltr'><strong>Iovis</strong></span> <span class='ocrx_word' id='word_1_213' title='bbox 660 2439 765 2513; x_wconf 86' lang='lat' dir='ltr'><strong>optimi</strong></span> <span class='ocrx_word' id='word_1_214' title='bbox 780 2438 902 2498; x_wconf 88' lang='lat' dir='ltr'><strong>maximi</strong></span> <span class='ocrx_word' id='word_1_215' title='bbox 918 2442 1018 2501; x_wconf 85' lang='lat' dir='ltr'><strong>lactun</strong></span> 
     </span>
     <span class='ocr_line' id='line_1_28' title="bbox 43 2517 1014 2596; baseline 0.008 -21"><span class='ocrx_word' id='word_1_216' title='bbox 43 2560 48 2576; x_wconf 92' lang='grc'><em>,</em></span> <span class='ocrx_word' id='word_1_217' title='bbox 87 2517 231 2591; x_wconf 86' lang='lat' dir='ltr'><strong>videatur,</strong></span> <span class='ocrx_word' id='word_1_218' title='bbox 252 2528 294 2593; x_wconf 88' lang='lat' dir='ltr'><strong>ut,</strong></span> <span class='ocrx_word' id='word_1_219' title='bbox 313 2539 405 2596; x_wconf 90' lang='lat' dir='ltr'><strong>quum</strong></span> <span class='ocrx_word' id='word_1_220' title='bbox 420 2521 569 2581; x_wconf 88' lang='lat' dir='ltr'><strong>hodierno</strong></span> <span class='ocrx_word' id='word_1_221' title='bbox 587 2521 637 2583; x_wconf 90' lang='lat' dir='ltr'><strong>die</strong></span> <span class='ocrx_word' id='word_1_222' title='bbox 651 2539 740 2582; x_wconf 94' lang='lat' dir='ltr'><strong>mane</strong></span> <span class='ocrx_word' id='word_1_223' title='bbox 758 2538 813 2596; x_wconf 87' lang='lat' dir='ltr'><strong>per</strong></span> <span class='ocrx_word' id='word_1_224' title='bbox 828 2524 927 2582; x_wconf 87' lang='lat' dir='ltr'><strong>lorum</strong></span> <span class='ocrx_word' id='word_1_225' title='bbox 945 2540 1014 2583; x_wconf 88' lang='lat' dir='ltr'><strong>meo</strong></span> 
     </span>
     <span class='ocr_line' id='line_1_29' title="bbox 86 2601 1018 2668; baseline 0.004 -8"><span class='ocrx_word' id='word_1_226' title='bbox 86 2608 116 2660; x_wconf 84' lang='lat' dir='ltr'><strong>et</strong></span> <span class='ocrx_word' id='word_1_227' title='bbox 133 2601 279 2663; x_wconf 90' lang='lat' dir='ltr'><strong>coniurati</strong></span> <span class='ocrx_word' id='word_1_228' title='bbox 295 2611 325 2663; x_wconf 90' lang='lat' dir='ltr'><strong>et</strong></span> <span class='ocrx_word' id='word_1_229' title='bbox 340 2619 444 2663; x_wconf 89' lang='lat' dir='ltr'><strong>eorum</strong></span> <span class='ocrx_word' id='word_1_230' title='bbox 458 2603 577 2665; x_wconf 88' lang='lat' dir='ltr'><strong>indices</strong></span> <span class='ocrx_word' id='word_1_231' title='bbox 592 2606 623 2664; x_wconf 93' lang='lat' dir='ltr'><strong>in</strong></span> <span class='ocrx_word' id='word_1_232' title='bbox 638 2605 745 2668; x_wconf 85' lang='lat' dir='ltr'><strong>aedem</strong></span> <span class='ocrx_word' id='word_1_233' title='bbox 762 2605 952 2666; x_wconf 84' lang='lat' dir='ltr'><strong>Concordiae</strong></span> <span class='ocrx_word' id='word_1_234' title='bbox 969 2609 1018 2668; x_wconf 74' lang='lat' dir='ltr'><strong>dut</strong></span> 
     </span>
     <span class='ocr_line' id='line_1_30' title="bbox 84 2683 1018 2762; baseline 0.006 -19"><span class='ocrx_word' id='word_1_235' title='bbox 84 2690 147 2753; x_wconf 88' lang='lat' dir='ltr'><strong>tur,</strong></span> <span class='ocrx_word' id='word_1_236' title='bbox 164 2699 200 2743; x_wconf 90' lang='lat' dir='ltr'><strong>eo</strong></span> <span class='ocrx_word' id='word_1_237' title='bbox 215 2683 285 2758; x_wconf 93' lang='lat' dir='ltr'><strong>ipso</strong></span> <span class='ocrx_word' id='word_1_238' title='bbox 302 2695 440 2761; x_wconf 87' lang='lat' dir='ltr'><strong>tempore</strong></span> <span class='ocrx_word' id='word_1_239' title='bbox 455 2687 575 2762; x_wconf 83' lang='lat' dir='ltr'><strong>signum</strong></span> <span class='ocrx_word' id='word_1_240' title='bbox 593 2695 795 2748; x_wconf 66' lang='lat' dir='ltr'><strong>statueretur?</strong></span> <span class='ocrx_word' id='word_1_241' title='bbox 822 2707 883 2762; x_wconf 89' lang='lat' dir='ltr'><strong>quo</strong></span> <span class='ocrx_word' id='word_1_242' title='bbox 900 2692 1018 2751; x_wconf 90' lang='lat' dir='ltr'><strong>colloca</strong></span> 
     </span>
     <span class='ocr_line' id='line_1_31' title="bbox 85 2768 1018 2849; baseline 0.006 -24"><span class='ocrx_word' id='word_1_243' title='bbox 85 2782 145 2841; x_wconf 89' lang='lat' dir='ltr'><strong>que</strong></span> <span class='ocrx_word' id='word_1_244' title='bbox 166 2768 206 2826; x_wconf 90' lang='lat' dir='ltr'><strong>ad</strong></span> <span class='ocrx_word' id='word_1_245' title='bbox 219 2783 278 2828; x_wconf 89' lang='lat' dir='ltr'><strong>vos</strong></span> <span class='ocrx_word' id='word_1_246' title='bbox 293 2778 492 2845; x_wconf 87' lang='lat' dir='ltr'><strong>senatumque</strong></span> <span class='ocrx_word' id='word_1_247' title='bbox 507 2787 657 2831; x_wconf 88' lang='lat' dir='ltr'><strong>converso</strong></span> <span class='ocrx_word' id='word_1_248' title='bbox 679 2771 779 2831; x_wconf 85' lang='lat' dir='ltr'><strong>omnia</strong></span> <span class='ocrx_word' id='word_1_249' title='bbox 793 2772 834 2849; x_wconf 90' lang='lat' dir='ltr'><strong>[et</strong></span> <span class='ocrx_word' id='word_1_250' title='bbox 848 2782 981 2839; x_wconf 75' lang='lat' dir='ltr'><strong>senatus</strong></span> <span class='ocrx_word' id='word_1_251' title='bbox 996 2784 1018 2833; x_wconf 80' lang='lat' dir='ltr'><strong>et</strong></span> 
     </span>
     <span class='ocr_line' id='line_1_32' title="bbox 85 2854 1006 2928; baseline 0.009 -19"><span class='ocrx_word' id='word_1_252' title='bbox 85 2866 163 2924; x_wconf 90' lang='lat' dir='ltr'><strong>quae</strong></span> <span class='ocrx_word' id='word_1_253' title='bbox 178 2859 263 2911; x_wconf 85' lang='lat' dir='ltr'><strong>erant</strong></span> <span class='ocrx_word' id='word_1_254' title='bbox 278 2860 383 2912; x_wconf 87' lang='lat' dir='ltr'><strong>contra</strong></span> <span class='ocrx_word' id='word_1_255' title='bbox 398 2854 526 2914; x_wconf 88' lang='lat' dir='ltr'><strong>salutem</strong></span> <span class='ocrx_word' id='word_1_256' title='bbox 541 2854 673 2915; x_wconf 91' lang='lat' dir='ltr'><strong>omnium</strong></span> <span class='ocrx_word' id='word_1_257' title='bbox 689 2856 834 2928; x_wconf 83' lang='lat' dir='ltr'><strong>cogitata,</strong></span> <span class='ocrx_word' id='word_1_258' title='bbox 854 2856 1006 2917; x_wconf 86' lang='lat' dir='ltr'><strong>illustrata</strong></span> 
     </span>
     <span class='ocr_line' id='line_1_33' title="bbox 9 2934 1018 3017; baseline 0.01 -26"><span class='ocrx_word' id='word_1_259' title='bbox 9 3004 15 3017; x_wconf 81' lang='lat'><em>.</em></span> <span class='ocrx_word' id='word_1_260' title='bbox 83 2935 192 2993; x_wconf 84' lang='lat' dir='ltr'><strong>tefacta</strong></span> <span class='ocrx_word' id='word_1_261' title='bbox 213 2934 342 2994; x_wconf 84' lang='lat' dir='ltr'><strong>vidistis.</strong></span> <span class='ocrx_word' id='word_1_262' title='bbox 382 2935 433 2997; x_wconf 71' lang='lat'><strong>22.</strong></span> <span class='ocrx_word' id='word_1_263' title='bbox 457 2937 521 3011; x_wconf 82' lang='lat' dir='ltr'><strong>Quo</strong></span> <span class='ocrx_word' id='word_1_264' title='bbox 544 2937 633 2997; x_wconf 89' lang='lat' dir='ltr'><strong>eliam</strong></span> <span class='ocrx_word' id='word_1_265' title='bbox 657 2937 772 2998; x_wconf 87' lang='lat' dir='ltr'><strong>maiore</strong></span> <span class='ocrx_word' id='word_1_266' title='bbox 793 2947 861 2999; x_wconf 90' lang='lat' dir='ltr'><strong>sunt</strong></span> <span class='ocrx_word' id='word_1_267' title='bbox 878 2938 930 2998; x_wconf 91' lang='lat' dir='ltr'><strong>isti</strong></span> <span class='ocrx_word' id='word_1_268' title='bbox 948 2941 1018 3001; x_wconf 91' lang='lat' dir='ltr'><strong>odio</strong></span> 
     </span>
     <span class='ocr_line' id='line_1_34' title="bbox 82 3016 1005 3096; baseline 0.012 -24"><span class='ocrx_word' id='word_1_269' title='bbox 82 3016 237 3092; x_wconf 91' lang='lat' dir='ltr'><strong>plicioque</strong></span> <span class='ocrx_word' id='word_1_270' title='bbox 249 3017 341 3092; x_wconf 84' lang='lat' dir='ltr'><strong>digni,</strong></span> <span class='ocrx_word' id='word_1_271' title='bbox 358 3021 409 3093; x_wconf 91' lang='lat' dir='ltr'><strong>qui</strong></span> <span class='ocrx_word' id='word_1_272' title='bbox 424 3038 483 3080; x_wconf 90' lang='lat' dir='ltr'><strong>non</strong></span> <span class='ocrx_word' id='word_1_273' title='bbox 497 3022 595 3079; x_wconf 87' lang='lat' dir='ltr'><strong>solum</strong></span> <span class='ocrx_word' id='word_1_274' title='bbox 611 3022 721 3081; x_wconf 86' lang='lat' dir='ltr'><strong>vestris</strong></span> <span class='ocrx_word' id='word_1_275' title='bbox 736 3021 897 3094; x_wconf 82' lang='lat' dir='ltr'><strong>domiciliis</strong></span> <span class='ocrx_word' id='word_1_276' title='bbox 910 3033 1005 3096; x_wconf 89' lang='lat' dir='ltr'><strong>atque</strong></span> 
     </span>
     <span class='ocr_line' id='line_1_35' title="bbox 83 3099 1018 3185; baseline 0.014 -32"><span class='ocrx_word' id='word_1_277' title='bbox 83 3099 247 3160; x_wconf 87' lang='lat' dir='ltr'><strong>sedetiam</strong></span> <span class='ocrx_word' id='word_1_278' title='bbox 271 3103 397 3162; x_wconf 88' lang='lat' dir='ltr'><strong>deorum</strong></span> <span class='ocrx_word' id='word_1_279' title='bbox 419 3103 541 3185; x_wconf 77' lang='lat' dir='ltr'><strong>templis</strong></span> <span class='ocrx_word' id='word_1_280' title='bbox 563 3111 654 3179; x_wconf 88' lang='lat' dir='ltr'><strong>atque</strong></span> <span class='ocrx_word' id='word_1_281' title='bbox 675 3105 810 3167; x_wconf 88' lang='lat' dir='ltr'><strong>delubris</strong></span> <span class='ocrx_word' id='word_1_282' title='bbox 826 3113 896 3166; x_wconf 91' lang='lat' dir='ltr'><strong>sunt</strong></span> <span class='ocrx_word' id='word_1_283' title='bbox 918 3107 1018 3166; x_wconf 86' lang='lat' dir='ltr'><strong>lunest</strong></span> 
     </span>
     <span class='ocr_line' id='line_1_36' title="bbox 82 3181 1018 3272; baseline 0.018 -39"><span class='ocrx_word' id='word_1_284' title='bbox 82 3181 215 3272; x_wconf 76' lang='lat' dir='ltr'><strong>nefarios</strong></span> <span class='ocrx_word' id='word_1_285' title='bbox 238 3184 325 3258; x_wconf 77' lang='lat' dir='ltr'><strong>ignes</strong></span> <span class='ocrx_word' id='word_1_286' title='bbox 347 3186 459 3247; x_wconf 84' lang='lat' dir='ltr'><strong>inferre</strong></span> <span class='ocrx_word' id='word_1_287' title='bbox 481 3186 590 3246; x_wconf 87' lang='lat' dir='ltr'><strong>conati.</strong></span> <span class='ocrx_word' id='word_1_288' title='bbox 635 3187 750 3260; x_wconf 84' lang='lat' dir='ltr'><strong>Quibus</strong></span> <span class='ocrx_word' id='word_1_289' title='bbox 773 3206 830 3262; x_wconf 85' lang='lat' dir='ltr'><strong>ego</strong></span> <span class='ocrx_word' id='word_1_290' title='bbox 852 3188 879 3247; x_wconf 92' lang='lat' dir='ltr'><strong>si</strong></span> <span class='ocrx_word' id='word_1_291' title='bbox 901 3205 950 3247; x_wconf 90' lang='lat' dir='ltr'><strong>me</strong></span> <span class='ocrx_word' id='word_1_292' title='bbox 965 3206 1018 3250; x_wconf 91' lang='lat' dir='ltr'><strong>res</strong></span> 
     </span>
     <span class='ocr_line' id='line_1_37' title="bbox 82 3259 1018 3334; baseline 0.012 -18"><span class='ocrx_word' id='word_1_293' title='bbox 82 3259 196 3334; x_wconf 86' lang='lat' dir='ltr'><strong>droam,</strong></span> <span class='ocrx_word' id='word_1_294' title='bbox 213 3266 336 3328; x_wconf 89' lang='lat' dir='ltr'><strong>nimium</strong></span> <span class='ocrx_word' id='word_1_295' title='bbox 354 3269 426 3329; x_wconf 87' lang='lat' dir='ltr'><strong>mihi</strong></span> <span class='ocrx_word' id='word_1_296' title='bbox 441 3287 560 3330; x_wconf 91' lang='lat' dir='ltr'><strong>sumam</strong></span> <span class='ocrx_word' id='word_1_297' title='bbox 588 3280 618 3330; x_wconf 87' lang='lat' dir='ltr'><strong>et</strong></span> <span class='ocrx_word' id='word_1_298' title='bbox 640 3288 700 3330; x_wconf 92' lang='lat' dir='ltr'><strong>non</strong></span> <span class='ocrx_word' id='word_1_299' title='bbox 718 3271 774 3330; x_wconf 92' lang='lat' dir='ltr'><strong>sim</strong></span> <span class='ocrx_word' id='word_1_300' title='bbox 791 3271 951 3332; x_wconf 80' lang='lat' dir='ltr'><strong>terendus:</strong></span> <span class='ocrx_word' id='word_1_301' title='bbox 980 3272 1018 3330; x_wconf 85' lang='lat' dir='ltr'><strong>itt</strong></span> 
     </span>
     <span class='ocr_line' id='line_1_38' title="bbox 80 3343 1018 3428; baseline 0.016 -27"><span class='ocrx_word' id='word_1_302' title='bbox 80 3343 215 3417; x_wconf 86' lang='lat' dir='ltr'><strong>luppiter</strong></span> <span class='ocrx_word' id='word_1_303' title='bbox 229 3351 352 3411; x_wconf 87' lang='lat' dir='ltr'><strong>restitit:</strong></span> <span class='ocrx_word' id='word_1_304' title='bbox 377 3353 427 3412; x_wconf 93' lang='lat' dir='ltr'><strong>ille</strong></span> <span class='ocrx_word' id='word_1_305' title='bbox 444 3352 640 3426; x_wconf 83' lang='lat' dir='ltr'><strong>Capitolium,</strong></span> <span class='ocrx_word' id='word_1_306' title='bbox 662 3354 713 3412; x_wconf 87' lang='lat' dir='ltr'><strong>ille</strong></span> <span class='ocrx_word' id='word_1_307' title='bbox 729 3354 805 3413; x_wconf 89' lang='lat' dir='ltr'><strong>haec</strong></span> <span class='ocrx_word' id='word_1_308' title='bbox 820 3356 949 3428; x_wconf 89' lang='lat' dir='ltr'><strong>templa,</strong></span> <span class='ocrx_word' id='word_1_309' title='bbox 972 3355 1018 3416; x_wconf 77' lang='lat' dir='ltr'><strong>iile</strong></span> 
     </span>
     <span class='ocr_line' id='line_1_39' title="bbox 80 3426 1018 3516; baseline 0.014 -30"><span class='ocrx_word' id='word_1_310' title='bbox 80 3426 200 3498; x_wconf 89' lang='lat' dir='ltr'><strong>urbem,</strong></span> <span class='ocrx_word' id='word_1_311' title='bbox 220 3427 346 3512; x_wconf 28' lang='lat' dir='ltr'><strong>illcxvos</strong></span> <span class='ocrx_word' id='word_1_312' title='bbox 364 3450 470 3495; x_wconf 91' lang='lat' dir='ltr'><strong>omnes</strong></span> <span class='ocrx_word' id='word_1_313' title='bbox 492 3436 596 3516; x_wconf 73' lang='lat' dir='ltr'><strong>saluos</strong></span> <span class='ocrx_word' id='word_1_314' title='bbox 618 3452 689 3496; x_wconf 90' lang='lat' dir='ltr'><strong>esse</strong></span> <span class='ocrx_word' id='word_1_315' title='bbox 711 3437 815 3497; x_wconf 92' lang='lat' dir='ltr'><strong>voluit.</strong></span> <span class='ocrx_word' id='word_1_316' title='bbox 845 3437 901 3497; x_wconf 90' lang='lat' dir='ltr'><strong>Dis</strong></span> <span class='ocrx_word' id='word_1_317' title='bbox 919 3454 979 3512; x_wconf 80' lang='lat' dir='ltr'><strong>ego</strong></span> <span class='ocrx_word' id='word_1_318' title='bbox 996 3439 1018 3498; x_wconf 85' lang='lat' dir='ltr'><strong>ir</strong></span> 
     </span>
    </p>
   </div>
   <div class='ocr_carea' id='block_1_3' title="bbox 173 3604 274 3636">
    <p class='ocr_par' dir='ltr' id='par_1_3' title="bbox 173 3604 274 3636">
     <span class='ocr_line' id='line_1_40' title="bbox 173 3604 274 3636; baseline -0.02 1"><span class='ocrx_word' id='word_1_319' title='bbox 173 3604 274 3636; x_wconf 60' lang='grc' dir='ltr'><strong>Α-</strong></span> 
     </span>
    </p>
   </div>
   <div class='ocr_carea' id='block_1_4' title="bbox 0 0 1182 3854">
    <p class='ocr_par' dir='ltr' id='par_1_4' title="bbox 0 0 1182 3854">
     <span class='ocr_line' id='line_1_41' title="bbox 0 0 1182 3854; baseline 0 1"><span class='ocrx_word' id='word_1_320' title='bbox 0 0 1182 3854; x_wconf 95' lang='lat' dir='ltr'><strong> </strong></span> 
     </span>
    </p>
   </div>
  </div>
 </body>
</html>
