2356 3854
385 169 693 237 mnnsnn.
918 130 921 141 ’
997 175 1058 240 rm

64 318 200 379 stodiam
212 319 388 395 repudiata,
408 337 465 394 pro
483 319 631 382 clientelis
645 319 848 401 hospitiisque
867 323 1059 398 provinciali-

64 411 91 469 ὅ,
118 419 206 476 quse
224 410 326 465 umen
350 403 474 463 urbanis
495 403 607 478 opibus
626 420 687 464 non
708 404 824 465 minore
846 406 951 468 labore
973 416 1059 470 tueor

64 492 112 540 tm
138 501 302 561 comparo,
322 503 378 560 pro
394 485 552 560 hissigitur
572 486 712 562 omnibus
726 490 835 562 rebus,
859 506 915 563 pro
931 490 1007 553 meis
1028 492 1059 553 in

64 575 70 615 t
91 565 309 644 singularibus
330 568 438 629 studiis
460 587 579 644 proque
601 569 673 641 hac,
697 588 787 645 quarn
803 571 995 647 perspicitis,
1019 575 1059 635 sd

64 655 272 712 tservcndam
282 669 346 712 rem
357 653 509 728 publicem
521 653 674 726 diligentia
685 652 787 712 nihile
799 653 886 714 vobis
899 654 957 716 nisi
968 658 1058 719 huius

64 734 175 800 lporis
190 735 346 811 totiusque
361 735 420 795 mei
435 737 611 796 consulatus
628 735 804 796 memoriam
818 740 956 811 postulo:
980 759 1058 816 quae

64 821 92 866 tl
109 821 173 880 erit
185 817 297 880 vestris
311 819 373 878 lixa
389 817 554 892 mentibus,
575 817 727 880 tutissimo
748 835 801 878 me
817 835 903 878 murro
920 832 1057 897 saeptum

64 903 94 980 '3³
110 903 291 964 arbitrabor.
321 901 409 976 Quod
425 902 452 960 si
467 919 565 961 meam
585 917 673 978 spem
687 902 735 962 vis
749 900 956 975 improborum
975 907 1058 966 felel-

64 980 91 1062 li
102 991 197 1061 utque
208 985 407 1060 superaverit,
421 986 600 1045 commendo
612 985 700 1046 vobis
711 1001 838 1059 parvum
846 1001 946 1060 meum
955 987 1056 1062 filium,

64 1067 1058 1151 immmmmmmfflmfflmwmmwmm

64 1149 1056 1230 fflQOmmmwmmwmwmmwe

64 1227 129 1291 tulo
141 1235 342 1308 conservarit,
360 1235 443 1294 illum
460 1234 553 1294 lilium
571 1252 642 1296 esse
657 1233 861 1295 memineritis.
897 1235 956 1312 24.
979 1237 1051 1310 Qua·
1085 1255 1087 1263 ’
1123 1306 1129 1315 ,

64 1314 1056 1394 mmmwmmmwmwwwmmmdwmmmmwb

64 1394 210 1476 011ilgibus
225 1419 261 1462 ac
272 1401 384 1474 liberis,
403 1400 516 1466 deeris
528 1419 564 1461 ac
579 1401 667 1474 iocis,
683 1403 721 1463 de
733 1401 811 1462 lunis
822 1410 914 1476 atque
925 1405 1057 1481 templis

64 1481 175 1547 ttotius
189 1485 274 1546 urbis
291 1487 429 1546 tectisue
445 1485 585 1558 sedibus,
600 1486 639 1546 de
652 1485 779 1561 imperio
796 1501 832 1545 ac
848 1484 998 1560 libertate,
1018 1491 1056 1550 de
1104 1534 1106 1539 ‚

64 1554 255 1641 aluteltuliae,
274 1570 312 1631 de
330 1568 473 1629 uniuersa
488 1584 520 1628 re
535 1569 657 1643 publica
671 1567 825 1630 decernite
839 1568 1007 1645 diligenter,
1023 1567 1063 1633 ut'

64 1647 215 1726 uoluistis,
233 1669 271 1713 ac
288 1651 411 1713 fortiter.
441 1651 567 1712 Habetis
581 1668 649 1712 eum
665 1653 821 1721 consulem
837 1650 933 1724 quiet
948 1670 1055 1728 parere

64 1731 140 1796 'esuis
154 1736 359 1804 decretisnon
375 1733 491 1812 dubitet
505 1743 535 1795 et
549 1751 594 1805 ea,
612 1750 690 1808 quae
706 1730 878 1813 statueritis,
895 1737 999 1808 quoad
1011 1738 1056 1796 vi·

66 1818 102 1888 θῑ,
116 1820 276 1881 defendere
290 1829 320 1880 et
335 1835 390 1894 per
404 1834 439 1878 se
452 1816 554 1895 ipsum
568 1825 725 1893 praestare
740 1813 850 1891 possit.

356 1926 362 1963 l

165 2320 168 2326 ,
320 2250 363 2331 n.
394 2249 529 2367 runnu
556 2210 765 2331 cressonis
808 2330 809 2334 Ν
995 2330 1000 2346 ,

140 2390 261 2488 Plto
297 2391 341 2488 l.
377 2378 644 2489 MURENli
676 2389 943 2487 ottilo.

337 2691 743 2753 ARGUMENTUM.

66 2864 70 2870 ἱ
94 2802 208 2863 Comitiis
227 2805 413 2868 consularibus,
433 2821 498 2870 quse
516 2806 549 2860 M.
569 2805 656 2856 Cicero
674 2800 739 2855 enno
756 2821 782 2871 p.
802 2821 826 2855 u.
849 2822 871 2856 e.
890 2802 936 2855 69]
957 2801 1055 2860 hebuit,

72 2873 159 2923 lunius
171 2870 274 2923 Silanus
292 2882 317 2924 et
332 2874 362 2928 1..
378 2874 491 2925 Licinius
507 2873 611 2925 Murcus
630 2874 691 2926 iacti
708 2880 786 2940 eraut,
806 2873 933 2936 repulsam
948 2871 1056 2920 tulerant

65 2938 183 3008 'Sergius
207 2941 314 2992 Catilius
337 2950 362 2993 et
385 2943 488 2993 Servius
510 2941 650 3009 Sulpicius,
678 2956 783 3006 quorum
800 2940 908 2991 Catilina
931 2940 957 3009 vi
979 2948 1056 2999 utque

64 3010 104 3060 tde
126 3010 263 3060 sindIctsm
286 3011 319 3061 de
340 3011 423 3076 putris
447 3025 546 3060 sumere
570 3010 670 3070 stettdt,
695 3007 825 3073 ,Sulpicius
849 3009 904 3057 iuro
927 3005 1056 3056 consultus
1110 3035 1117 3044 -

64 3072 180 3144 epotius
197 3092 228 3128 so
245 3077 346 3145 legibus
365 3080 570 3143 competitorem,
597 3079 639 3140 qui
657 3079 760 3137 vicerat,
779 3075 867 3125 ulcisci
887 3073 974 3124 voluit.
1009 3073 1056 3123 llle

64 3155 105 3198 tur
122 3149 150 3198 in
167 3146 306 3212 perniciem
326 3160 400 3197 susm
420 3147 483 3205 ruit,
508 3145 635 3210 Sulpicius
652 3146 681 3195 L.
699 3145 830 3194 Murenam
852 3143 884 3193 dc
903 3144 998 3192 ambitu
1013 3157 1055 3192 uc-

64 3217 124 3267 tssit
142 3216 356 3281 subscriptoribus
373 3213 408 3267 M.
425 3210 528 3273 Getone,
546 3212 591 3264 Cn.
608 3214 744 3269 Postumio.
761 3209 848 3261 Servio
867 3211 979 3276 Sulpicio
995 3212 1055 3264 sdo·

64 3291 145 3339 cente.
180 3286 246 3335 Acts
262 3299 347 3335 censs
370 3291 409 3334 est
427 3297 513 3333 mense
531 3281 667 3332 Novembri
690 3282 751 3331 unni
773 3293 800 3343 p.
819 3295 845 3332 u.
863 3295 885 3330 c.
904 3278 970 3341 691,
984 3324 987 3330 .
999 3295 1055 3332 cum

64 3351 132 3402 tilius
146 3351 241 3415 beilum
256 3353 307 3402 ism
322 3358 430 3417 gereret.
449 3402 454 3409 ,
467 3350 586 3400 Defendit
597 3348 726 3400 Murenam
741 3361 791 3397 unu
806 3363 863 3398 eum
879 3349 908 3411 Q.
924 3348 1055 3409 [demensio

66 3419 100 3471 Μ.
121 3418 212 3470 Grssso
232 3420 264 3470 tl.
284 3418 383 3478 Cicero,
406 3420 451 3482 qni
468 3417 610 3471 udmirnbili
628 3419 768 3468 urbanitate
786 3417 897 3468 extremo
916 3416 973 3468 lo'eo
992 3417 1056 3467 dixit
