2356 3854
82 198 130 264 88'
328 200 367 258 tlt
382 195 414 259 C.
429 200 591 259 VERREM
605 201 689 260 act.
703 202 739 259 tl.
755 201 826 260 LlB.
841 202 894 272 IV.
994 281 997 285 Ι

86 360 174 425 quae,
191 351 273 423 quod
285 349 315 408 in
330 364 368 409 ea
382 359 467 423 parte
477 349 627 410 Fortunae
643 351 744 412 lanum
759 352 915 426 antiquum
930 351 993 422 luit,
1006 349 1088 426 lucta

83 432 234 494 nominata
246 438 301 504 cst,
317 431 346 491 in
364 448 423 505 qua
436 429 625 509 gymnasium
640 428 858 508 amplissimum
874 441 921 496 est
935 433 1090 506 etcomplu·

83 532 134 576 res
148 516 240 574 aedes
255 531 376 578 sacrae:
399 516 568 590 coliturque
584 531 620 575 ea
634 533 705 591 pars
720 527 750 577 et
763 517 914 577 habitatur
928 516 1097 590 frequentis·-

85 598 169 659 sime.
201 596 312 670 Quarta
337 605 436 658 autem
457 607 516 672 est,
541 615 619 672 quae
642 599 714 673 quia
738 608 892 674 postrema
911 598 1089 659 coaedificata

85 689 146 752 est,
165 681 309 754 Neapolis
324 680 509 742 nominatur:
533 692 624 756 quam
638 682 677 741 ad
693 699 838 742 summam
853 683 1001 742 theatrum
1015 677 1090 739 maxi·

84 780 178 824 mum·
195 771 352 838 praeterea
367 765 457 825 duot
445 760 557 838 tem'pla
572 773 642 824 sunt
656 764 794 840 egregia,
812 764 930 824 Cereris
945 780 1050 835 unum,
1060 762 1089 820 al·

85 854 180 907 terum
194 846 360 907 Liberae
332 863 517 922 signumque
532 847 701 944 Apollinis,
724 866 775 923 qur
767 848 960 907 Temenites
976 853 1090 912 vocatur,

9 953 12 960 ·
85 928 317 1005 pulcherrimum
333 938 363 990 et
377 930 554 988 maximum·
582 931 664 1005 quod
687 929 745 990 iste
767 931 794 988 si
815 938 936 1005 portare
951 927 1091 1019 potuisset,

83 1029 143 1074 nnn
159 1011 327 1073 dubitasset
343 1014 471 1072 auterre.
1062 1045 1065 1051 ·

67 1146 76 1152 .
167 1096 242 1153 LIV.
274 1093 341 1155 120
373 1095 458 1154 Nune
475 1096 514 1154 ad
526 1095 703 1155 Marcellum
715 1103 864 1168 revertar,
884 1111 923 1155 ne
937 1094 1092 1154 haecum

85 1178 151 1240 siue
177 1193 270 1237 causa
295 1185 528 1237 commemorata
551 1195 625 1242 esse
652 1178 825 1239 videantur:
858 1178 911 1253 qui
931 1193 1027 1252 quum
1048 1182 1092 1234 tan

84 1261 269 1335 praeclaram
283 1259 387 1319 urbem
404 1259 433 1318 vi
449 1259 608 1335 copiisque
620 1260 771 1339 ceplsset,
785 1278 846 1319 non
861 1259 979 1333 putavit
993 1259 1032 1317 ad
1046 1259 1092 1316 lau·

85 1344 153 1402 dem
171 1341 278 1415 populi
292 1343 420 1402 Romani
434 1342 494 1401 hoc
508 1344 673 1417 pertinere,
698 1344 777 1402 hanc
798 1339 1046 1417 pulcritudinem,
1065 1351 1093 1397 ex
1132 1348 1136 1409 t

86 1442 146 1500 qua
160 1426 337 1500 praesertim
353 1425 483 1500 periculi
494 1425 566 1486 nihil
581 1427 809 1500 ostenderetur,
829 1426 979 1495 delereet
1000 1422 1093 1482 exstin·
1134 1424 1136 1457 ³

85 1508 320 1583 garrulaque
340 1507 659 1582 aediliciisomnibus,
686 1507 818 1582 publicis
846 1505 988 1581 privatis,
1016 1502 1094 1564 sacris

85 1589 236 1665 prolaniS,
254 1589 297 1650 sic
312 1590 457 1667 pepercit,
475 1589 563 1666 quasi
574 1591 613 1650 ad
625 1608 662 1650 ea
677 1591 870 1654 defendenda
884 1605 955 1649 cum
969 1587 1096 1657 exercitu,

85 1690 146 1733 non
162 1674 367 1748 oppugnanda
381 1673 525 1734 venisset.
558 1674 591 1732 ln
609 1682 716 1734 ornatu
740 1673 823 1733 urbis
844 1670 949 1732 habuit
969 1669 1096 1730 victoriae

83 1756 244 1835 rationem,
259 1757 364 1818 habuit
378 1755 580 1816 humanitatis.
611 1755 764 1831 Victoriae
786 1756 909 1831 putabat
929 1770 1001 1819 esse
1022 1753 1098 1812 multa

84 1841 209 1900 Romam
221 1836 391 1915 deportare,
406 1856 485 1915 quae
503 1849 677 1900 ornamento
690 1838 757 1898 urbi
765 1854 842 1918 ,esse
856 1845 993 1911 possent,
1010 1837 1098 1896 huma·

84 1923 185 1983 nitatis
206 1939 266 1981 non
288 1925 379 1997 plane
393 1922 569 1997 exspoliare
585 1923 704 1992 urbem,
727 1919 904 1996 praesertim
926 1936 1019 1996 quam
1042 1933 1098 1979 onn-

86 2020 209 2065 servare
224 2005 382 2064 voluisset.
416 2004 485 2066 121.
513 2007 545 2063 In
559 2005 617 2064 hac
638 2002 798 2079 partitione
816 2012 941 2063 ornatus
963 2019 1025 2062 non
1045 2002 1101 2076 plus

34 2093 37 2102 “
84 2085 211 2146 victoria
225 2085 359 2144 Marcelli
375 2087 488 2160 populo
503 2087 640 2146 Romano
661 2086 809 2161 appetivit
830 2103 919 2161 quam
942 2085 1100 2145 humanius

86 2167 288 2245 Syracusanis
302 2167 480 2228 reservavit.
501 2169 626 2228 Romam
644 2186 722 2244 quae
737 2177 896 2244 apportata
914 2177 993 2242 sunt,
1011 2169 1051 2229 ad
1063 2181 1101 2226 ae

86 2252 154 2311 dem
168 2249 300 2315 Honoris
317 2259 346 2310 et
361 2249 494 2310 Virtutis·
512 2252 644 2326 itemque
665 2252 742 2311 aliis.
754 2252 783 2310 in
800 2251 876 2311 locis
895 2253 1044 2313 videmus.
1063 2246 1101 2308 lti-

84 2333 127 2392 hil
140 2333 170 2393 in
184 2332 328 2406 aedibus,
344 2332 417 2391 nihil
433 2332 464 2392 in
479 2333 575 2393 hortis
591 2330 701 2408 posuit,
717 2335 789 2395 nihil
806 2335 836 2394 in
852 2335 1044 2395 suburbanos
1059 2349 1103 2407 pu·

87 2415 174 2488 tavit,
190 2415 218 2474 si
234 2413 318 2475 urbis
337 2424 513 2477 ornamenta
530 2417 652 2477 domum
670 2433 755 2476 suam
772 2434 832 2477 non
848 2417 1044 2488 contulisset,
1059 2410 1117 2474 do-‘

86 2514 167 2557 mum
186 2514 272 2556 suam
289 2507 465 2559 ornamento
480 2499 547 2559 urbi
570 2501 709 2560 loturam.
725 2499 902 2577 ,Syracusis
923 2509 1026 2560 autom
1048 2512 1103 2573 per·

86 2582 177 2639 multa
192 2588 283 2654 atquo
298 2582 419 2656 egregia
434 2582 568 2656 reliquit:
585 2584 674 2642 deum
690 2599 762 2642 vero
775 2584 888 2643 nullum
898 2583 1035 2653 violavit,
1050 2579 1103 2640 nul-

85 2666 146 2724 lum
160 2662 264 2738 attigit.
297 2664 435 2725 Conlerte
450 2667 591 2726 Verrem:
613 2682 673 2725 non
695 2665 892 2743 uthominem
910 2682 978 2726 cum
994 2661 1103 2725 homine

84 2748 281 2821 comparetiS,
299 2764 337 2808 ne
353 2766 413 2822 qua
429 2746 479 2808 tali
495 2748 559 2809 viro
577 2756 694 2808 mortuo
710 2748 763 2808 liat
783 2747 905 2820 iniuria,
932 2749 989 2808 sed
1010 2756 1044 2807 ut
1061 2760 1103 2820 pa·

85 2846 150 2890 cem
165 2845 233 2891 cum
247 2830 342 2902 bello,
358 2832 442 2904 leges
452 2847 527 2903 ¹cum
544 2830 588 2904 vi,
604 2833 702 2890 lorum
716 2839 746 2890 et
766 2829 839 2890 iuris
862 2829 1026 2892 dictionem
1046 2841 1104 2888 oum

86 2915 164 2974 ferro
180 2922 209 2975 et
225 2912 331 2985 armis,
348 2914 511 2974 adventum
526 2922 556 2973 et
568 2912 740 3029 comitatum
756 2931 823 2973 cum
836 2913 968 2974 exercitu
980 2922 1011 2973 et
1021 2911 1104 2971 victo-

84 2996 129 3055 ria
142 2995 314 3056 conseratis.

167 3079 230 3138 LV.
258 3078 328 3140 122.
355 3077 452 3138 Aedis
466 3076 621 3137 Minervae
647 3086 695 3137 est
707 3095 738 3137 m
753 3081 872 3152 Insula
886 3079 941 3138 do
962 3095 1024 3154 qua
1046 3082 1106 3137 ante

86 3156 163 3217 dixi·
183 3177 273 3234 quam
289 3161 453 3221 Marcellus
467 3176 528 3219 non
546 3160 656 3234 attigit,
674 3178 764 3236 quam
780 3164 900 3237 plenam
915 3170 1008 3237 atque
1028 3175 1106 3221 orna-

87 3249 144 3300 tam
161 3241 296 3317 reliquit·
321 3259 398 3317 quae
414 3242 474 3302 ab
467 3251 525 3303 isto
541 3244 585 3303 sic
604 3246 733 3319 spoliata
747 3253 839 3321 atque
852 3245 970 3320 direpta
983 3253 1040 3316 est,
1055 3256 1106 3301 non

86 3332 118 3383 ut
129 3324 167 3382 ab
182 3325 252 3383 host
241 3333 271 3384 te
285 3325 403 3399 aliquo,
420 3325 472 3400 qui
488 3335 586 3386 tamen
605 3327 634 3385 in
652 3328 732 3387 bello
748 3329 925 3402 religionum
942 3337 972 3388 et
987 3340 1106 3388 consue·

86 3405 199 3466 tudinis
210 3405 275 3467 iura
290 3407 465 3479 contineret,
482 3410 539 3468 sed
556 3418 588 3469 ut
602 3426 620 3468 a
635 3409 771 3471 barbaris
784 3411 991 3486 praedonibus
1007 3415 1108 3470 vexata
