<?xml version="1.0" encoding="UTF-8"?>
<!DOCTYPE html PUBLIC "-//W3C//DTD XHTML 1.0 Transitional//EN"
    "http://www.w3.org/TR/xhtml1/DTD/xhtml1-transitional.dtd">
<html xmlns="http://www.w3.org/1999/xhtml" xml:lang="en" lang="en">
 <head>
  <title>
</title>
<meta http-equiv="Content-Type" content="text/html;charset=utf-8" />
  <meta name='ocr-system' content='tesseract 3.04.00' />
  <meta name='ocr-capabilities' content='ocr_page ocr_carea ocr_par ocr_line ocrx_word'/>
</head>
<body>
  <div class='ocr_page' id='page_1' title='image "./mtulliiciceroni08cicegoog_0435.png"; bbox 0 0 2356 3854; ppageno 0'>
   <div class='ocr_carea' id='block_1_1' title="bbox 122 130 952 238">
    <p class='ocr_par' dir='ltr' id='par_1_1' title="bbox 122 130 952 238">
     <span class='ocr_line' id='line_1_1' title="bbox 122 130 952 238; baseline -0.019 0"><span class='ocrx_word' id='word_1_1' title='bbox 122 172 188 238; x_wconf 80' lang='lat' dir='ltr'><strong>tut</strong></span> <span class='ocrx_word' id='word_1_2' title='bbox 308 194 311 198; x_wconf 32' lang='grc' dir='ltr'><em>ν</em></span> <span class='ocrx_word' id='word_1_3' title='bbox 346 169 420 230; x_wconf 81' lang='lat' dir='ltr'><strong>uno</strong></span> <span class='ocrx_word' id='word_1_4' title='bbox 434 130 536 229; x_wconf 78' lang='lat' dir='ltr'><strong>anan</strong></span> <span class='ocrx_word' id='word_1_5' title='bbox 552 165 744 228; x_wconf 81' lang='lat' dir='ltr'><strong>unionum</strong></span> <span class='ocrx_word' id='word_1_6' title='bbox 773 164 952 225; x_wconf 75' lang='lat' dir='ltr'><strong>cuano.-</strong></span> 
     </span>
    </p>
   </div>
   <div class='ocr_carea' id='block_1_2' title="bbox 43 316 1142 1888">
    <p class='ocr_par' dir='ltr' id='par_1_2' title="bbox 43 316 1142 1888">
     <span class='ocr_line' id='line_1_2' title="bbox 125 316 1141 392; baseline -0.012 -6"><span class='ocrx_word' id='word_1_7' title='bbox 125 332 233 386; x_wconf 88' lang='lat' dir='ltr'><strong>exacta</strong></span> <span class='ocrx_word' id='word_1_8' title='bbox 249 329 346 382; x_wconf 91' lang='lat' dir='ltr'><strong>aetate</strong></span> <span class='ocrx_word' id='word_1_9' title='bbox 364 321 547 379; x_wconf 76' lang='lat' dir='ltr'><strong>defecerant.</strong></span> <span class='ocrx_word' id='word_1_10' title='bbox 590 318 697 392; x_wconf 90' lang='lat' dir='ltr'><strong>ltaque</strong></span> <span class='ocrx_word' id='word_1_11' title='bbox 706 317 881 376; x_wconf 91' lang='lat' dir='ltr'><strong>Deiotarum</strong></span> <span class='ocrx_word' id='word_1_12' title='bbox 898 333 995 389; x_wconf 91' lang='lat' dir='ltr'><strong>quum</strong></span> <span class='ocrx_word' id='word_1_13' title='bbox 1010 316 1141 389; x_wconf 90' lang='lat' dir='ltr'><strong>pluresin</strong></span> 
     </span>
     <span class='ocr_line' id='line_1_3' title="bbox 105 394 1140 482; baseline -0.012 -13"><span class='ocrx_word' id='word_1_14' title='bbox 105 412 115 433; x_wconf 64' lang='lat'><strong>⁴*</strong></span> <span class='ocrx_word' id='word_1_15' title='bbox 124 422 238 482; x_wconf 91' lang='lat' dir='ltr'><strong>equum</strong></span> <span class='ocrx_word' id='word_1_16' title='bbox 252 404 455 475; x_wconf 77' lang='lat' dir='ltr'><strong>sustulissent,</strong></span> <span class='ocrx_word' id='word_1_17' title='bbox 470 403 553 476; x_wconf 88' lang='lat' dir='ltr'><strong>quod</strong></span> <span class='ocrx_word' id='word_1_18' title='bbox 570 394 697 460; x_wconf 81' lang='lat' dir='ltr'><strong>haerere</strong></span> <span class='ocrx_word' id='word_1_19' title='bbox 711 399 741 458; x_wconf 91' lang='lat' dir='ltr'><strong>iu</strong></span> <span class='ocrx_word' id='word_1_20' title='bbox 756 416 795 459; x_wconf 89' lang='lat' dir='ltr'><strong>eo</strong></span> <span class='ocrx_word' id='word_1_21' title='bbox 807 416 907 458; x_wconf 88' lang='lat' dir='ltr'><strong>senex</strong></span> <span class='ocrx_word' id='word_1_22' title='bbox 923 407 1049 472; x_wconf 90' lang='lat' dir='ltr'><strong>posset,</strong></span> <span class='ocrx_word' id='word_1_23' title='bbox 1066 397 1140 457; x_wconf 84' lang='lat' dir='ltr'><strong>admi</strong></span> 
     </span>
     <span class='ocr_line' id='line_1_4' title="bbox 123 481 1142 555; baseline -0.01 -5"><span class='ocrx_word' id='word_1_24' title='bbox 123 491 184 550; x_wconf 92' lang='lat' dir='ltr'><strong>rari</strong></span> <span class='ocrx_word' id='word_1_25' title='bbox 209 488 398 548; x_wconf 82' lang='lat' dir='ltr'><strong>solebamus=</strong></span> <span class='ocrx_word' id='word_1_26' title='bbox 421 485 470 545; x_wconf 93' lang='lat' dir='ltr'><strong>hic</strong></span> <span class='ocrx_word' id='word_1_27' title='bbox 494 501 567 544; x_wconf 90' lang='lat' dir='ltr'><strong>vero</strong></span> <span class='ocrx_word' id='word_1_28' title='bbox 590 483 787 552; x_wconf 77' lang='lat' dir='ltr'><strong>adolescens,</strong></span> <span class='ocrx_word' id='word_1_29' title='bbox 811 483 864 555; x_wconf 92' lang='lat' dir='ltr'><strong>qui</strong></span> <span class='ocrx_word' id='word_1_30' title='bbox 891 498 982 541; x_wconf 90' lang='lat' dir='ltr'><strong>meus</strong></span> <span class='ocrx_word' id='word_1_31' title='bbox 1005 483 1036 540; x_wconf 92' lang='lat' dir='ltr'><strong>in</strong></span> <span class='ocrx_word' id='word_1_32' title='bbox 1059 481 1142 540; x_wconf 85' lang='lat' dir='ltr'><strong>Cilicia</strong></span> 
     </span>
     <span class='ocr_line' id='line_1_5' title="bbox 123 565 1142 646; baseline -0.008 -14"><span class='ocrx_word' id='word_1_33' title='bbox 123 573 221 646; x_wconf 89' lang='lat' dir='ltr'><strong>miles,</strong></span> <span class='ocrx_word' id='word_1_34' title='bbox 237 573 267 630; x_wconf 92' lang='lat' dir='ltr'><strong>in</strong></span> <span class='ocrx_word' id='word_1_35' title='bbox 283 569 410 630; x_wconf 79' lang='lat' dir='ltr'><strong>Graecia</strong></span> <span class='ocrx_word' id='word_1_36' title='bbox 424 567 586 628; x_wconf 90' lang='lat' dir='ltr'><strong>commilito</strong></span> <span class='ocrx_word' id='word_1_37' title='bbox 601 566 665 636; x_wconf 88' lang='lat' dir='ltr'><strong>luit,</strong></span> <span class='ocrx_word' id='word_1_38' title='bbox 681 582 772 640; x_wconf 88' lang='lat' dir='ltr'><strong>quum</strong></span> <span class='ocrx_word' id='word_1_39' title='bbox 784 565 815 624; x_wconf 93' lang='lat' dir='ltr'><strong>in</strong></span> <span class='ocrx_word' id='word_1_40' title='bbox 832 565 884 625; x_wconf 91' lang='lat' dir='ltr'><strong>illo</strong></span> <span class='ocrx_word' id='word_1_41' title='bbox 900 574 1010 625; x_wconf 90' lang='lat' dir='ltr'><strong>nostro</strong></span> <span class='ocrx_word' id='word_1_42' title='bbox 1026 565 1142 625; x_wconf 87' lang='lat' dir='ltr'><strong>exercitu</strong></span> 
     </span>
     <span class='ocr_line' id='line_1_6' title="bbox 124 647 1142 730; baseline -0.009 -15"><span class='ocrx_word' id='word_1_43' title='bbox 124 655 274 730; x_wconf 73' lang='lat' dir='ltr'><strong>equitaret</strong></span> <span class='ocrx_word' id='word_1_44' title='bbox 295 670 362 714; x_wconf 89' lang='lat' dir='ltr'><strong>cum</strong></span> <span class='ocrx_word' id='word_1_45' title='bbox 385 652 450 712; x_wconf 91' lang='lat' dir='ltr'><strong>suis</strong></span> <span class='ocrx_word' id='word_1_46' title='bbox 471 651 598 710; x_wconf 88' lang='lat' dir='ltr'><strong>delectis</strong></span> <span class='ocrx_word' id='word_1_47' title='bbox 619 649 787 724; x_wconf 88' lang='lat' dir='ltr'><strong>equitibus,</strong></span> <span class='ocrx_word' id='word_1_48' title='bbox 801 665 881 722; x_wconf 90' lang='lat' dir='ltr'><strong>quos</strong></span> <span class='ocrx_word' id='word_1_49' title='bbox 903 665 967 708; x_wconf 89' lang='lat' dir='ltr'><strong>una</strong></span> <span class='ocrx_word' id='word_1_50' title='bbox 984 665 1054 708; x_wconf 89' lang='lat' dir='ltr'><strong>cum</strong></span> <span class='ocrx_word' id='word_1_51' title='bbox 1070 647 1142 707; x_wconf 89' lang='lat' dir='ltr'><strong>eoal</strong></span> 
     </span>
     <span class='ocr_line' id='line_1_7' title="bbox 122 733 1141 812; baseline -0.009 -15"><span class='ocrx_word' id='word_1_52' title='bbox 122 737 298 812; x_wconf 90' lang='lat' dir='ltr'><strong>Pompeium</strong></span> <span class='ocrx_word' id='word_1_53' title='bbox 321 744 406 809; x_wconf 90' lang='lat' dir='ltr'><strong>pater</strong></span> <span class='ocrx_word' id='word_1_54' title='bbox 426 734 561 804; x_wconf 89' lang='lat' dir='ltr'><strong>miserat,</strong></span> <span class='ocrx_word' id='word_1_55' title='bbox 590 750 668 805; x_wconf 91' lang='lat' dir='ltr'><strong>quos</strong></span> <span class='ocrx_word' id='word_1_56' title='bbox 700 747 868 791; x_wconf 90' lang='lat' dir='ltr'><strong>concursus</strong></span> <span class='ocrx_word' id='word_1_57' title='bbox 892 733 1001 791; x_wconf 84' lang='lat' dir='ltr'><strong>lacere</strong></span> <span class='ocrx_word' id='word_1_58' title='bbox 1023 733 1141 792; x_wconf 90' lang='lat' dir='ltr'><strong>solebatt</strong></span> 
     </span>
     <span class='ocr_line' id='line_1_8' title="bbox 124 813 1142 896; baseline -0.006 -16"><span class='ocrx_word' id='word_1_59' title='bbox 124 837 214 896; x_wconf 89' lang='lat' dir='ltr'><strong>quam</strong></span> <span class='ocrx_word' id='word_1_60' title='bbox 230 836 265 879; x_wconf 93' lang='lat' dir='ltr'><strong>se</strong></span> <span class='ocrx_word' id='word_1_61' title='bbox 279 819 407 878; x_wconf 91' lang='lat' dir='ltr'><strong>iactaret</strong></span> <span class='ocrx_word' id='word_1_62' title='bbox 421 834 511 891; x_wconf 89' lang='lat' dir='ltr'><strong>quam</strong></span> <span class='ocrx_word' id='word_1_63' title='bbox 525 823 692 877; x_wconf 79' lang='lat' dir='ltr'><strong>ostentaret</strong></span> <span class='ocrx_word' id='word_1_64' title='bbox 714 831 804 889; x_wconf 89' lang='lat' dir='ltr'><strong>quarn</strong></span> <span class='ocrx_word' id='word_1_65' title='bbox 819 813 935 874; x_wconf 90' lang='lat' dir='ltr'><strong>nemini</strong></span> <span class='ocrx_word' id='word_1_66' title='bbox 953 814 985 874; x_wconf 91' lang='lat' dir='ltr'><strong>in</strong></span> <span class='ocrx_word' id='word_1_67' title='bbox 1002 815 1054 874; x_wconf 95' lang='lat' dir='ltr'><strong>illa</strong></span> <span class='ocrx_word' id='word_1_68' title='bbox 1068 830 1142 874; x_wconf 77' lang='lat' dir='ltr'><strong>caua</strong></span> 
     </span>
     <span class='ocr_line' id='line_1_9' title="bbox 124 897 1141 976; baseline -0.007 -13"><span class='ocrx_word' id='word_1_69' title='bbox 124 902 227 964; x_wconf 91' lang='lat' dir='ltr'><strong>studio</strong></span> <span class='ocrx_word' id='word_1_70' title='bbox 252 910 282 962; x_wconf 92' lang='lat' dir='ltr'><strong>et</strong></span> <span class='ocrx_word' id='word_1_71' title='bbox 309 902 474 976; x_wconf 90' lang='lat' dir='ltr'><strong>cupiditate</strong></span> <span class='ocrx_word' id='word_1_72' title='bbox 498 899 681 959; x_wconf 87' lang='lat' dir='ltr'><strong>concedere!</strong></span> <span class='ocrx_word' id='word_1_73' title='bbox 708 897 759 958; x_wconf 77' lang='lat'><strong>29.</strong></span> <span class='ocrx_word' id='word_1_74' title='bbox 785 898 883 971; x_wconf 80' lang='lat' dir='ltr'><strong>Quum</strong></span> <span class='ocrx_word' id='word_1_75' title='bbox 916 914 994 958; x_wconf 91' lang='lat' dir='ltr'><strong>vero</strong></span> <span class='ocrx_word' id='word_1_76' title='bbox 1025 898 1141 958; x_wconf 83' lang='lat' dir='ltr'><strong>exercitu</strong></span> 
     </span>
     <span class='ocr_line' id='line_1_10' title="bbox 125 980 1140 1058; baseline -0.006 -13"><span class='ocrx_word' id='word_1_77' title='bbox 125 986 239 1045; x_wconf 90' lang='lat' dir='ltr'><strong>amisso</strong></span> <span class='ocrx_word' id='word_1_78' title='bbox 262 1000 336 1058; x_wconf 83' lang='lat' dir='ltr'><strong>ego,</strong></span> <span class='ocrx_word' id='word_1_79' title='bbox 359 985 411 1058; x_wconf 93' lang='lat' dir='ltr'><strong>qui</strong></span> <span class='ocrx_word' id='word_1_80' title='bbox 433 982 518 1058; x_wconf 84' lang='lat' dir='ltr'><strong>pacis</strong></span> <span class='ocrx_word' id='word_1_81' title='bbox 540 997 661 1055; x_wconf 85' lang='lat' dir='ltr'><strong>semper</strong></span> <span class='ocrx_word' id='word_1_82' title='bbox 674 989 780 1041; x_wconf 88' lang='lat' dir='ltr'><strong>auctor</strong></span> <span class='ocrx_word' id='word_1_83' title='bbox 791 980 849 1054; x_wconf 84' lang='lat' dir='ltr'><strong>lui,</strong></span> <span class='ocrx_word' id='word_1_84' title='bbox 866 990 940 1056; x_wconf 90' lang='lat' dir='ltr'><strong>post</strong></span> <span class='ocrx_word' id='word_1_85' title='bbox 950 981 1140 1042; x_wconf 88' lang='lat' dir='ltr'><strong>Pharsalicum</strong></span> 
     </span>
     <span class='ocr_line' id='line_1_11' title="bbox 123 1065 1139 1143; baseline -0.007 -15"><span class='ocrx_word' id='word_1_86' title='bbox 123 1077 223 1128; x_wconf 89' lang='lat' dir='ltr'><strong>autem</strong></span> <span class='ocrx_word' id='word_1_87' title='bbox 246 1068 392 1141; x_wconf 89' lang='lat' dir='ltr'><strong>proelium</strong></span> <span class='ocrx_word' id='word_1_88' title='bbox 416 1081 526 1126; x_wconf 83' lang='lat' dir='ltr'><strong>suasor</strong></span> <span class='ocrx_word' id='word_1_89' title='bbox 550 1065 676 1124; x_wconf 78' lang='lat' dir='ltr'><strong>fuissem</strong></span> <span class='ocrx_word' id='word_1_90' title='bbox 696 1081 847 1124; x_wconf 89' lang='lat' dir='ltr'><strong>armorum</strong></span> <span class='ocrx_word' id='word_1_91' title='bbox 867 1083 931 1125; x_wconf 92' lang='lat' dir='ltr'><strong>non</strong></span> <span class='ocrx_word' id='word_1_92' title='bbox 957 1065 1139 1143; x_wconf 80' lang='lat' dir='ltr'><strong>deponendo</strong></span> 
     </span>
     <span class='ocr_line' id='line_1_12' title="bbox 122 1146 1138 1222; baseline -0.005 -11"><span class='ocrx_word' id='word_1_93' title='bbox 122 1169 197 1222; x_wconf 90' lang='lat' dir='ltr'><strong>rum,</strong></span> <span class='ocrx_word' id='word_1_94' title='bbox 214 1148 269 1210; x_wconf 91' lang='lat' dir='ltr'><strong>sed</strong></span> <span class='ocrx_word' id='word_1_95' title='bbox 283 1149 528 1221; x_wconf 87' lang='lat' dir='ltr'><strong>abiiciendorum,</strong></span> <span class='ocrx_word' id='word_1_96' title='bbox 539 1148 620 1206; x_wconf 91' lang='lat' dir='ltr'><strong>hunc</strong></span> <span class='ocrx_word' id='word_1_97' title='bbox 635 1149 673 1206; x_wconf 88' lang='lat' dir='ltr'><strong>ad</strong></span> <span class='ocrx_word' id='word_1_98' title='bbox 688 1164 785 1207; x_wconf 90' lang='lat' dir='ltr'><strong>meam</strong></span> <span class='ocrx_word' id='word_1_99' title='bbox 800 1146 1016 1208; x_wconf 87' lang='lat' dir='ltr'><strong>auctoritatem</strong></span> <span class='ocrx_word' id='word_1_100' title='bbox 1035 1166 1089 1208; x_wconf 91' lang='lat' dir='ltr'><strong>non</strong></span> <span class='ocrx_word' id='word_1_101' title='bbox 1100 1163 1138 1222; x_wconf 82' lang='lat' dir='ltr'><strong>pc</strong></span> 
     </span>
     <span class='ocr_line' id='line_1_13' title="bbox 43 1220 1137 1306; baseline -0.005 -12"><span class='ocrx_word' id='word_1_102' title='bbox 43 1256 45 1261; x_wconf 63' lang='grc'>’</span> <span class='ocrx_word' id='word_1_103' title='bbox 123 1235 165 1294; x_wconf 90' lang='lat' dir='ltr'><strong>tui</strong></span> <span class='ocrx_word' id='word_1_104' title='bbox 189 1233 357 1303; x_wconf 85' lang='lat' dir='ltr'><strong>adducere,</strong></span> <span class='ocrx_word' id='word_1_105' title='bbox 378 1220 461 1306; x_wconf 84' lang='lat' dir='ltr'><strong>quod</strong></span> <span class='ocrx_word' id='word_1_106' title='bbox 478 1240 509 1290; x_wconf 91' lang='lat' dir='ltr'><strong>et</strong></span> <span class='ocrx_word' id='word_1_107' title='bbox 528 1232 595 1306; x_wconf 90' lang='lat' dir='ltr'><strong>ipse</strong></span> <span class='ocrx_word' id='word_1_108' title='bbox 609 1231 735 1290; x_wconf 88' lang='lat' dir='ltr'><strong>ardebat</strong></span> <span class='ocrx_word' id='word_1_109' title='bbox 747 1231 847 1291; x_wconf 92' lang='lat' dir='ltr'><strong>studio</strong></span> <span class='ocrx_word' id='word_1_110' title='bbox 870 1230 954 1290; x_wconf 89' lang='lat' dir='ltr'><strong>illius</strong></span> <span class='ocrx_word' id='word_1_111' title='bbox 974 1232 1047 1291; x_wconf 89' lang='lat' dir='ltr'><strong>belli</strong></span> <span class='ocrx_word' id='word_1_112' title='bbox 1061 1242 1088 1292; x_wconf 90' lang='lat' dir='ltr'><strong>et</strong></span> <span class='ocrx_word' id='word_1_113' title='bbox 1100 1246 1137 1305; x_wconf 90' lang='lat' dir='ltr'><strong>pa·</strong></span> 
     </span>
     <span class='ocr_line' id='line_1_14' title="bbox 123 1313 1139 1387; baseline -0.004 -12"><span class='ocrx_word' id='word_1_114' title='bbox 123 1317 158 1375; x_wconf 90' lang='lat' dir='ltr'><strong>tri</strong></span> <span class='ocrx_word' id='word_1_115' title='bbox 174 1313 248 1374; x_wconf 91' lang='lat' dir='ltr'><strong>satis</strong></span> <span class='ocrx_word' id='word_1_116' title='bbox 265 1315 434 1373; x_wconf 86' lang='lat' dir='ltr'><strong>laciendum</strong></span> <span class='ocrx_word' id='word_1_117' title='bbox 450 1331 521 1374; x_wconf 90' lang='lat' dir='ltr'><strong>esse</strong></span> <span class='ocrx_word' id='word_1_118' title='bbox 537 1314 744 1374; x_wconf 79' lang='lat' dir='ltr'><strong>arbitrabatur.</strong></span> <span class='ocrx_word' id='word_1_119' title='bbox 772 1313 856 1373; x_wconf 87' lang='lat' dir='ltr'><strong>Felix</strong></span> <span class='ocrx_word' id='word_1_120' title='bbox 872 1313 932 1375; x_wconf 87' lang='lat' dir='ltr'><strong>ista</strong></span> <span class='ocrx_word' id='word_1_121' title='bbox 948 1315 1063 1375; x_wconf 90' lang='lat' dir='ltr'><strong>domus</strong></span> <span class='ocrx_word' id='word_1_122' title='bbox 1078 1327 1139 1387; x_wconf 89' lang='lat' dir='ltr'><strong>quae</strong></span> 
     </span>
     <span class='ocr_line' id='line_1_15' title="bbox 124 1395 1138 1471; baseline 0.001 -17"><span class='ocrx_word' id='word_1_123' title='bbox 124 1415 184 1456; x_wconf 94' lang='lat' dir='ltr'><strong>non</strong></span> <span class='ocrx_word' id='word_1_124' title='bbox 213 1395 419 1470; x_wconf 85' lang='lat' dir='ltr'><strong>impunitatem</strong></span> <span class='ocrx_word' id='word_1_125' title='bbox 442 1399 541 1457; x_wconf 91' lang='lat' dir='ltr'><strong>solum</strong></span> <span class='ocrx_word' id='word_1_126' title='bbox 556 1398 667 1471; x_wconf 88' lang='lat' dir='ltr'><strong>adepta</strong></span> <span class='ocrx_word' id='word_1_127' title='bbox 688 1397 743 1468; x_wconf 92' lang='lat' dir='ltr'><strong>sit,</strong></span> <span class='ocrx_word' id='word_1_128' title='bbox 766 1398 923 1458; x_wconf 85' lang='lat' dir='ltr'><strong>sedetiam</strong></span> <span class='ocrx_word' id='word_1_129' title='bbox 938 1398 1104 1459; x_wconf 90' lang='lat' dir='ltr'><strong>accusandi</strong></span> <span class='ocrx_word' id='word_1_130' title='bbox 1114 1395 1138 1455; x_wconf 92' lang='lat' dir='ltr'><strong>li·</strong></span> 
     </span>
     <span class='ocr_line' id='line_1_16' title="bbox 123 1479 1138 1556; baseline -0.002 -17"><span class='ocrx_word' id='word_1_131' title='bbox 123 1479 265 1539; x_wconf 89' lang='lat' dir='ltr'><strong>centiam=</strong></span> <span class='ocrx_word' id='word_1_132' title='bbox 288 1480 482 1539; x_wconf 88' lang='lat' dir='ltr'><strong>calamitosus</strong></span> <span class='ocrx_word' id='word_1_133' title='bbox 502 1479 663 1540; x_wconf 88' lang='lat' dir='ltr'><strong>Deiotarus</strong></span> <span class='ocrx_word' id='word_1_134' title='bbox 684 1479 782 1554; x_wconf 89' lang='lat' dir='ltr'><strong>quiet</strong></span> <span class='ocrx_word' id='word_1_135' title='bbox 801 1481 908 1554; x_wconf 88' lang='lat' dir='ltr'><strong>abeo,</strong></span> <span class='ocrx_word' id='word_1_136' title='bbox 932 1481 990 1556; x_wconf 91' lang='lat' dir='ltr'><strong>qui</strong></span> <span class='ocrx_word' id='word_1_137' title='bbox 1005 1482 1034 1540; x_wconf 94' lang='lat' dir='ltr'><strong>in</strong></span> <span class='ocrx_word' id='word_1_138' title='bbox 1046 1480 1138 1541; x_wconf 87' lang='lat' dir='ltr'><strong>iisdem</strong></span> 
     </span>
     <span class='ocr_line' id='line_1_17' title="bbox 50 1561 1137 1640; baseline 0.001 -19"><span class='ocrx_word' id='word_1_139' title='bbox 50 1602 53 1611; x_wconf 84' lang='lat'><strong>.</strong></span> <span class='ocrx_word' id='word_1_140' title='bbox 122 1564 231 1624; x_wconf 85' lang='lat' dir='ltr'><strong>castris</strong></span> <span class='ocrx_word' id='word_1_141' title='bbox 252 1561 355 1633; x_wconf 84' lang='lat' dir='ltr'><strong>fuerit,</strong></span> <span class='ocrx_word' id='word_1_142' title='bbox 378 1563 451 1640; x_wconf 90' lang='lat' dir='ltr'><strong>[non</strong></span> <span class='ocrx_word' id='word_1_143' title='bbox 467 1561 550 1637; x_wconf 87' lang='lat' dir='ltr'><strong>opud</strong></span> <span class='ocrx_word' id='word_1_144' title='bbox 571 1565 628 1640; x_wconf 89' lang='lat' dir='ltr'><strong>te],</strong></span> <span class='ocrx_word' id='word_1_145' title='bbox 649 1572 681 1624; x_wconf 92' lang='lat' dir='ltr'><strong>et</strong></span> <span class='ocrx_word' id='word_1_146' title='bbox 698 1579 718 1622; x_wconf 91' lang='lat' dir='ltr'><strong>a</strong></span> <span class='ocrx_word' id='word_1_147' title='bbox 734 1562 798 1623; x_wconf 87' lang='lat' dir='ltr'><strong>suis</strong></span> <span class='ocrx_word' id='word_1_148' title='bbox 812 1572 995 1624; x_wconf 80' lang='lat' dir='ltr'><strong>accusetur!</strong></span> <span class='ocrx_word' id='word_1_149' title='bbox 1018 1568 1082 1624; x_wconf 91' lang='lat' dir='ltr'><strong>Vos</strong></span> <span class='ocrx_word' id='word_1_150' title='bbox 1100 1579 1137 1622; x_wconf 84' lang='lat' dir='ltr'><strong>ve</strong></span> 
     </span>
     <span class='ocr_line' id='line_1_18' title="bbox 122 1644 1138 1724; baseline 0 -19"><span class='ocrx_word' id='word_1_151' title='bbox 122 1655 184 1705; x_wconf 90' lang='lat' dir='ltr'><strong>stra</strong></span> <span class='ocrx_word' id='word_1_152' title='bbox 200 1646 336 1705; x_wconf 85' lang='lat' dir='ltr'><strong>secunda</strong></span> <span class='ocrx_word' id='word_1_153' title='bbox 349 1646 484 1718; x_wconf 75' lang='lat' dir='ltr'><strong>launna,</strong></span> <span class='ocrx_word' id='word_1_154' title='bbox 506 1647 626 1717; x_wconf 84' lang='lat' dir='ltr'><strong>Castor,</strong></span> <span class='ocrx_word' id='word_1_155' title='bbox 652 1663 713 1706; x_wconf 92' lang='lat' dir='ltr'><strong>non</strong></span> <span class='ocrx_word' id='word_1_156' title='bbox 737 1644 865 1722; x_wconf 88' lang='lat' dir='ltr'><strong>potestis</strong></span> <span class='ocrx_word' id='word_1_157' title='bbox 881 1647 950 1706; x_wconf 92' lang='lat' dir='ltr'><strong>sine</strong></span> <span class='ocrx_word' id='word_1_158' title='bbox 968 1648 1138 1724; x_wconf 81' lang='lat' dir='ltr'><strong>propinqua</strong></span> 
     </span>
     <span class='ocr_line' id='line_1_19' title="bbox 122 1727 627 1789; baseline -0.002 -1"><span class='ocrx_word' id='word_1_159' title='bbox 122 1746 187 1788; x_wconf 93' lang='lat' dir='ltr'><strong>rum</strong></span> <span class='ocrx_word' id='word_1_160' title='bbox 202 1727 369 1788; x_wconf 87' lang='lat' dir='ltr'><strong>calamitate</strong></span> <span class='ocrx_word' id='word_1_161' title='bbox 387 1745 458 1788; x_wconf 91' lang='lat' dir='ltr'><strong>esse</strong></span> <span class='ocrx_word' id='word_1_162' title='bbox 474 1730 627 1789; x_wconf 68' lang='lat' dir='ltr'><strong>contentia</strong></span> 
     </span>
     <span class='ocr_line' id='line_1_20' title="bbox 183 1809 1138 1888; baseline -0.002 -17"><span class='ocrx_word' id='word_1_163' title='bbox 183 1809 232 1871; x_wconf 89' lang='lat' dir='ltr'><strong>Xl.</strong></span> <span class='ocrx_word' id='word_1_164' title='bbox 249 1811 298 1872; x_wconf 85' lang='lat'><strong>30.</strong></span> <span class='ocrx_word' id='word_1_165' title='bbox 326 1812 391 1873; x_wconf 87' lang='lat' dir='ltr'><strong>Sint</strong></span> <span class='ocrx_word' id='word_1_166' title='bbox 406 1829 480 1871; x_wconf 88' lang='lat' dir='ltr'><strong>sane</strong></span> <span class='ocrx_word' id='word_1_167' title='bbox 495 1811 682 1886; x_wconf 88' lang='lat' dir='ltr'><strong>inimicitiae,</strong></span> <span class='ocrx_word' id='word_1_168' title='bbox 706 1829 784 1888; x_wconf 91' lang='lat' dir='ltr'><strong>quae</strong></span> <span class='ocrx_word' id='word_1_169' title='bbox 805 1829 876 1876; x_wconf 87' lang='lat' dir='ltr'><strong>esse</strong></span> <span class='ocrx_word' id='word_1_170' title='bbox 900 1830 967 1873; x_wconf 90' lang='lat' dir='ltr'><strong>non</strong></span> <span class='ocrx_word' id='word_1_171' title='bbox 990 1814 1138 1874; x_wconf 87' lang='lat' dir='ltr'><strong>debebant:</strong></span> 
     </span>
    </p>
   </div>
   <div class='ocr_carea' id='block_1_3' title="bbox 51 1893 1139 1958">
    <p class='ocr_par' dir='ltr' id='par_1_3' title="bbox 51 1893 1139 1958">
     <span class='ocr_line' id='line_1_21' title="bbox 51 1893 1139 1958; baseline 0.002 -6"><span class='ocrx_word' id='word_1_172' title='bbox 51 1923 57 1935; x_wconf 85' lang='lat'><strong>.</strong></span> <span class='ocrx_word' id='word_1_173' title='bbox 120 1911 176 1955; x_wconf 89' lang='lat' dir='ltr'><strong>rex</strong></span> <span class='ocrx_word' id='word_1_174' title='bbox 196 1896 275 1954; x_wconf 92' lang='lat' dir='ltr'><strong>enim</strong></span> <span class='ocrx_word' id='word_1_175' title='bbox 291 1895 451 1955; x_wconf 88' lang='lat' dir='ltr'><strong>Deiotarus</strong></span> <span class='ocrx_word' id='word_1_176' title='bbox 472 1906 601 1956; x_wconf 90' lang='lat' dir='ltr'><strong>vestram</strong></span> <span class='ocrx_word' id='word_1_177' title='bbox 620 1895 760 1955; x_wconf 88' lang='lat' dir='ltr'><strong>familiam</strong></span> <span class='ocrx_word' id='word_1_178' title='bbox 781 1897 929 1955; x_wconf 90' lang='lat' dir='ltr'><strong>abiectam</strong></span> <span class='ocrx_word' id='word_1_179' title='bbox 946 1905 979 1958; x_wconf 92' lang='lat' dir='ltr'><strong>et</strong></span> <span class='ocrx_word' id='word_1_180' title='bbox 995 1893 1139 1958; x_wconf 83' lang='lat' dir='ltr'><strong>obscurant</strong></span> 
     </span>
    </p>
   </div>
   <div class='ocr_carea' id='block_1_4' title="bbox 51 1977 1138 3475">
    <p class='ocr_par' dir='ltr' id='par_1_4' title="bbox 51 1977 1138 3475">
     <span class='ocr_line' id='line_1_22' title="bbox 119 1977 1138 2054; baseline 0.001 -18"><span class='ocrx_word' id='word_1_181' title='bbox 119 1993 138 2036; x_wconf 89' lang='lat' dir='ltr'><strong>e</strong></span> <span class='ocrx_word' id='word_1_182' title='bbox 153 1977 286 2036; x_wconf 88' lang='lat' dir='ltr'><strong>tenebris</strong></span> <span class='ocrx_word' id='word_1_183' title='bbox 301 1978 329 2036; x_wconf 93' lang='lat' dir='ltr'><strong>in</strong></span> <span class='ocrx_word' id='word_1_184' title='bbox 345 1981 443 2038; x_wconf 90' lang='lat' dir='ltr'><strong>lucem</strong></span> <span class='ocrx_word' id='word_1_185' title='bbox 453 1983 607 2039; x_wconf 78' lang='lat' dir='ltr'><strong>evocavit:</strong></span> <span class='ocrx_word' id='word_1_186' title='bbox 624 1979 693 2053; x_wconf 94' lang='lat' dir='ltr'><strong>quis</strong></span> <span class='ocrx_word' id='word_1_187' title='bbox 708 1987 792 2053; x_wconf 85' lang='lat' dir='ltr'><strong>tuum</strong></span> <span class='ocrx_word' id='word_1_188' title='bbox 807 1988 921 2053; x_wconf 84' lang='lat' dir='ltr'><strong>patrem</strong></span> <span class='ocrx_word' id='word_1_189' title='bbox 937 1991 1013 2042; x_wconf 89' lang='lat' dir='ltr'><strong>ante</strong></span> <span class='ocrx_word' id='word_1_190' title='bbox 1029 1982 1138 2054; x_wconf 89' lang='lat' dir='ltr'><strong>quises·</strong></span> 
     </span>
     <span class='ocr_line' id='line_1_23' title="bbox 121 2056 1138 2143; baseline 0 -25"><span class='ocrx_word' id='word_1_191' title='bbox 121 2066 168 2119; x_wconf 92' lang='lat' dir='ltr'><strong>set</strong></span> <span class='ocrx_word' id='word_1_192' title='bbox 184 2077 274 2133; x_wconf 89' lang='lat' dir='ltr'><strong>quam</strong></span> <span class='ocrx_word' id='word_1_193' title='bbox 291 2060 377 2121; x_wconf 89' lang='lat' dir='ltr'><strong>cuius</strong></span> <span class='ocrx_word' id='word_1_194' title='bbox 391 2078 485 2135; x_wconf 82' lang='lat' dir='ltr'><strong>gener</strong></span> <span class='ocrx_word' id='word_1_195' title='bbox 500 2071 584 2123; x_wconf 88' lang='lat' dir='ltr'><strong>esset</strong></span> <span class='ocrx_word' id='word_1_196' title='bbox 604 2056 817 2143; x_wconf 60' lang='lat' dir='ltr'><strong>audivil&#39;thed</strong></span> <span class='ocrx_word' id='word_1_197' title='bbox 833 2062 978 2136; x_wconf 89' lang='lat' dir='ltr'><strong>quamvis</strong></span> <span class='ocrx_word' id='word_1_198' title='bbox 997 2064 1107 2137; x_wconf 81' lang='lat' dir='ltr'><strong>ingrate</strong></span> <span class='ocrx_word' id='word_1_199' title='bbox 1117 2068 1138 2120; x_wconf 90' lang='lat' dir='ltr'><strong>et</strong></span> 
     </span>
     <span class='ocr_line' id='line_1_24' title="bbox 120 2142 1136 2225; baseline -0.001 -24"><span class='ocrx_word' id='word_1_200' title='bbox 120 2142 212 2216; x_wconf 89' lang='lat' dir='ltr'><strong>impie</strong></span> <span class='ocrx_word' id='word_1_201' title='bbox 234 2142 469 2204; x_wconf 91' lang='lat' dir='ltr'><strong>necessitudinis</strong></span> <span class='ocrx_word' id='word_1_202' title='bbox 488 2161 598 2204; x_wconf 93' lang='lat' dir='ltr'><strong>nomen</strong></span> <span class='ocrx_word' id='word_1_203' title='bbox 620 2142 838 2225; x_wconf 27' lang='lat' dir='ltr'><strong>rep-affictis</strong></span> <span class='ocrx_word' id='word_1_204' title='bbox 859 2153 963 2206; x_wconf 92' lang='lat' dir='ltr'><strong>tamen</strong></span> <span class='ocrx_word' id='word_1_205' title='bbox 983 2144 1136 2205; x_wconf 88' lang='lat' dir='ltr'><strong>inimicitias</strong></span> 
     </span>
     <span class='ocr_line' id='line_1_25' title="bbox 119 2224 1136 2303; baseline 0.004 -18"><span class='ocrx_word' id='word_1_206' title='bbox 119 2224 275 2286; x_wconf 92' lang='lat' dir='ltr'><strong>hominum</strong></span> <span class='ocrx_word' id='word_1_207' title='bbox 293 2243 375 2287; x_wconf 91' lang='lat' dir='ltr'><strong>more</strong></span> <span class='ocrx_word' id='word_1_208' title='bbox 390 2243 496 2302; x_wconf 83' lang='lat' dir='ltr'><strong>gerere</strong></span> <span class='ocrx_word' id='word_1_209' title='bbox 513 2229 675 2303; x_wconf 88' lang='lat' dir='ltr'><strong>poteratis,</strong></span> <span class='ocrx_word' id='word_1_210' title='bbox 688 2226 839 2300; x_wconf 78' lang='lat' dir='ltr'><strong>noir&#39;ticto</strong></span> <span class='ocrx_word' id='word_1_211' title='bbox 857 2227 989 2289; x_wconf 91' lang='lat' dir='ltr'><strong>crimine</strong></span> <span class='ocrx_word' id='word_1_212' title='bbox 1005 2227 1136 2298; x_wconf 75' lang='lat' dir='ltr'><strong>insectari</strong></span> 
     </span>
     <span class='ocr_line' id='line_1_26' title="bbox 51 2311 1136 2386; baseline 0.003 -19"><span class='ocrx_word' id='word_1_213' title='bbox 51 2383 53 2386; x_wconf 9' lang='grc' dir='ltr'><em>Α</em></span> <span class='ocrx_word' id='word_1_214' title='bbox 119 2326 179 2368; x_wconf 92' lang='lat' dir='ltr'><strong>non</strong></span> <span class='ocrx_word' id='word_1_215' title='bbox 195 2318 340 2384; x_wconf 90' lang='lat' dir='ltr'><strong>expetere</strong></span> <span class='ocrx_word' id='word_1_216' title='bbox 354 2312 460 2385; x_wconf 88' lang='lat' dir='ltr'><strong>vitam,</strong></span> <span class='ocrx_word' id='word_1_217' title='bbox 482 2328 541 2371; x_wconf 92' lang='lat' dir='ltr'><strong>non</strong></span> <span class='ocrx_word' id='word_1_218' title='bbox 559 2311 666 2384; x_wconf 88' lang='lat' dir='ltr'><strong>capitis</strong></span> <span class='ocrx_word' id='word_1_219' title='bbox 682 2327 849 2370; x_wconf 90' lang='lat' dir='ltr'><strong>arcessere.</strong></span> <span class='ocrx_word' id='word_1_220' title='bbox 893 2311 989 2373; x_wconf 74' lang='lat' dir='ltr'><strong>Estor</strong></span> <span class='ocrx_word' id='word_1_221' title='bbox 1006 2311 1136 2373; x_wconf 86' lang='lat' dir='ltr'><strong>conceda·</strong></span> 
     </span>
     <span class='ocr_line' id='line_1_27' title="bbox 120 2391 1136 2472; baseline 0.002 -23"><span class='ocrx_word' id='word_1_222' title='bbox 120 2398 168 2472; x_wconf 77' lang='lat' dir='ltr'><strong>tur</strong></span> <span class='ocrx_word' id='word_1_223' title='bbox 183 2391 258 2451; x_wconf 88' lang='lat' dir='ltr'><strong>haec</strong></span> <span class='ocrx_word' id='word_1_224' title='bbox 275 2410 398 2468; x_wconf 90' lang='lat' dir='ltr'><strong>quoque</strong></span> <span class='ocrx_word' id='word_1_225' title='bbox 417 2393 588 2455; x_wconf 89' lang='lat' dir='ltr'><strong>acerbitatis</strong></span> <span class='ocrx_word' id='word_1_226' title='bbox 606 2401 635 2451; x_wconf 94' lang='lat' dir='ltr'><strong>et</strong></span> <span class='ocrx_word' id='word_1_227' title='bbox 658 2394 719 2454; x_wconf 91' lang='lat' dir='ltr'><strong>odii</strong></span> <span class='ocrx_word' id='word_1_228' title='bbox 742 2392 932 2467; x_wconf 78' lang='lat' dir='ltr'><strong>magnitudo:</strong></span> <span class='ocrx_word' id='word_1_229' title='bbox 959 2398 1092 2468; x_wconf 89' lang='lat' dir='ltr'><strong>adeone,</strong></span> <span class='ocrx_word' id='word_1_230' title='bbox 1112 2401 1136 2452; x_wconf 89' lang='lat' dir='ltr'><strong>at</strong></span> 
     </span>
     <span class='ocr_line' id='line_1_28' title="bbox 118 2475 1135 2552; baseline 0.007 -22"><span class='ocrx_word' id='word_1_231' title='bbox 118 2475 220 2532; x_wconf 89' lang='lat' dir='ltr'><strong>omnia</strong></span> <span class='ocrx_word' id='word_1_232' title='bbox 240 2476 320 2535; x_wconf 89' lang='lat' dir='ltr'><strong>vitae</strong></span> <span class='ocrx_word' id='word_1_233' title='bbox 343 2478 510 2552; x_wconf 86' lang='lat' dir='ltr'><strong>salutisque</strong></span> <span class='ocrx_word' id='word_1_234' title='bbox 533 2476 700 2537; x_wconf 89' lang='lat' dir='ltr'><strong>communis</strong></span> <span class='ocrx_word' id='word_1_235' title='bbox 720 2486 811 2552; x_wconf 90' lang='lat' dir='ltr'><strong>atque</strong></span> <span class='ocrx_word' id='word_1_236' title='bbox 838 2477 929 2537; x_wconf 88' lang='lat' dir='ltr'><strong>etiam</strong></span> <span class='ocrx_word' id='word_1_237' title='bbox 959 2475 1135 2541; x_wconf 86' lang='lat' dir='ltr'><strong>humanitatis</strong></span> 
     </span>
     <span class='ocr_line' id='line_1_29' title="bbox 119 2552 1136 2637; baseline 0.006 -23"><span class='ocrx_word' id='word_1_238' title='bbox 119 2554 185 2614; x_wconf 87' lang='lat' dir='ltr'><strong>iura</strong></span> <span class='ocrx_word' id='word_1_239' title='bbox 199 2555 371 2618; x_wconf 64' lang='lat' dir='ltr'><strong>violentur?</strong></span> <span class='ocrx_word' id='word_1_240' title='bbox 394 2561 523 2620; x_wconf 88' lang='lat' dir='ltr'><strong>Servum</strong></span> <span class='ocrx_word' id='word_1_241' title='bbox 544 2559 706 2621; x_wconf 90' lang='lat' dir='ltr'><strong>sollicitare</strong></span> <span class='ocrx_word' id='word_1_242' title='bbox 720 2552 832 2633; x_wconf 69' lang='lat' dir='ltr'><strong>verbis,</strong></span> <span class='ocrx_word' id='word_1_243' title='bbox 854 2578 912 2636; x_wconf 91' lang='lat' dir='ltr'><strong>spe</strong></span> <span class='ocrx_word' id='word_1_244' title='bbox 928 2563 1136 2637; x_wconf 79' lang='lat' dir='ltr'><strong>promissisque</strong></span> 
     </span>
     <span class='ocr_line' id='line_1_30' title="bbox 120 2643 1134 2727; baseline 0.008 -32"><span class='ocrx_word' id='word_1_245' title='bbox 120 2653 324 2727; x_wconf 82' lang='lat' dir='ltr'><strong>corrumpere,</strong></span> <span class='ocrx_word' id='word_1_246' title='bbox 344 2643 496 2702; x_wconf 87' lang='lat' dir='ltr'><strong>abducere</strong></span> <span class='ocrx_word' id='word_1_247' title='bbox 508 2645 641 2713; x_wconf 91' lang='lat' dir='ltr'><strong>domum,</strong></span> <span class='ocrx_word' id='word_1_248' title='bbox 656 2652 761 2704; x_wconf 89' lang='lat' dir='ltr'><strong>contra</strong></span> <span class='ocrx_word' id='word_1_249' title='bbox 776 2643 931 2707; x_wconf 87' lang='lat' dir='ltr'><strong>dominum</strong></span> <span class='ocrx_word' id='word_1_250' title='bbox 949 2665 1078 2720; x_wconf 87' lang='lat' dir='ltr'><strong>armare,</strong></span> <span class='ocrx_word' id='word_1_251' title='bbox 1091 2647 1134 2704; x_wconf 84' lang='lat' dir='ltr'><strong>loc</strong></span> 
     </span>
     <span class='ocr_line' id='line_1_31' title="bbox 116 2723 1134 2800; baseline 0.009 -20"><span class='ocrx_word' id='word_1_252' title='bbox 116 2728 239 2780; x_wconf 89' lang='lat' dir='ltr'><strong>estnon</strong></span> <span class='ocrx_word' id='word_1_253' title='bbox 255 2723 306 2782; x_wconf 92' lang='lat' dir='ltr'><strong>uni</strong></span> <span class='ocrx_word' id='word_1_254' title='bbox 325 2726 503 2800; x_wconf 89' lang='lat' dir='ltr'><strong>propinquo,</strong></span> <span class='ocrx_word' id='word_1_255' title='bbox 520 2727 575 2785; x_wconf 90' lang='lat' dir='ltr'><strong>sed</strong></span> <span class='ocrx_word' id='word_1_256' title='bbox 592 2727 730 2787; x_wconf 87' lang='lat' dir='ltr'><strong>omnibus</strong></span> <span class='ocrx_word' id='word_1_257' title='bbox 745 2726 864 2788; x_wconf 83' lang='lat' dir='ltr'><strong>familiis</strong></span> <span class='ocrx_word' id='word_1_258' title='bbox 877 2732 1032 2792; x_wconf 79' lang='lat' dir='ltr'><strong>netarium</strong></span> <span class='ocrx_word' id='word_1_259' title='bbox 1045 2731 1134 2792; x_wconf 86' lang='lat' dir='ltr'><strong>bellum</strong></span> 
     </span>
     <span class='ocr_line' id='line_1_32' title="bbox 117 2802 1134 2890; baseline 0.008 -28"><span class='ocrx_word' id='word_1_260' title='bbox 117 2802 262 2865; x_wconf 90' lang='lat' dir='ltr'><strong>indicere.</strong></span> <span class='ocrx_word' id='word_1_261' title='bbox 314 2807 389 2866; x_wconf 89' lang='lat' dir='ltr'><strong>Nam</strong></span> <span class='ocrx_word' id='word_1_262' title='bbox 411 2807 469 2868; x_wconf 92' lang='lat' dir='ltr'><strong>ista</strong></span> <span class='ocrx_word' id='word_1_263' title='bbox 486 2813 658 2883; x_wconf 88' lang='lat' dir='ltr'><strong>corruptela</strong></span> <span class='ocrx_word' id='word_1_264' title='bbox 674 2812 755 2871; x_wconf 88' lang='lat' dir='ltr'><strong>servi</strong></span> <span class='ocrx_word' id='word_1_265' title='bbox 775 2811 802 2871; x_wconf 90' lang='lat' dir='ltr'><strong>si</strong></span> <span class='ocrx_word' id='word_1_266' title='bbox 816 2829 878 2872; x_wconf 91' lang='lat' dir='ltr'><strong>non</strong></span> <span class='ocrx_word' id='word_1_267' title='bbox 892 2817 992 2876; x_wconf 91' lang='lat' dir='ltr'><strong>modo</strong></span> <span class='ocrx_word' id='word_1_268' title='bbox 1009 2811 1134 2890; x_wconf 79' lang='lat' dir='ltr'><strong>impunita</strong></span> 
     </span>
     <span class='ocr_line' id='line_1_33' title="bbox 119 2888 1132 2974; baseline 0.006 -28"><span class='ocrx_word' id='word_1_269' title='bbox 119 2888 216 2961; x_wconf 87' lang='lat' dir='ltr'><strong>luerit,</strong></span> <span class='ocrx_word' id='word_1_270' title='bbox 235 2890 290 2949; x_wconf 91' lang='lat' dir='ltr'><strong>sed</strong></span> <span class='ocrx_word' id='word_1_271' title='bbox 308 2892 396 2952; x_wconf 90' lang='lat' dir='ltr'><strong>etiam</strong></span> <span class='ocrx_word' id='word_1_272' title='bbox 410 2908 429 2951; x_wconf 92' lang='lat' dir='ltr'><strong>a</strong></span> <span class='ocrx_word' id='word_1_273' title='bbox 442 2899 523 2952; x_wconf 88' lang='lat' dir='ltr'><strong>tauta</strong></span> <span class='ocrx_word' id='word_1_274' title='bbox 538 2893 715 2955; x_wconf 87' lang='lat' dir='ltr'><strong>auctoritate</strong></span> <span class='ocrx_word' id='word_1_275' title='bbox 729 2896 907 2969; x_wconf 89' lang='lat' dir='ltr'><strong>approbata,</strong></span> <span class='ocrx_word' id='word_1_276' title='bbox 925 2899 1004 2958; x_wconf 92' lang='lat' dir='ltr'><strong>nulli</strong></span> <span class='ocrx_word' id='word_1_277' title='bbox 1023 2897 1132 2974; x_wconf 78' lang='lat' dir='ltr'><strong>pariere</strong></span> 
     </span>
     <span class='ocr_line' id='line_1_34' title="bbox 118 2974 1132 3050; baseline 0.016 -20"><span class='ocrx_word' id='word_1_278' title='bbox 118 2979 252 3032; x_wconf 86' lang='lat' dir='ltr'><strong>nostram</strong></span> <span class='ocrx_word' id='word_1_279' title='bbox 277 2976 420 3048; x_wconf 89' lang='lat' dir='ltr'><strong>salutem,</strong></span> <span class='ocrx_word' id='word_1_280' title='bbox 445 2978 545 3036; x_wconf 91' lang='lat' dir='ltr'><strong>nullae</strong></span> <span class='ocrx_word' id='word_1_281' title='bbox 566 2977 665 3050; x_wconf 83' lang='lat' dir='ltr'><strong>leges,</strong></span> <span class='ocrx_word' id='word_1_282' title='bbox 687 2979 768 3038; x_wconf 91' lang='lat' dir='ltr'><strong>nulla</strong></span> <span class='ocrx_word' id='word_1_283' title='bbox 784 2977 850 3043; x_wconf 90' lang='lat' dir='ltr'><strong>iura</strong></span> <span class='ocrx_word' id='word_1_284' title='bbox 864 2983 1053 3045; x_wconf 87' lang='lat' dir='ltr'><strong>custodient.</strong></span> <span class='ocrx_word' id='word_1_285' title='bbox 1090 2974 1132 3037; x_wconf 71' lang='lat' dir='ltr'><strong>Ubi</strong></span> 
     </span>
     <span class='ocr_line' id='line_1_35' title="bbox 118 3055 1130 3139; baseline 0.014 -29"><span class='ocrx_word' id='word_1_286' title='bbox 118 3055 196 3113; x_wconf 92' lang='lat' dir='ltr'><strong>enim</strong></span> <span class='ocrx_word' id='word_1_287' title='bbox 213 3056 259 3131; x_wconf 89' lang='lat' dir='ltr'><strong>id,</strong></span> <span class='ocrx_word' id='word_1_288' title='bbox 280 3060 363 3133; x_wconf 93' lang='lat' dir='ltr'><strong>quod</strong></span> <span class='ocrx_word' id='word_1_289' title='bbox 384 3059 464 3120; x_wconf 91' lang='lat' dir='ltr'><strong>intus</strong></span> <span class='ocrx_word' id='word_1_290' title='bbox 479 3069 527 3121; x_wconf 90' lang='lat' dir='ltr'><strong>est</strong></span> <span class='ocrx_word' id='word_1_291' title='bbox 539 3068 631 3134; x_wconf 90' lang='lat' dir='ltr'><strong>atque</strong></span> <span class='ocrx_word' id='word_1_292' title='bbox 648 3071 799 3135; x_wconf 89' lang='lat' dir='ltr'><strong>nostrum,</strong></span> <span class='ocrx_word' id='word_1_293' title='bbox 814 3061 941 3139; x_wconf 86' lang='lat' dir='ltr'><strong>impune</strong></span> <span class='ocrx_word' id='word_1_294' title='bbox 957 3067 1079 3127; x_wconf 88' lang='lat' dir='ltr'><strong>evolare</strong></span> <span class='ocrx_word' id='word_1_295' title='bbox 1092 3075 1130 3136; x_wconf 72' lang='lat' dir='ltr'><strong>pt·</strong></span> 
     </span>
     <span class='ocr_line' id='line_1_36' title="bbox 118 3141 1120 3228; baseline 0.011 -35"><span class='ocrx_word' id='word_1_296' title='bbox 118 3141 176 3228; x_wconf 79' lang='lat' dir='ltr'><strong>test</strong></span> <span class='ocrx_word' id='word_1_297' title='bbox 192 3150 358 3216; x_wconf 92' lang='lat' dir='ltr'><strong>contraque</strong></span> <span class='ocrx_word' id='word_1_298' title='bbox 372 3151 428 3203; x_wconf 89' lang='lat' dir='ltr'><strong>nos</strong></span> <span class='ocrx_word' id='word_1_299' title='bbox 445 3160 597 3219; x_wconf 85' lang='lat' dir='ltr'><strong>pugnare,</strong></span> <span class='ocrx_word' id='word_1_300' title='bbox 618 3145 651 3207; x_wconf 87' lang='lat' dir='ltr'><strong>fit</strong></span> <span class='ocrx_word' id='word_1_301' title='bbox 665 3145 694 3204; x_wconf 95' lang='lat' dir='ltr'><strong>in</strong></span> <span class='ocrx_word' id='word_1_302' title='bbox 710 3145 863 3206; x_wconf 90' lang='lat' dir='ltr'><strong>dominatu</strong></span> <span class='ocrx_word' id='word_1_303' title='bbox 881 3148 1027 3220; x_wconf 91' lang='lat' dir='ltr'><strong>servitus,</strong></span> <span class='ocrx_word' id='word_1_304' title='bbox 1044 3149 1120 3209; x_wconf 83' lang='lat' dir='ltr'><strong>inser</strong></span> 
     </span>
     <span class='ocr_line' id='line_1_37' title="bbox 109 3223 1129 3309; baseline 0.013 -36"><span class='ocrx_word' id='word_1_305' title='bbox 109 3224 211 3309; x_wconf 20' lang='lat' dir='ltr'><strong>*vitute</strong></span> <span class='ocrx_word' id='word_1_306' title='bbox 227 3223 407 3297; x_wconf 84' lang='lat' dir='ltr'><strong>dominatus.</strong></span> <span class='ocrx_word' id='word_1_307' title='bbox 451 3225 500 3286; x_wconf 84' lang='lat'><strong>31.</strong></span> <span class='ocrx_word' id='word_1_308' title='bbox 524 3228 547 3287; x_wconf 92' lang='lat'>0</span> <span class='ocrx_word' id='word_1_309' title='bbox 568 3234 719 3304; x_wconf 89' lang='lat' dir='ltr'><strong>tempora,</strong></span> <span class='ocrx_word' id='word_1_310' title='bbox 742 3238 899 3290; x_wconf 85' lang='lat' dir='ltr'><strong>umores!</strong></span> <span class='ocrx_word' id='word_1_311' title='bbox 922 3231 980 3291; x_wconf 86' lang='lat' dir='ltr'><strong>cn.</strong></span> <span class='ocrx_word' id='word_1_312' title='bbox 1004 3227 1129 3293; x_wconf 87' lang='lat' dir='ltr'><strong>Domitius</strong></span> 
     </span>
     <span class='ocr_line' id='line_1_38' title="bbox 116 3296 1129 3399; baseline 0.004 -30"><span class='ocrx_word' id='word_1_313' title='bbox 116 3296 183 3369; x_wconf 72' lang='lat'>¹¹¹0,</span> <span class='ocrx_word' id='word_1_314' title='bbox 200 3320 288 3399; x_wconf 76' lang='lat' dir='ltr'><strong>quem</strong></span> <span class='ocrx_word' id='word_1_315' title='bbox 304 3325 361 3369; x_wconf 90' lang='lat' dir='ltr'><strong>nos</strong></span> <span class='ocrx_word' id='word_1_316' title='bbox 379 3310 464 3382; x_wconf 89' lang='lat' dir='ltr'><strong>pueri</strong></span> <span class='ocrx_word' id='word_1_317' title='bbox 479 3313 650 3386; x_wconf 89' lang='lat' dir='ltr'><strong>consulem,</strong></span> <span class='ocrx_word' id='word_1_318' title='bbox 666 3329 839 3384; x_wconf 90' lang='lat' dir='ltr'><strong>censorem,</strong></span> <span class='ocrx_word' id='word_1_319' title='bbox 862 3312 1041 3388; x_wconf 86' lang='lat' dir='ltr'><strong>pontificem</strong></span> <span class='ocrx_word' id='word_1_320' title='bbox 1055 3308 1129 3373; x_wconf 79' lang='lat' dir='ltr'><strong>maxi·</strong></span> 
     </span>
     <span class='ocr_line' id='line_1_39' title="bbox 116 3388 1127 3475; baseline 0.019 -39"><span class='ocrx_word' id='word_1_321' title='bbox 116 3392 199 3441; x_wconf 88' lang='lat' dir='ltr'><strong>mum</strong></span> <span class='ocrx_word' id='word_1_322' title='bbox 217 3388 360 3462; x_wconf 81' lang='lat' dir='ltr'><strong>vidimus,</strong></span> <span class='ocrx_word' id='word_1_323' title='bbox 381 3409 473 3466; x_wconf 92' lang='lat' dir='ltr'><strong>quum</strong></span> <span class='ocrx_word' id='word_1_324' title='bbox 488 3394 625 3457; x_wconf 88' lang='lat' dir='ltr'><strong>tribunus</strong></span> <span class='ocrx_word' id='word_1_325' title='bbox 642 3397 743 3471; x_wconf 88' lang='lat' dir='ltr'><strong>plebis</strong></span> <span class='ocrx_word' id='word_1_326' title='bbox 757 3397 795 3458; x_wconf 88' lang='lat' dir='ltr'><strong>M.</strong></span> <span class='ocrx_word' id='word_1_327' title='bbox 813 3395 965 3460; x_wconf 89' lang='lat' dir='ltr'><strong>Scaurum</strong></span> <span class='ocrx_word' id='word_1_328' title='bbox 982 3397 1127 3475; x_wconf 80' lang='lat' dir='ltr'><strong>principem</strong></span> 
     </span>
    </p>
   </div>
   <div class='ocr_carea' id='block_1_5' title="bbox 0 0 1182 3854">
    <p class='ocr_par' dir='ltr' id='par_1_5' title="bbox 0 0 1182 3854">
     <span class='ocr_line' id='line_1_40' title="bbox 0 0 1182 3854; baseline 0 2"><span class='ocrx_word' id='word_1_329' title='bbox 0 0 1182 3854; x_wconf 95' lang='lat' dir='ltr'><strong> </strong></span> 
     </span>
    </p>
   </div>
   <div class='ocr_carea' id='block_1_6' title="bbox 1173 128 1183 2084">
    <p class='ocr_par' dir='ltr' id='par_1_6' title="bbox 1173 128 1183 2084">
     <span class='ocr_line' id='line_1_41' title="bbox 1173 128 1183 2084; baseline 0 0"><span class='ocrx_word' id='word_1_330' title='bbox 1173 128 1183 2084; x_wconf 95' lang='lat' dir='ltr'><strong> </strong></span> 
     </span>
    </p>
   </div>
  </div>
 </body>
</html>
