2356 3854
347 195 428 253 cap.
443 202 615 262 15-155
630 206 758 260 55-55.
1005 199 1071 263 ala

62 354 179 405 ‚eteros
196 343 236 402 ad
250 342 367 403 lacinus
381 342 515 420 impulit,
537 344 688 421 cupiditas
701 348 877 410 retinendae
891 350 1067 424 possessio·
1169 329 1172 340 ¹

62 445 89 500 s,
106 443 148 485 ea
164 425 252 486 Sittio
267 442 327 486 nou
344 425 446 499 luerit,
469 428 602 502 praediis
623 429 794 491 deminutis.
837 429 888 492 57.
909 433 1066 494 15151515

62 510 109 570 ud
123 524 219 584 quam
232 507 419 581 incredibile,
436 526 526 584 quam
541 512 723 584 absurdum,
745 513 797 588 qui
810 515 926 574 Romae
942 515 1066 574 caedem

62 609 151 665 cere,
170 590 224 666 qui
238 591 316 651 hanc
335 593 438 652 urbem
453 591 640 652 inflammare
656 595 759 666 vellet,
782 612 850 654 eum
870 589 1065 657 familiarissi-

62 694 116 736 um
139 690 230 734 suum
252 674 401 735 dimittere
422 676 461 735 ab
481 692 515 734 se
536 684 566 736 ct
586 676 751 735 amandare
766 677 795 736 iu
811 679 930 738 ultimas
953 688 1065 740 terrast
1089 696 1096 705 ·

62 776 134 819 rum
154 774 217 832 quo
235 756 353 817 facilius
368 759 484 819 Romae
504 774 554 829 ea,
576 776 654 832 quae
671 760 851 832 conabatur,
870 762 1018 834 efiiceret,
1039 761 1067 823 si

75 839 233 916 Hispania
255 840 406 900 turbatum
426 847 530 901 essell
550 843 591 901 At
610 841 686 900 haec
706 841 776 915 ipsa
796 849 858 916 per'
871 858 905 902 se
926 843 992 902 sine
1006 845 1067 903 ulla

62 924 254 984 iniunctione
272 925 448 998 agebantur.
483 924 531 982 An
545 924 574 983 in
590 923 679 983 tantis
695 925 797 998 rebus,
816 933 875 985 tam
890 924 978 985 novis
994 941 1065 985 con-

62 1009 127 1088 liis,
150 1014 213 1066 tam
226 1005 424 1081 periculosis,
444 1015 504 1067 tam
523 1006 701 1067 turbulentis
724 1007 877 1068 hominem
898 1007 1066 1080 amantissi-

62 1108 117 1151 um
132 1089 192 1163 sui,
204 1087 484 1161 familiarissimum,
506 1089 784 1167 coniunctissimum
800 1090 920 1161 officiis,
938 1104 1075 1151 consuo·

62 1173 152 1245 dine,
168 1189 237 1247 11511,
252 1171 461 1232 dimittendum
475 1188 547 1232 esse
560 1173 781 1233 arbitrabatur?
806 1173 879 1234 Veri
894 1172 991 1234 simile
1005 1189 1066 1254 npn

62 1265 94 1331 11,
107 1262 150 1329 ιιι,
171 1271 261 1331 quem
274 1255 304 1313 in
321 1255 466 1314 secundis
480 1255 582 1331 rebus,
601 1273 691 1331 quem
705 1257 736 1316 in
748 1256 816 1317 ocio
829 1273 952 1332 semper
963 1273 1066 1316 secmn

62 1338 206 1412 abuisset‚
220 1339 300 1397 hunc
314 1337 345 1397 in
360 1337 499 1398 adversis
514 1347 544 1406 et
557 1338 587 1398 in
603 1356 640 1399 eo
655 1341 792 1412 tumultu,
804 1357 895 1415 quem
905 1340 973 1414 ipse
985 1355 1066 1399 oom-

62 1422 180 1492 arabal,
202 1421 241 1481 ab
261 1437 296 1482 se
317 1420 487 1482 dimitteret.
530 1421 581 1486 58.
610 1423 681 1498 lpse
707 1432 805 1484 autem
828 1422 933 1484 Sittius
947 1454 988 1478 .-
1004 1439 1066 1482 non

62 1507 118 1564 rim
131 1503 205 1564 milli
220 1505 392 1566 deserenda
414 1514 461 1565 est
482 1522 575 1567 causa
590 1505 678 1566 antici
693 1500 804 1566 veleris
822 1515 914 1581 atque
933 1503 1065 1579 hospitis

62 1589 116 1648 -is
127 1588 220 1647 homo
236 1596 285 1649 est
300 1596 352 1648 aut
366 1605 403 1648 ea
417 1590 528 1648 15151115
543 1605 579 1648 55
589 1589 759 1663 disciplina,
773 1596 806 1648 ul
820 1589 880 1649 lroc
897 1587 980 1647 credi
994 1603 1065 1662 pos·

62 1680 90 1746 t,
110 1687 182 1731 eum
197 1671 310 1732 bollum
331 1673 446 1746 populo
461 1673 597 1732 Romano
614 1673 714 1730 lacere
736 1669 892 1731 voluisset
912 1679 959 1740 ut,
980 1668 1066 1728 cuius

62 1763 139 1828 ater,
170 1771 263 1829 quum
285 1755 396 1814 caeleri
417 1755 583 1814 deficerent
603 1752 719 1812 finitimi
739 1769 775 1812 55
791 1751 899 1824 vicini,
922 1749 1066 1825 singulari

62 1836 189 1898 astiterit
202 1837 231 1898 in
247 1853 311 1897 rem
327 1836 479 1912 publicam
496 1845 629 1896 nostram
645 1835 746 1899 allicio
762 1835 882 1904 allide,
898 1832 927 1892 is
942 1832 999 1892 sibi
1014 1848 1072 1891 ne·-

62 1919 146 1980 trium
166 1920 277 1981 bellum
299 1927 403 1980 eontra
425 1918 551 1994 patriam
572 1917 804 1991 suscipiendum.
817 1921 957 1992 putaret?
978 1913 1065 1976 cuius

62 2019 93 2064 es
106 2003 239 2064 alianum
254 2002 408 2074 videmus,
423 2000 555 2073 iudices,
570 2018 632 2061 non
646 2000 788 2072 libidine,
810 2001 865 2060 sed
880 1997 1000 2073 negocii
1013 2014 1064 2072 ge·
1148 2011 1155 2019 ’

62 2086 122 2146 andi
144 2085 245 2147 studio
266 2103 337 2147 esse
359 2094 559 2146 contractum:
585 2083 637 2159 qui
656 2082 696 2144 ila
711 2085 827 2143 Romae
848 2081 965 2155 debuit,
985 2079 1065 2142 utin
1166 2144 1172 2162 ὁ

62 2167 204 2229 rovineiis
215 2177 246 2229 et
259 2168 289 2228 in
303 2169 406 2244 regnis
418 2168 446 2228 ei
460 2168 608 2228 maximae
624 2166 771 2242 pecuniae
782 2167 972 2237 deberentur,
988 2180 1065 2239 quas

62 2269 131 2312 uum
147 2260 271 2326 peteret,
289 2268 349 2312 non
369 2250 518 2311 commisit
538 2259 571 2311 ul
594 2249 642 2310 sui
663 2258 876 2326 procuratores
897 2247 1065 2322 quidquam

62 2334 140 2394 neris
155 2335 282 2394 absente
296 2351 331 2393 se
345 2336 543 2394 sustinendum
561 2335 665 2393 venire
680 2349 787 2393 omues
804 2348 877 2392 suas
889 2327 1065 2404 possessio-

62 2433 93 2479 es
108 2427 140 2479 et
155 2417 336 2496 patrimonio
354 2434 388 2477 se
403 2415 595 2477 ornatissimo
613 2415 738 2490 spoliari
752 2413 856 2475 maluit
870 2429 960 2488 quam
974 2413 1065 2472 ullam

62 2517 153 2560 loram
170 2500 311 2576 cuiquam
330 2500 395 2560 fieri
416 2500 598 2560 creditorum
622 2515 756 2560 suorum.
799 2497 849 2559 59.
868 2499 897 2555 Α
919 2512 980 2572 quo
999 2493 1065 2571 qui·
1088 2545 1092 2555 ,
1140 2569 1143 2573 y

62 2599 106 2642 em
120 2599 242 2663 genere,
259 2583 387 2657 iudices,
406 2599 463 2659 ego
481 2599 645 2658 numquam
662 2580 762 2655 timui,
787 2597 880 2656 quum
895 2581 925 2638 in
946 2578 998 2639 illa
1019 2578 1063 2638 rei

62 2667 178 2726 ublicae
197 2674 377 2741 tempestate
398 2682 545 2727 versarer.
595 2665 672 2726 lllud
695 2673 759 2726 erat
783 2663 941 2724 hominum
965 2677 1063 2735 genus
1131 2722 1133 2731 ,

62 2748 181 2809 orribile
195 2757 225 2808 et
239 2748 530 2823 pertimescendum,
553 2748 605 2824 qui
625 2756 707 2810 tanto
729 2763 833 2807 amore
851 2753 922 2807 suas
937 2759 1065 2818 posses·

62 2831 141 2893 lones
162 2831 295 2906 amplexi
317 2832 472 2905 tenebant,
483 2837 522 2892 ‘ut
535 2831 573 2890 ab
588 2830 626 2890 iis
641 2831 777 2890 membra
797 2829 886 2890 citius
908 2825 1010 2886 divelli
1028 2838 1065 2882 ac

62 2912 164 2976 istrahi
179 2930 274 2989 posse
289 2913 417 2974 diceres.
461 2913 567 2973 Sittius
587 2928 752 2988 numquam
772 2911 831 2971 sibi
852 2907 1066 2984 cognationem

62 3015 104 3058 um
119 2995 254 3073 praediis
269 3013 341 3058 esse
354 2994 537 3059 existimavit
554 2993 628 3055 suis.
670 2996 776 3068 ltaque
792 3009 827 3054 se
841 3008 902 3053 non
917 2989 1010 3048 modo
1026 3003 1065 3047 ex

62 3079 301 3167 rspicionetanti
315 3078 451 3152 sceleris,
463 3093 567 3138 verum
581 3075 721 3137 etiamen
737 3077 818 3136 55151
832 3072 987 3135 hominum
1001 3086 1066 3132 ser-

62 3180 123 3225 15115
139 3180 201 3223 non
216 3163 317 3237 armis,
334 3163 391 3223 aad
405 3159 586 3236 patrimonio
601 3176 657 3219 suo
672 3157 846 3221 vindicavit

116 3244 195 3307 XXI.
203 3245 254 3308 60.
264 3247 327 3308 lam
342 3261 415 3305 vero
430 3243 512 3318 quod
528 3241 647 3314 obiecit
653 3239 855 3315 Pompeianos
870 3253 942 3298 esse
955 3235 1066 3298 aSulla

62 3331 195 3404 upulsos,
210 3338 244 3390 ut
256 3330 296 3390 ad
309 3328 398 3389 istam
410 3323 649 3405 coniurationem
669 3330 761 3398 atque
780 3322 823 3383 ad
835 3321 895 3382 boc
915 3321 1065 3382 netarium

62 3412 153 3474 1515115
166 3413 357 3485 accederent,
373 3410 405 3471 id
419 3406 601 3472 cuiusmodi
616 3405 655 3469 sit
665 3405 830 3482 intelligere
844 3421 906 3469 555
923 3405 1066 3481 possum·

1094 3612 1124 3636 -Ι
