2356 3854
341 143 422 205 cnr.
439 151 571 211 ar-as.
593 149 619 210 ι.
633 151 765 210 or-oo.
956 129 1067 235 Ιἰιι

74 305 112 358 ut
127 294 235 355 virere
250 292 341 355 licem
360 295 559 355 obsecrantes
573 293 663 354 etiam
680 294 786 356 odisse
800 299 951 372 solemus,
975 301 1069 363 lortes

69 378 239 442 animosos
258 385 288 437 et
306 392 342 436 se
362 377 472 438 aeriter
487 378 574 452 ipsos
592 378 681 439 morti
700 378 865 440 offerentes
879 398 1003 444 servare
1017 400 1070 445 eu·

64 479 153 534 mue,
173 476 340 534 eorumque
355 477 413 521 nos
427 462 524 534 magia
538 459 669 529 miseret,
683 462 733 534 qui
751 473 885 524 nostram
900 465 1069 528 misericor·

64 565 114 609 sm
132 560 196 604 non
211 543 382 618 requirunt,
405 560 496 618 quam
511 543 563 619 qui
578 543 658 603 illam
673 543 854 620 efflagitant,
881 559 994 623 quanto
1010 549 1069 611 hoe

64 629 135 706 agis
151 628 184 686 in
201 626 374 687 fortissimis
389 626 509 687 civibus
520 629 621 687 lacere
632 627 802 688 debenuer
814 629 864 690 99.
876 631 925 691 blo
926 633 1068 708 ,quidem

64 714 172 784 lices,
195 709 368 770 exanimant
390 718 420 770 et
439 708 612 771 interimunt
632 710 701 770 hae
713 726 808 772 voees
829 712 964 789 Milonis,
992 732 1069 791 quas

64 797 127 857 dio
146 776 277 854 adsidue
293 801 323 853 et
343 792 454 868 quibus
474 793 619 853 intersum
642 793 763 854 cotidie.
806 797 936 857 Valeant
941 796 1070 873 ,inquit

64 881 162 940 leant
185 875 269 936 cives
285 877 359 936 mei:
381 875 441 938 sint
457 876 641 950 incolumes,
657 876 717 937 sint
731 875 885 950 florentes,
901 881 1069 941 sintbeatir

64 971 89 1024 ιι
115 961 198 1020 haec
213 959 288 1019 urbs
310 961 468 1033 praeclara
488 961 621 1035 mihique
638 960 733 1035 patria
748 961 920 1035 carissima,
944 978 1069 1037 quoquo

64 1046 129 1106 >do
155 1041 214 1103 erit
237 1043 343 1103 merita
367 1043 406 1102 de
429 1058 492 1102 me:
520 1043 683 1118 tranquilla
702 1044 876 1118 republica
897 1045 956 1106 mei
976 1043 1069 1118 cives,

64 1126 186 1192 ¹oniam
203 1125 274 1185 mihi
295 1141 364 1186 eum
380 1126 439 1186 illis
454 1142 515 1186 non
532 1128 614 1197 lieet,
634 1127 699 1187 sine
714 1143 763 1187 me
777 1128 852 1202 ipsi,
873 1129 929 1188 sed
946 1135 1071 1204 propter

64 1229 74 1273 ι
94 1219 204 1272 tamen
218 1210 425 1285 perfruentem
440 1225 497 1283 ego
514 1210 620 1269 cedam
635 1217 728 1284 etque
742 1211 849 1270 ebibet
863 1213 889 1271 si
904 1210 976 1271 mihi
989 1211 1071 1271 bonu

76 1290 213 1370 publiea
229 1292 286 1352 lrui
302 1309 362 1352 non
379 1291 504 1364 licuerit,
518 1299 548 1351 at
563 1293 673 1352 carebo
688 1296 777 1367 mala,
796 1303 926 1369 olquam
941 1293 1070 1370 primum

64 1381 171 1453 igere
183 1375 261 1437 bene
277 1384 421 1435 moratam
437 1384 467 1436 et
487 1376 610 1436 liberam
633 1375 797 1450 civitatem,
821 1379 849 1436 in
871 1394 907 1439 ea
927 1378 1071 1453 conquie-

64 1477 132 1523 om.
178 1456 228 1521 at.
244 1457 268 1518 0
287 1460 409 1528 frustra,
428 1459 538 1535 inquit,
560 1458 632 1519 mihi
647 1463 783 1535 suscepti
797 1462 934 1522 labores!
962 1476 1070 1536 ospes

64 1548 168 1605 niueos
187 1549 218 1603 et
241 1541 441 1616 cogitationes
464 1544 571 1602 inanes
592 1553 694 1604 meae!
736 1544 803 1618 Ego
824 1562 917 1619 quum
934 1546 1071 1605 tribunus

64 1627 139 1690 abis
154 1641 189 1685 re
204 1625 325 1701 publiea
340 1642 493 1700 oppressa
509 1643 556 1686 me
575 1627 696 1686 senatui·
714 1627 888 1701 dedissem,
911 1643 1000 1702 quem
1017 1643 1071 1686 ex·

64 1718 183 1773 notum
198 1725 393 1784 acceperam,
408 1708 561 1783 equitibus
574 1707 729 1779 Romanis,
746 1725 874 1782 quornm
888 1709 970 1768 vires
987 1716 1073 1769 erant

64 1795 169 1864 rbiles,
184 1792 275 1855 bonis
289 1791 372 1864 viris,
389 1790 441 1866 qui
455 1807 574 1851 omnem
590 1791 797 1850 auctoritatem
811 1791 962 1851 Clodianis
980 1791 1072 1851 armis

64 1880 227 1947 rieoerant,
239 1875 310 1935 mihi
321 1890 464 1949 umquam
476 1875 625 1934 bonorum
639 1873 825 1946 praesidium
836 1876 1006 1934 defuturum
1018 1890 1073 1949 pu·

64 1967 160 2023 rem?
173 1975 230 2034 ego
247 1976 340 2033 quarn
357 1967 388 2019 te
402 1991 440 2002 -
462 1973 580 2017 meeum
591 1955 670 2015 enim
688 1955 869 2030 saepissime
883 1956 1018 2032 loquitur
1032 1988 1075 2003 -·

64 2134 134 2189 iml
148 2126 208 2187 Ubi
218 2143 299 2186 nuno
311 2133 437 2185 senatus
452 2133 514 2197 est,
531 2140 621 2199 quem
633 2122 731 2183 secuti
746 2131 873 2184 sumust
888 2124 939 2185 ubi
953 2123 1082 2198 ennias*

64 2209 174 2272 omani
188 2208 245 2280 illi,
261 2208 317 2282 illi,
335 2207 447 2283 inquit,
468 2209 532 2269 tuit
554 2207 604 2267 ubi
625 2206 728 2268 studia
752 2208 1004 2282 municipiorum
1022 2207 1075 2265 ubi

64 2293 149 2355 eliae
164 2298 281 2352 vocesl
304 2291 356 2352 nbi
383 2289 515 2367 denique
529 2298 582 2352 tua
598 2290 664 2364 illa,
690 2289 732 2349 M.
743 2291 827 2363 Tulli,
844 2307 923 2365 quae
938 2287 1074 2364 plurimis

64 2378 98 2439 u't
112 2374 245 2450 auxilio,
261 2391 327 2435 vox
340 2382 431 2449 atque
446 2375 607 2436 delensiot
627 2373 739 2434 mihine
760 2389 798 2432 ea
812 2373 885 2446 soli,
905 2372 957 2448 qui
974 2379 1075 2447 prote

64 2458 158 2521 »tiens
173 2458 261 2519 morti
278 2474 327 2518 me
342 2458 445 2531 obtuli,
460 2460 533 2518 nihil
548 2467 651 2534 potest
666 2455 827 2532 opitulari?

104 2542 227 2603 XXXV
247 2538 298 2603 95.
318 2541 381 2601 Nee
399 2558 470 2602 vero
485 2542 576 2616 haee,
597 2539 731 2612 iudices,
752 2548 785 2601 ιιι
800 2555 858 2615 ego
873 2556 970 2613 nunc,
986 2537 1076 2617 flens,

64 2624 102 2689 ed
123 2625 185 2684 hoo
206 2626 314 2686 codem
331 2624 463 2700 loquitur
481 2628 564 2686 vultu
583 2642 643 2699 quo
664 2625 783 2685 videtis.
826 2623 922 2700 negat
935 2623 1016 2685 enim
1031 2638 1075 2695 se,

64 2692 137 2784 egat
157 2706 283 2783 ingratis
303 2707 421 2768 civibus
441 2707 553 2767 iecisse
573 2726 651 2783 quae
663 2707 781 2780 lecerit,
807 2706 916 2769 timidis
934 2716 964 2768 et
976 2705 1077 2768 omnia

64 2791 185 2855 oricula
204 2789 519 2866 circumspicientibus
538 2807 598 2850 non
617 2799 716 2865 nogat
757 2791 879 2852 Plebenr
894 2799 926 2851 et
943 2790 1077 2849 infimam
1169 2854 1172 2858 ,

64 2874 283 2948 inuititudinem,
309 2891 389 2950 quae
402 2874 434 2934 P.
452 2873 557 2934 Clodio
577 2875 654 2934 duce
674 2875 803 2934 lortunis
819 2873 927 2934 vestris
942 2871 1077 2933 immine·

64 2969 113 3034 ιιι,
125 2974 212 3032 eam„
227 2974 288 3035 quo
303 2957 395 3020 tutior
410 2965 494 3017 esset
507 2965 609 3017 vestra
623 2955 697 3026 vita,
720 2972 755 3016 se
769 2955 881 3016 lecisse
896 2968 1078 3015 commemo·

64 3052 93 3107 ot
107 3051 145 3104 ut
157 3060 219 3103 nen
236 3043 328 3104 modo
345 3043 453 3102 virtute
468 3039 612 3115 flecteret,
628 3039 786 3099 sedetiam
797 3037 893 3099 tribus
908 3038 972 3098 suis
987 3035 1084 3110 patri«

64 3125 162 3191 realia
177 3127 333 3199 deleniret,
347 3141 406 3186 nee
418 3124 502 3184 timet
515 3139 563 3196 ne,
581 3138 674 3199 quarn
691 3122 810 3197 plebem
826 3121 1001 3180 muneribus
1016 3120 1078 3194 pla·

64 3209 142 3284 arii,
162 3227 222 3272 vos
242 3227 304 3280 non
319 3206 487 3270 conciliarit
500 3205 614 3266 meritis
628 3204 658 3264 in
679 3220 742 3265 rem
757 3204 908 3280 publicum
923 3201 1079 3280 singulari·

64 3292 295 3357 massuetus
316 3309 389 3367 erga
410 3307 446 3351 se
462 3287 703 3352 benevolentiam
724 3286 912 3363 temporibus
933 3285 982 3348 his
1003 3284 1079 3362 ipsis

64 3394 148 3455 acpe
162 3393 235 3440 esec
247 3383 456 3454 perspectam,
477 3380 597 3435 vestras
614 3388 688 3433 vero
710 3380 740 3433 et
756 3378 925 3514 vewfflm
942 3370 1080 3432 ordinum
