2356 3854
348 170 757 236 c.tr³.r-1o.s.1o-rr.
823 122 832 145 ⁴*
904 182 909 189 ·
997 171 1063 236 lus

14 324 53 386 P.
71 321 196 396 Servili,
214 338 285 383 num
301 321 381 382 misit
396 323 474 382 ullas
486 322 604 396 collega
619 322 734 381 litteras
749 321 788 381 de
799 321 850 382 illa
864 320 1064 385 calamitosis·

16 406 103 469 sima
120 422 223 482 pugna
236 405 431 466 Pharsalica?
451 420 523 463 num
544 413 575 464 te
596 405 635 463 de
655 404 879 479 supplicatione
900 406 996 468 voluit
1015 422 1063 466 ra·
1158 424 1165 451 ¹

16 493 130 552 ferret
154 489 294 549 Proiecto
310 487 414 549 noluit.
457 489 498 548 At
514 486 595 548 misit
614 495 724 562 postea
740 486 779 545 de
793 489 999 561 Alexandrea,
1023 490 1063 550 de
1092 492 1095 499 “

15 574 190 635 Pharnace.
234 571 427 633 Pharsalicae
449 588 522 631 vero
542 586 663 645 pugnae
678 586 717 629 ne
737 567 920 645 triumphum
940 573 1062 647 quidam

16 656 96 733 egit.
120 656 182 715 Eos
198 655 278 715 enim
291 656 376 716 cives
391 671 495 730 pugna
509 654 561 713 illa
571 655 751 726 sustulerat,
768 652 954 727 quibus'non
969 658 1064 718 modo

16 738 121 813 viuiS,
140 739 195 800 sed
211 738 300 799 etiam
316 739 483 798 victoribus
505 737 666 798 incolumis
682 744 712 797 et
727 735 845 797 florens
867 737 974 797 civitas
991 754 1062 799 esse

16 831 144 901 posset.
187 821 238 884 24.
262 823 349 897 Quod
365 820 445 880 idem
458 820 624 895 contigerat
641 818 853 896 superioribus
868 819 954 879 bellis
970 820 1061 881 civili-

15 910 94 969 bus.
124 906 200 965 Nam
214 907 286 965 milri
302 904 420 965 consuli
437 904 619 980 supplicatio
635 902 726 964 nullis
744 901 837 962 armis
855 904 984 977 sumptis
1000 914 1061 966 ιισιι

17 991 64 1051 ob
84 991 211 1068 caedem
226 988 374 1061 hostium,
397 988 452 1047 sed
468 989 507 1047 ob
523 987 788 1047 conservationem
804 985 915 1046 civium
934 1001 1017 1044 novo
1031 995 1062 1046 et

10 1071 161 1143 ,inaudito
180 1087 293 1145 genere
315 1071 437 1144 decreta
459 1079 515 1131 est.
559 1070 655 1144 Quam
670 1070 710 1130 ob
727 1086 792 1130 rem
809 1078 860 1128 aut
878 1066 1060 1143 supplicatio

17 1156 64 1219 ob
85 1153 320 1228 rempublicam
342 1153 545 1229 pulcherrime
565 1160 681 1227 gestam
699 1153 924 1228 postulantibus
947 1150 1060 1211 nostris

10 1237 275 1313 imperatoribus,
308 1246 411 1312 patres
438 1235 617 1311 conscripti,
649 1235 773 1311 publice
801 1235 981 1310 deneganda
1004 1242 1059 1312 est,

10 1321 113 1399 -quod
139 1328 259 1393 praeter
274 1319 431 1387 Gabinium
458 1320 583 1396 contigit
603 1319 731 1391 nemini,
760 1328 811 1380 aut
836 1317 1061 1396 supplicatione

17 1404 221 1467 decernenda
231 1403 301 1464 host
289 1413 336 1464 tes
348 1420 403 1465 eos
406 1404 584 1479 ,dequibus
597 1401 769 1478 decernitis,
779 1402 920 1464 iudicetis
931 1417 1061 1463 necesse

12 1497 81 1564 est.
126 1487 174 1546 ΙΧ.
201 1486 288 1560 Quod
310 1504 382 1562 crgo
403 1487 453 1551 ille
467 1504 516 1560 re,
534 1487 565 1546 id
582 1503 639 1562 ego
656 1487 745 1548 ctiam
760 1450 873 1560 ²verbo,
896 1503 989 1562 quum
1006 1485 1060 1546 im·

20 1577 183 1649 peratores
199 1587 254 1631 eos
273 1572 411 1667 appellor
432 1571 513 1630 hoc
505 1571 712 1646 ipsonomine
730 1579 760 1629 et
772 1586 842 1642 eos,
861 1571 914 1645 qui
933 1570 992 1629 iam
1008 1570 1060 1628 de

10 1653 96 1715 uicti
112 1663 196 1724 sunt,
215 1661 245 1712 et
259 1669 329 1725 eos,
346 1655 398 1729 qut
414 1662 591 1728 supersunt,
608 1653 679 1713 host
668 1663 714 1712 tes
729 1651 842 1726 iudico,
858 1669 950 1727 quum
966 1651 1061 1711 victo·

19 1754 75 1798 res
88 1739 212 1812 appello
227 1736 437 1832 imperatores
479 1735 530 1798 25.
547 1736 613 1810 Quo
627 1737 718 1795 modo
731 1734 811 1794 enim
822 1734 1059 1810 potiusPansam

20 1820 199 1897 appellem?
227 1818 284 1880 etsi
302 1820 392 1880 habet
407 1818 534 1880 honoris
549 1835 660 1880 nomeu
676 1816 866 1893 amplissimi.
910 1818 976 1892 Quo
993 1816 1059 1876 Hir-

19 1904 123 1967 tiumt
165 1904 220 1963 Est
234 1903 283 1963 ille
302 1903 425 1978 quidem
440 1905 563 1983 consul,
586 1904 642 1963 scd
653 1903 778 1964 alterum
793 1917 904 1962 nomen
919 1897 1071 1962 beneficii¹
1123 1956 1128 1963 ,

21 1996 74 2049 est
91 1986 195 2064 populi
211 1987 355 2062 Romani,
379 1989 503 2047 alterum
525 1986 643 2047 uirtutis
665 1995 758 2063 atque
773 1985 929 2047 victoriae.
957 1983 1061 2059 Quidr

21 2071 202 2142 Caesarem,
223 2071 349 2132 deorum
364 2071 513 2132 beneficio
528 2073 573 2131 rei
588 2071 730 2145 publicae
744 2079 952 2146 procreatum,
973 2065 1060 2128 dubi·

21 2163 127 2215 temne
139 2155 294 2230 appellare
306 2155 541 2230 imperatorem?
567 2153 619 2229 qui
632 2155 747 2229 primus
759 2152 883 2216 Antonii
899 2152 1060 2212 immanem

24 2244 56 2309 et
68 2237 191 2297 laedam
203 2237 410 2299 crudelitatem
425 2255 485 2298 non
498 2239 596 2299 sulum
608 2255 626 2297 a
639 2237 750 2312 iugulis
764 2237 887 2310 nostris,
904 2233 1059 2294 sedetiam

24 2336 47 2381 a·
60 2321 203 2381 membris
219 2330 249 2381 et
268 2321 439 2383 visceribus
460 2323 576 2382 avertit.
619 2321 716 2382 Unius
734 2328 837 2381 >autem
856 2320 915 2380 diei
937 2326 1010 2393 quot
1031 2325 1061 2377 et

25 2413 158 2481 quantae
171 2403 313 2478 virtutes,
331 2406 362 2465 di
376 2405 575 2482 immortales,
592 2407 728 2467 fuerunt!
760 2405 810 2466 26.
821 2403 968 2477 Princeps
981 2401 1060 2461 cuim

26 2486 162 2549 omnium
173 2487 273 2547 Pansa
296 2489 405 2562 proelii
430 2489 561 2551 laciendi
590 2499 709 2551 etcum
723 2487 858 2550 Antonio
874 2484 1060 2560 confligendi

25 2571 97 2633 luia
113 2569 224 2646 dignus
235 2571 400 2646 imperator
414 2573 659 2649 legioneMartia,
672 2573 764 2648 digua
775 2571 855 2648 legio
867 2570 1060 2647 imperatore.
1120 2568 1123 2575 '

13 2654 119 2717 .Cuius
137 2653 164 2715 si
181 2654 361 2716 acerrimum
378 2652 521 2730 impeturn
537 2657 681 2719 cohibere
694 2657 794 2717 Pansa
814 2672 855 2732 pu
857 2654 981 2727 tuiss'et,
998 2667 1060 2712 uno

24 2740 152 2818 proelio
161 2741 301 2799 conlecta
315 2755 365 2799 res
380 2749 473 2799 esset.
453 2739 581 2799 tSed
603 2758 695 2815 quum
709 2739 857 2801 libertatis
872 2737 962 2799 avida
980 2733 1060 2808 legio

10 2818 237 2885 ¹effrenatius
229 2839 259 2882 ιιι
285 2820 382 2883 aciem
403 2822 551 2882 hostium
549 2823 725 2898 irrupisset
747 2823 879 2898 ipseque
902 2819 933 2879 in
955 2815 1062 2893 primis
1163 2860 1165 2868 ι

10 2898 126 2970 :Pansa
140 2915 303 2982 pugnaret,
320 2906 442 2967 duobus
456 2905 639 3001 periculosis
650 2904 825 2965 vulneribus
841 2902 976 2976 acceptis
991 2899 1061 2959 sub·
1080 2962 1085 2973 ,

21 2988 105 3055 latus
123 3007 140 3050 c
154 2990 271 3065 proelio
287 2988 332 3049 roi
347 2988 488 3065 publicae
504 2988 595 3050 vitant
609 2989 788 3048 reservavit.
797 2988 884 3061 Ego
895 3001 969 3044 vero
979 2982 1063 3042 hunc

20 3088 87 3145 uon
101 3073 224 3143 solum,
215 3082 445 3149 imperatorem,
463 3074 518 3134 sed
531 3072 620 3133 etiam
633 3054 834 3133 clarissimum
848 3070 1062 3144 imperatorem

19 3152 140 3231 iudico,
153 3157 205 3233 qui
221 3174 313 3232 quum
329 3165 380 3217 aut
394 3164 491 3219 morte
505 3165 556 3218 aut
570 3155 697 3217 victoria
712 3171 747 3215 sc
763 3153 837 3215 satis
855 3155 1006 3213 facturum
1017 3148 1062 3211 rei

15 3241 172 3318 publicae
185 3240 422 3316 spopondisset,
438 3242 565 3303 alterum
582 3238 669 3315 lecit,
691 3236 816 3300 alterius
831 3236 863 3297 di
876 3232 1067 3297 immortales·

16 3342 118 3390 omen
134 3325 354 3386 avertanttX
328 3321 430 3385 X.27.
446 3324 525 3399 Quid
536 3325 634 3385 dicam
651 3324 689 3384 de
703 3322 822 3383 Hirtio?
845 3320 897 3397 qui
911 3336 945 3381 re
959 3316 1067 3380 audita·

15 3424 41 3474 e
59 3409 172 3471 castris
185 3410 262 3469 duas
274 3407 411 3484 legiones
423 3410 528 3470 eduxit
542 3406 710 3469 incredibili
725 3406 826 3468 studio
840 3415 932 3481 atque
945 3403 1064 3464 virtuto.

88 3503 143 3546 erc.
160 3503 250 3548 usar.
831 3488 874 3550 30
1062 3510 1116 3640 Α
