2356 3854
368 176 449 236 cult
464 184 595 237 ar-as.
616 182 642 241 s.
658 130 788 239 [ιε-ιι.
1028 180 1091 245 441

21 392 26 399 ,
71 327 194 387 domum
208 327 259 385 ubi
279 327 426 386 babitaret
440 327 561 399 legerat.
606 322 682 396 oute
697 341 753 399 ego
768 324 855 386 istius
868 329 997 398 decretu,
1018 329 1091 404 quid

12 458 27 483 ,.
68 408 208 483 rapinas,
230 409 301 481 quid
317 408 514 469 hereditatum
529 406 744 481 possessiones
761 408 864 482 datus,
882 410 953 485 quid
970 421 1090 485 ereptas

24 558 29 565 ,
67 491 240 565 proteram?
260 491 392 564 cogebat
413 497 550 564 egestas:
571 505 632 562 quo
653 503 688 546 se
714 497 842 549 verteret
865 508 926 551 non
944 493 1089 553 habebam

12 576 27 637 ',.
68 573 203 631 nondum
222 575 250 632 ei
271 580 353 632 tantu
372 573 438 633 aL.
452 571 582 641 Rubrio,
606 586 668 630 non
693 569 758 628 aL.
778 571 915 633 Turselio
938 574 1090 636 hereditas

66 663 206 714 venerat:
226 657 359 715 nondum
380 656 411 713 in
433 655 485 713 Cn.
499 652 634 727 Pompeii
654 653 755 713 locum
773 655 994 729 multorumque
1015 658 1089 717 alio-

21 780 33 815 ...
66 752 148 807 rum,
176 737 227 811 qui
251 739 391 809 aberant,
410 735 586 810 repentinus
612 735 702 795 heres
723 746 925 796 successerat
971 738 1043 799 Erat
1061 740 1090 799 ei

66 818 232 879 vivendum
249 821 395 880 latronum
409 819 480 888 ritu,
496 826 529 879 ut
543 825 655 891 tantum
666 817 804 889 haberet,
824 826 969 892 quantum
982 836 1091 894 rapere
1164 888 1167 899 Ι

31 901 228 975 .·potuisset.

126 983 177 1042 63.
196 984 258 1043 Sed
269 984 358 1053 haec,
375 997 453 1055 quae
464 979 644 1041 robustioris
660 979 858 1056 improbitatis
874 989 958 1052 sunt,
974 980 1090 1041 omitta-

13 1100 37 1149 3
65 1080 150 1125 mus:
175 1068 333 1139 loquamur
350 1064 451 1137 potius
468 1063 507 1122 de
521 1061 709 1135 nequissimo
732 1079 844 1137 genere
865 1063 1005 1123 levitatis.
1047 1063 1092 1125 Τιι

31 1190 39 1227 ,
60 1146 133 1207 istis
152 1147 305 1216 lancibus,
320 1146 386 1204 istis
401 1144 558 1217 lateribus,
579 1144 636 1204 ista
651 1144 828 1218 gladiatoria
841 1145 934 1205 totius
953 1145 1093 1218 corporis

11 1268 39 1315 t:
62 1230 205 1288 firmitate
230 1234 342 1287 tantum
365 1224 426 1284 vini
450 1224 480 1284 in
495 1225 626 1300 Hippiae
642 1227 755 1301 nuptiis
772 1227 974 1297 exhauseras,
989 1233 1022 1286 ut
1037 1227 1092 1286 tibi

17 1356 39 1379 2.
61 1325 197 1369 necesse
211 1317 294 1368 esset
308 1307 338 1367 in
356 1306 459 1381 populi
472 1307 600 1367 Romani
615 1318 782 1385 conspectu
795 1324 919 1369 vomere
935 1309 1091 1383 postridie.

11 1382 43 1477 J
62 1391 88 1453 0
114 1406 178 1449 reru
200 1407 261 1449 uon
282 1390 372 1449 modo
390 1388 458 1448 uisu
478 1391 614 1461 loedam,
636 1393 692 1451 sed
712 1390 802 1451 etiam
818 1392 938 1452 auditu!
961 1390 994 1450 Si
1014 1390 1092 1450 inter

62 1487 193 1533 coenam
209 1472 239 1531 ln
255 1471 331 1545 ipsis
345 1470 405 1531 tuis
419 1471 598 1531 immanibus
613 1473 672 1533 iltis
686 1475 807 1548 poculis
821 1474 881 1535 hoc
895 1474 947 1535 tibi
961 1472 1091 1533 accidis·

10 1550 31 1613 ῤ’
62 1562 128 1625 set,
152 1554 221 1629 quis
241 1570 301 1614 non
324 1561 412 1627 turpe
436 1554 581 1615 duceret?
600 1556 633 1614 In
650 1564 739 1616 coetu
754 1573 826 1616 vero
842 1556 949 1632 populi
963 1554 1092 1616 Romani

17 1634 34 1719 j,
62 1636 228 1710 negocium
250 1636 403 1710 publicum
423 1651 547 1709 gerens,
567 1637 710 1710 magister
732 1638 881 1713 equitum,
904 1639 952 1697 oui
973 1647 1091 1697 ructare

10 1766 20 1797 ·.
61 1727 155 1793 turpe
170 1726 268 1787 esset,
282 1717 308 1776 is
324 1732 450 1777 vomens
466 1718 570 1777 frustis
587 1720 751 1780 esculentis
765 1721 868 1780 vinum
883 1719 1091 1779 redolentibus

60 1801 210 1875 gremium
227 1816 315 1860 suum
330 1806 359 1858 et
374 1806 467 1859 totum
484 1800 613 1858 tribunal
630 1801 774 1874 implevit.
818 1802 880 1861 Sed
894 1802 953 1861 boc
968 1799 1036 1875 ipse
1047 1800 1089 1859 la-

59 1892 144 1945 tetur
155 1898 225 1941 esse
240 1882 270 1941 in
282 1881 347 1941 suis
364 1881 520 1941 sordibus:
534 1881 692 1942 veniamus
706 1885 745 1943 ad
760 1883 977 1957 splendidiora.

128 1964 234 2023 XXVI.
251 1962 302 2025 64.
321 1962 435 2022 Caesar
454 1964 647 2039 Alexandrea
668 1982 702 2025 se
724 1965 853 2040 recepit,
879 1965 965 2036 latix,
986 1973 1019 2024 ut
1033 1963 1092 2025 sibi

62 2048 190 2124 quidem
207 2044 379 2105 videbatur:
396 2060 464 2104 mea
480 2052 581 2105 autem
596 2047 754 2120 sententia,
770 2047 822 2122 qui
835 2047 879 2107 rei
894 2046 1033 2121 publicae
1053 2046 1092 2107 sit

60 2129 185 2207 infelix,
200 2129 273 2188 ielix
296 2143 366 2187 esse
380 2143 469 2187 nemo
489 2136 598 2201 potest.
641 2131 735 2189 Hasta
756 2130 855 2204 posita
869 2146 924 2204 pro
943 2129 1023 2188 aede
1042 2129 1090 2187 lo·
1171 2132 1174 2137 '

62 2212 116 2273 vis
132 2210 259 2271 Statoris
279 2211 360 2272 bona
372 2210 424 2270 Cn.
435 2209 570 2283 Pompeii
589 2244 631 2255 -
652 2211 794 2271 miserum
814 2220 878 2272 met
902 2210 1093 2282 consumptis
1124 2206 1127 2213 '

62 2293 147 2357 enim
162 2294 292 2354 lacrimis
307 2291 405 2353 tamen
425 2291 537 2352 infixus
550 2292 652 2352 haeret
666 2292 767 2352 auimo
785 2294 873 2354 dolor
884 2324 927 2335 —
941 2293 1031 2364 bona,
1047 2290 1092 2349 in·

63 2392 173 2453 quam,
199 2377 250 2436 cn.
265 2374 401 2450 Pompeii
417 2374 519 2450 Magni
541 2375 610 2435 voci
625 2374 840 2435 acerbissimae
855 2373 990 2434 subiecta
1005 2388 1092 2448 prae-

62 2458 165 2521 conis.
208 2460 275 2518 Una
297 2459 327 2517 in
348 2458 399 2516 illa
420 2473 454 2516 re
470 2457 624 2518 servitutis
641 2457 732 2519 oblita
750 2456 857 2517 civitas
869 2453 1014 2530 ingemuit
1029 2471 1092 2516 ser·

62 2541 282 2619 scientibusque
297 2538 421 2611 animis,
437 2555 528 2612 quum
544 2540 644 2600 omnia
659 2549 740 2600 metu
755 2548 942 2610 tenerentur,
963 2536 1094 2613 gemitus

61 2632 167 2686 umen
191 2623 297 2697 populi
315 2621 443 2680 Romani
464 2622 539 2679 liber
561 2623 623 2682 tuit.
671 2621 925 2697 Exspectantibus
952 2620 1093 2680 omnibus

64 2706 209 2781 quisnam
230 2711 312 2764 esset
325 2712 385 2763 tam
399 2701 520 2775 impius,
534 2711 594 2761 tarn
610 2705 751 2778 demens,
767 2714 827 2765 tam
842 2704 890 2765 dis
907 2702 1092 2763 hominibus·

65 2803 130 2863 que
144 2786 257 2857 hostis,
278 2786 331 2860 qui
350 2786 390 2844 ad
409 2784 484 2844 illud
505 2786 605 2844 scelus
624 2786 768 2848 sectionis
789 2789 915 2847 auderet
934 2783 1092 2851 accedere,

63 2869 210 2931 inventus
230 2875 278 2929 est
300 2883 388 2928 nemo
410 2874 529 2941 praeter
540 2867 718 2938 Antonium,
737 2869 914 2941 praesertim
937 2880 1029 2939 quum
1049 2868 1095 2921 tot

65 2960 175 3012 essent
188 2951 302 3011 circum
316 2951 434 3010 hastam
449 2949 544 3021 illam,
565 2947 617 3022 qui
631 2947 691 3008 alia
706 2949 808 3009 omnia
830 2949 991 3008 auderent=
1012 2958 1095 3004 unus

67 3033 212 3095 inventus
230 3043 278 3093 est
291 3034 343 3107 qui
356 3032 387 3091 id
403 3031 543 3100 auderet,
567 3031 649 3105 quod
666 3030 798 3091 omnium
814 3029 944 3104 fugisset
955 3037 986 3087 et
999 3027 1094 3085 retor-

67 3114 217 3176 midnsset
232 3115 368 3178 audacia.
405 3112 456 3174 65.
466 3114 579 3193 Tantus
594 3112 683 3185 igitur
696 3121 725 3172 te
742 3123 847 3187 stupor
865 3110 1020 3185 oppressit
1035 3108 1094 3180 vel,

68 3205 103 3259 ut
117 3198 219 3259 verius
235 3198 347 3269 dicam,
369 3203 468 3256 tantus
491 3196 589 3267 turer,
603 3202 635 3254 ut
650 3194 795 3269 primum,
814 3209 906 3268 quum
927 3201 1028 3254 sector
1050 3189 1095 3249 sis

70 3278 130 3341 isto
150 3282 218 3342 loco
240 3289 342 3351 uatus,
366 3277 476 3337 deinde
491 3294 582 3352 quum
601 3277 735 3351 Pompeii
750 3285 865 3349 sector,
885 3292 945 3337 non
960 3284 989 3336 te
1005 3286 1094 3333 exse·

71 3372 185 3423 eratum
206 3362 320 3438 populo
345 3362 490 3432 Romano,
512 3376 573 3420 non
593 3358 814 3433 detestabilem,
833 3374 895 3419 non
914 3374 1019 3419 omnes
1039 3352 1095 3415 tibi
