2356 3854
372 179 452 239 cnP.
470 188 601 241 11—13.
623 150 795 246 §.as—cr.
864 222 867 228 -
1021 148 1100 244 'tet
1122 272 1124 280 Ι

73 331 214 395 clamavit
230 340 321 406 atque
336 330 365 389 ei
377 338 585 404 recuperatam
601 329 766 397 libertatern
785 339 831 391 est
844 333 1021 406 gratulatus.
1044 334 1103 394 Cur

72 417 145 478 mihi
161 415 374 491 potissimum?
394 412 464 487 quia
485 411 639 472 sciebam?
671 412 751 473 Vide
771 413 879 474 ncilla
900 431 994 476 causa
1014 417 1105 477 luerit

70 497 320 576 appellandimei,
336 497 427 576 quod,
436 513 527 570 quum
534 496 755 569 rem‘gessisset
762 496 1102 574 consimilemrebusiis,

72 599 152 658 quas
166 581 234 656 ipse
249 596 413 655 gesseram,
428 596 476 638 me
489 577 681 653 potissimum
696 571 823 639 testatus
840 587 935 640 estse
951 586 1101 643 aemulum

70 683 207 726 mearum
224 661 356 724 laudium
368 661 532 724 exstitisse.
575 660 631 727 29„
642 662 686 720 Tu
703 662 969 733 autem,·omnium
986 667 1099 728 stultis-

70 752 163 819 sime,
180 764 241 808 non
257 745 413 820 intelligis,
436 745 461 804 si
477 745 521 815 id,
546 745 627 819 quod
646 761 694 804 me
716 744 840 819 arguis„
859 747 993 806 voluisse
1010 748 1100 810 inter·

70 832 122 892 fici
138 833 295 890 Caesarem
310 831 420 889 crimen
437 826 491 900 sit,
505 826 594 888 etiam
611 829 751 888 laetatum
768 843 838 887 esse
852 836 949 888 morte
961 831 1099 893 Caesaris

69 916 184 976 crimen
200 921 292 974 esset
312 911 390 985 Quid
402 909 481 970 enim
495 910 620 971 interest
636 911 713 970 inter
727 926 888 971 suasorem
905 910 976 973 facti
991 921 1022 972 et
1032 932 1100 989 pro·

70 999 229 1058 batoremt
249 1005 301 1056 aut
321 995 394 1069 quid
414 995 505 1053 relert
523 1001 621 1057 uuum
643 993 792 1053 voluerim
809 993 876 1052 fieri
896 1010 934 1052 an
951 996 1099 1069 gaudeam

70 1084 205 1140 lactum?
223 1076 337 1152 Ecquis
352 1085 399 1135 est
413 1076 502 1151 igitur
516 1083 546 1136 ιε
559 1085 688 1150 excepto
701 1085 731 1136 et
745 1076 792 1147 iis,
808 1077 859 1151 qui
876 1077 960 1136 illum
973 1093 1100 1152 regnare

70 1163 253 1240 gaudebant,
271 1161 321 1233 qui
337 1158 411 1219 illud
425 1165 477 1218 aut
485 1158 555 1218 fieri
569 1159 698 1234 noluerit
711 1168 763 1219 aut
776 1160 887 1220 iactum
905 1161 1102 1234 improbarit?

70 1247 185 1306 Omnes
200 1257 273 1315 ergo
288 1242 432 1315 inculpa.
460 1241 576 1301 Etenim
591 1257 699 1302 omnes
714 1242 799 1316 boni,
817 1254 961 1318 quantum
976 1244 1005 1302 in
1021 1244 1099 1318 ipsis
1158 1313 1165 1320 ‚

70 1329 141 1398 tuit,
166 1327 325 1386 Caesarem
348 1322 531 1385 occiderunt.
574 1325 651 1385 Aliis
679 1325 858 1400 consilium,v
880 1327 948 1387 aliis
970 1326 1099 1404 animus,

70 1412 139 1471 aliis
152 1406 274 1468 occasio
288 1407 400 1490 'deluit2
415 1407 553 1468 voluntas
568 1408 688 1468 nemini.
731 1408 782 1471 30.
797 1409 859 1469 Sed
874 1418 1029 1484 stuporem
1045 1413 1099 1473 ho-

70 1494 159 1554 minis
178 1492 227 1550 vel
242 1490 340 1552 dicam
355 1489 483 1565 pecudis
498 1491 650 1552 attendite.
685 1490 735 1552 Sic
751 1493 830 1552 enim
846 1494 934 1553 dixit:
956 1495 999 1554 M.
1011 1496 1099 1555 Bru-

70 1587 127 1648 tus,
146 1591 230 1649 quem
242 1590 295 1648 epo
313 1575 431 1634 morus
450 1591 542 1634 causo
562 1579 692 1648 nomina
711 1584 862 1636 maenium
879 1581 1037 1651 propiorem
1052 1587 1099 1640 te·

70 1676 141 1720 neos
155 1659 322 1718 Ciceronem
331 1661 524 1718 exclamavit:
535 1675 575 1718 eac
587 1675 643 1732 quo
652 1662 777 1732 intentui
788 1661 941 1719 debetcum
952 1666 1098 1722 emotum
1149 1705 1152 1710 -

70 1744 171 1804 fuisse.
204 1740 284 1814 Ergo
300 1755 357 1813 ego
372 1740 537 1799 sceleratus
553 1741 691 1814 appellor
707 1748 784 1810 ate,
807 1757 897 1815 quern
912 1752 945 1803 tu
960 1745 1097 1818 suspica·

70 1836 130 1885 tum
146 1822 259 1896 aliquid
276 1821 458 1896 suspicaris=
472 1820 538 1894 ille,
554 1821 606 1896 qui
622 1822 781 1883 stillantem
792 1840 868 1898 prae
884 1841 918 1884 se
933 1826 1097 1901 pugionem

70 1907 149 1976 tulit,
170 1907 197 1966 is
218 1922 236 1964 a
258 1915 287 1966 ιε
308 1905 433 1965 honoris
458 1920 551 1964 causa
567 1905 758 1965 nominatur?
789 1906 879 1966 Esto:
896 1908 978 1968 sitin
996 1909 1096 1968 verbis

70 1990 128 2051 tuis
144 1989 194 2048 hic
212 1998 333 2063 stupor=
349 1997 460 2064 quanto
477 1987 508 2046 in
522 1989 615 2048 rebus
632 1987 851 2063 sententiisque
868 1990 985 2051 maior?
1020 1992 1098 2053 Con·
1151 2005 1154 2010 ·

70 2075 160 2134 stitue
177 2073 250 2144 hoc,
264 2075 387 2143 consul,
403 2070 583 2145 aliquando,
601 2071 761 2132 Brutorum
770 2080 787 2141 ,‘
795 2072 825 2131 C.
841 2073 953 2145 cassii,
969 2077 1022 2135 Cn.
1037 2077 1097 2139 Do-

70 2155 152 2226 mitii,
166 2154 352 2227 C.Trebonii,
364 2153 548 2229 reliquorum
561 2171 650 2228 quam
663 2156 738 2214 velis
748 2171 820 2215 esse
832 2172 971 2216 causam:
981 2159 1097 2216 edormi
1113 2213 1123 2221 ,

70 2239 240 2313 crapulam,
261 2239 400 2314 inquam,
421 2247 451 2298 et
472 2237 589 2298 exhala.
625 2241 673 2296 An
693 2239 778 2298 laces
798 2238 1009 2298 admovendae
1027 2247 1098 2298 sunt

70 2337 149 2398 quae
164 2330 194 2381 te
214 2322 345 2384 excitent
364 2331 464 2382 mutae
478 2336 591 2382 causae
605 2320 858 2382 indormientem?
889 2319 1098 2395 Numquamne

70 2403 212 2478 intelligis
227 2406 419 2466 statuendum
433 2404 486 2466 tibi
500 2420 570 2465 esse
587 2412 685 2464 unum
700 2403 757 2476 illi,
780 2403 831 2478 qui
846 2404 933 2464 istam
949 2420 1013 2464 rem
1029 2419 1097 2480 ges-

70 2497 192 2557 serunt,
213 2487 422 2548 homicidaene
442 2488 504 2549 sint
525 2505 561 2549 an
583 2487 722 2548 vindices
737 2487 906 2548 libertatis?
947 2488 1023 2548 Xlll.
1046 2484 1098 2567 dl,

70 2570 199 2632 Attende
230 2570 309 2630 enim
340 2571 506 2646 paullisper
539 2571 812 2646 cogitationemque
838 2570 933 2631 sobrii
965 2571 1096 2632 hominis

70 2663 215 2730 punctum
239 2653 384 2729 temporis
405 2655 539 2728 suscipe.
573 2655 653 2729 Ego,
676 2654 728 2730 qui
744 2653 959 2728 somniorum,
980 2665 1014 2716 ut
1027 2655 1097 2731 ipse

70 2739 182 2808 lateor,
205 2735 373 2808 familiaris,
399 2743 432 2805 ut
452 2753 470 2795 a
489 2745 518 2796 te
538 2752 665 2811 arguor,
687 2738 805 2810 socius,
825 2754 905 2814 nego
931 2739 1098 2812 quidquam

70 2837 140 2881 esse
156 2820 302 2879 medium=
323 2819 471 2880 confiteor
486 2834 555 2890 eos,
578 2819 637 2878 nisi
651 2819 829 2880 liberatores
846 2821 952 2895 populi
967 2817 1098 2879 Romani

70 2913 363 2977 conservatoresque
378 2901 423 2961 rei
439 2902 579 2975 publicae
593 2901 666 2972 sint,
683 2903 753 2975 plus
769 2920 858 2975 quaro
875 2904 1013 2972 sicarios,
1026 2901 1096 2975 plus

70 3003 159 3062 quarn
174 2985 358 3057 homicidas,
380 2987 451 3060 plus
472 2984 561 3045 etiam
581 3000 672 3058 quarn
692 2984 860 3058 parricidas
880 3001 966 3044 esse:
986 2983 1014 3042 si
1032 2982 1120 3058 qui-‘

70 3072 138 3130 dem
155 3077 202 3130 est
217 3069 350 3130 atrocius
366 3070 481 3144 patriae
495 3076 651 3143 parentem
666 3082 756 3141 quam
770 3083 859 3128 suum
872 3065 1022 3127 occidere.
1043 3065 1096 3138 Tu,
1126 3139 1128 3142 Α

70 3154 157 3214 nomo
175 3152 299 3227 sapiens
315 3160 345 3212 et
358 3150 564 3223 considerate,
583 3141 770 3224 quid'dtcisr
799 3149 832 3210 si
846 3149 1025 3225 parricidas,
1043 3165 1097 3210 cur

70 3236 192 3296 nonoris
214 3251 308 3294 causa
328 3251 346 3294 a
368 3243 397 3295 te
417 3243 488 3294 sunt
506 3242 536 3293 et
559 3233 589 3292 in
604 3232 663 3294 hoc
680 3233 787 3293 ordine
805 3242 834 3294 et
850 3233 933 3308 apud
950 3233 1095 3308 populum

70 3322 236 3380 Romanum
264 3333 387 3392 semper
415 3316 580 3392 appellarit
602 3341 604 3344 ⁴
623 3316 682 3376 Cur
701 3316 740 3375 M.
762 3317 873 3377 Brutus
898 3318 1048 3377 referente
1067 3324 1097 3375 te

70 3402 184 3477 legibus
198 3409 245 3462 est
255 3403 382 3469 solutus,
394 3401 420 3461 si
432 3401 471 3460 ab
483 3402 557 3460 urbe
568 3401 639 3475 plus
650 3416 741 3475 quam
751 3400 860 3460 decem
870 3400 936 3461 dies
947 3399 1097 3460 aluisset?

996 3585 1152 3636 ἰ-

1020 3680 1032 3693 ,.
