2356 3854
39 178 44 186 Χ
124 215 185 279 156
309 214 312 219 ·
372 213 457 271 run.
473 210 683 280 cnrrurnnm
699 208 840 270 ortano
855 212 908 270 1v.
1008 224 1013 240 =

97 401 105 412 Ι
122 366 165 426 qni
180 371 259 412 morte
274 362 434 411 mulctandos
451 361 508 410 iilos
524 362 655 419 censebat,
672 359 750 409 altera
769 359 796 409 0.
814 359 945 420 caesaris,
971 361 1016 423 qul
1028 361 1081 411 illos
1094 376 1132 426 pu·

122 432 219 482 blicatis
231 432 302 480 bonis
317 445 362 495 per
378 430 516 494 municipia
522 429 609 478 ltaliae
625 429 811 479 distribuendos
827 443 856 478 ac
873 428 1133 495 vinculissempiterris

121 501 241 549 tenendos
248 500 414 549 existimabat.
432 497 515 556 Quum
530 507 613 547 autem
629 496 715 561 piures
730 496 858 546 senatores
870 495 1061 550 adG.'Caesaris
1073 513 1133 561 quem

122 569 155 617 ad
169 567 198 616 D.
219 566 296 616 Silani
312 567 462 617 sententiam
479 565 597 615 inclinare
615 566 771 625 viderentur,
787 565 820 613 M.
838 563 922 613 Gioero
939 580 982 624 ea,
1006 581 1067 629 quae
1083 566 1133 615 inira

122 636 223 700 legitur,
242 635 354 684 oratione
371 633 448 684 Silani
467 635 617 683 sententiam
631 633 807 683 commendare
822 633 925 705 studuit.

204 766 226 823 1.
251 764 279 824 1.
299 733 418 839 Video,
439 773 542 841 patres
564 764 745 838 conscripti,
761 763 792 823 in
806 779 854 822 me
868 765 1002 824 omnium
1015 776 1133 828 vestrum

123 858 283 923 oramque
303 851 410 909 oculos
430 866 501 909 esse
521 864 705 908 conversos:
727 845 818 906 video
839 863 896 906 vos
912 864 974 907 non
997 850 1133 910 solumde

88 996 91 1001 ,
121 939 224 992 vestro
242 949 278 990 ac
292 933 336 992 rei
351 931 506 1006 publicae,
529 931 754 1001 verumetiam,
776 928 802 988 si
816 929 847 989 id
863 929 1026 1004 depulsum
1040 932 1091 1004 sit,
1105 933 1133 991 de

121 1031 189 1075 meo
205 1016 341 1089 periculo
356 1031 427 1074 esse
443 1014 599 1075 sollicitos.
642 1015 696 1073 Est
711 1012 784 1072 mihi
803 1012 938 1073 iucunda
957 1012 990 1073 in
1010 1015 1095 1076 malis
1111 1024 1131 1074 et

121 1106 206 1173 grata
219 1097 250 1156 in
267 1099 372 1157 dolore
386 1107 487 1156 vestra
501 1114 573 1171 erga
587 1114 636 1156 me
649 1097 806 1167 valaniae,
828 1096 883 1157 sed
899 1112 981 1169 eam,
1002 1114 1058 1172 per
1072 1100 1132 1158 deos

121 1181 321 1252 immortales,
342 1180 487 1252 deponite
510 1189 601 1255 atque
618 1179 702 1240 obiiti
720 1178 826 1239 salutis
847 1180 992 1240 meaede
1007 1181 1093 1240 vobis
1105 1195 1132 1238 aa

121 1265 160 1322 de
175 1262 286 1321 vestris
300 1262 402 1321 liberis
418 1262 557 1338 cogitata.
591 1262 665 1322 Mihi
680 1262 706 1321 si
722 1263 797 1321 haec
812 1261 953 1322 condicio
969 1266 1130 1327 consulatus

121 1346 192 1405 data
205 1352 260 1414 est,
279 1353 312 1404 ut
326 1361 433 1405 omnes
448 1345 643 1416 acerbitates,
662 1362 768 1406 ornnes
788 1346 913 1406 dolores
932 1345 1132 1422 cruciatusque

121 1430 301 1504 perferrem,
330 1429 424 1486 leram
438 1444 499 1488 non
514 1430 613 1489 solum
626 1428 757 1502 sortiter,
785 1444 891 1489 verum
906 1428 997 1489 etiam
1010 1422 1130 1500 libenter,

121 1512 192 1570 dum
217 1511 308 1570 modo
329 1511 404 1579 meis
425 1511 580 1572 laboribus
593 1510 683 1571 vobis
704 1513 882 1587 populoque
895 1513 1035 1574 Romano
1050 1512 1130 1589 digni-

121 1594 326 1668 lassatusque
341 1594 484 1669 pariatur.
526 1595 555 1655 2.
582 1595 647 1669 Ego
663 1611 730 1655 sum
744 1595 795 1655 ille
809 1597 933 1669 consul,
953 1605 1059 1670 patres
1073 1612 1130 1656 oon-

121 1676 234 1751 seripti,
251 1677 299 1737 eui
313 1694 375 1738 non
391 1680 499 1752 lorum,
515 1677 544 1736 in
558 1694 620 1753 quo
632 1679 729 1737 omnis
741 1679 879 1752 aequitas
891 1680 1070 1753 continetur,
1082 1695 1130 1741 aon

121 1776 247 1835 campus
264 1762 475 1821 consularibus
492 1761 638 1837 auspiciis
653 1770 859 1834 consecratus,
877 1779 939 1822 non
952 1763 1047 1835 eume,
1064 1779 1130 1824 sum·

119 1860 201 1905 mum
217 1844 361 1905 auxilium
378 1846 511 1905 omnium
526 1845 668 1919 gentium,
684 1861 745 1904 non
763 1845 881 1917 domus,
901 1842 1062 1907 commune
1073 1861 1129 1922 per-

120 1927 249 2000 fugium,
270 1944 331 1986 non
344 1922 440 1988 lectus
458 1929 497 2007 ad
516 1930 647 2003 quietem
661 1929 765 1999 datus,
780 1944 841 1988 non
855 1929 990 2004 denique
1002 1929 1078 1990 haee
1092 1944 1129 1988 se·

119 2010 175 2068 des
196 2009 321 2073 honoris
345 2011 433 2087 [sella
456 2010 581 2089 curulis]
602 2028 745 2084 umquam
762 2027 862 2071 vacua
881 2013 988 2072 mortis
1007 2012 1130 2087 periculo

38 2150 45 2169 x
119 2098 211 2164 atqua
223 2090 343 2152 insidiis
359 2093 422 2152 luit.
443 2095 508 2168 Ego
520 2097 613 2154 nrnlta
623 2094 713 2166 tacui,
727 2097 819 2154 muita
834 2095 951 2169 pertuli,
966 2098 1059 2156 mulla
1073 2111 1131 2156 eon·

119 2173 215 2246 cessi,
245 2176 337 2234 muita
354 2192 422 2235 meo
443 2178 574 2251 quodam
597 2178 703 2237 dolore
726 2177 756 2236 in
777 2186 878 2238 vestro
895 2179 1002 2239 timore
1029 2176 1130 2239 sanavi.

118 2257 203 2317 Nunc
219 2260 244 2317 si
259 2258 339 2317 hunc
354 2258 468 2320 exitum
483 2260 659 2320 consulatus
676 2261 733 2319 mei
751 2261 782 2320 di
802 2261 987 2322 immortales
1002 2279 1074 2323 esse
1088 2277 1130 2319 vo-

117 2341 251 2412 luerunt,
266 2351 298 2402 ut
315 2359 371 2402 vos
394 2345 601 2421 populumque
616 2345 784 2413 Romanum
800 2361 840 2404 ex
855 2345 951 2421 ,caede
966 2345 1130 2412 miserrima

118 2423 265 2498 coniuges
286 2426 465 2499 liberosque
479 2436 601 2487 vestros
623 2427 816 2501 virginesque
838 2424 979 2502 Vestales
997 2445 1036 2488 ex
1062 2442 1130 2488 acer·

116 2504 243 2565 bissima
256 2508 427 2582 vexatione,
443 2512 555 2585 templa
569 2519 661 2585 atque
674 2512 811 2584 delubra,-
821 2511 900 2570 hane
911 2510 1129 2584 pulcherrimam

116 2588 244 2662 patriam
259 2591 392 2650 omniurn
407 2600 543 2653 nostrum
560 2610 600 2652 ex
616 2592 794 2653 foedissima
812 2593 948 2664 flamma,
972 2603 1066 2656 totam
1084 2595 1129 2652 lta·

116 2671 186 2730 liam
202 2687 241 2731 ex
256 2672 336 2733 bello
358 2682 388 2734 et
409 2675 548 2736 vastitate
569 2677 732 2750 eriperem,
762 2692 978 2752 quaecumque
997 2677 1068 2738 mihi
1088 2671 1128 2735 nni

53 2829 55 2832 y
115 2763 304 2829 proponetur
318 2758 452 2832 lortuna,
475 2760 628 2820 subeatur.
662 2760 780 2820 Etenim
799 2759 826 2820 si
845 2760 876 2819 P.
893 2760 1039 2822 Lentulus
1056 2773 1127 2821 suun

115 2854 225 2898 nomen
250 2839 391 2900 inductus
412 2858 430 2900 a
447 2843 565 2902 vatibus
588 2843 678 2902 latnie
701 2843 741 2902 ad
756 2842 921 2917 perniciem
942 2843 1126 2918 reipublicae

116 2922 180 2981 lore
200 2922 333 2997 putavit,
357 2940 411 2983 our
425 2941 482 2999 ego
498 2943 559 2985 non
574 2927 669 2985 laeter
686 2942 785 2984 meum
803 2927 995 2986 consulatum
1011 2927 1052 2987 ad
1062 2925 1124 2985 saln-
1172 2956 1174 2963 ι

115 3011 174 3063 tem
189 3006 297 3081 populi
311 3007 440 3067 Romani
459 3025 554 3082 prope
570 3009 691 3068 fatalem
707 3009 884 3069 exstitisset
924 3009 961 3067 11.
976 3010 1005 3071 3.
1023 3009 1123 3082 Quare,
1170 3031 1174 3055 ³

116 3094 216 3159 patres
232 3091 406 3166 conscripti,
422 3091 571 3152 consulite
588 3091 684 3164 vobiS,
700 3091 867 3168 prospicite
880 3089 1005 3166 patriae,
1020 3102 1121 3153 conser-
1171 3115 1174 3119 ·

116 3178 183 3226 vate
201 3187 271 3243 vos,
287 3174 449 3249 coniuges,
464 3172 577 3235 llberos
593 3176 794 3250 fortunasque
812 3183 945 3246 vestras,
961 3175 1066 3251 populi
1077 3172 1121 3231 Ro·
1171 3202 1174 3223 ι

114 3252 193 3308 mani
209 3270 319 3314 nomen
344 3260 534 3332 salutemque
552 3257 721 3318 defendite=
741 3257 814 3317 mihi
836 3256 1019 3332 parcere'ac
1039 3257 1074 3317 de
1087 3263 1120 3311 ut
1170 3263 1174 3316 ,“

113 3332 247 3406 cogitare
262 3337 401 3399 desinite.
426 3341 501 3400 Nam
521 3341 648 3416 primum
665 3343 764 3401 debeo
785 3357 912 3415 sperare
931 3357 1037 3402 omnes
1053 3339 1118 3398 daos,
1167 3389 1174 3401 ,

30 3438 32 3442 ⁴
115 3415 166 3490 qui
184 3416 252 3476 huic
266 3419 332 3478 urbi
348 3423 539 3495 praesident,
561 3440 617 3498 pro
640 3439 677 3484 eo
700 3424 772 3505 mihi
793 3439 830 3483 ae
849 3441 969 3484 mereor
989 3425 1117 3482 relaturos
1172 3478 1174 3487 .
