2356 3854
327 613 400 718 u.
435 615 570 696 ruam
605 576 821 694 uiuamus

117 771 172 853 un
203 747 402 854 rursum
434 770 500 854 ar.
528 769 727 853 rournu
756 768 813 850 ru
844 769 1006 862 curru

216 930 219 937 ³
350 939 354 945 ·
500 908 683 992 curuo

328 1181 349 1210 ⁸
388 1175 794 1237 ARGUMENTUM.

151 1291 232 1350 Quum
253 1291 283 1340 L.
307 1291 441 1351 Lucullus,
466 1295 509 1354 qui
531 1293 626 1342 bellum
648 1295 770 1343 adversus
793 1290 963 1342 Mithridatem
987 1292 1009 1341 M

4 1355 11 1373 “
82 1358 155 1409 Ponti
177 1373 263 1424 regem
287 1367 383 1422 septem
400 1374 478 1409 annos
495 1361 606 1424 primum
622 1361 761 1422 consulari,
786 1360 844 1408 dein
868 1361 1009 1423 proconsuli

83 1428 154 1494 perio
175 1427 405 1488 administraverat,
431 1443 455 1478 a.
479 1444 503 1477 u.
528 1446 549 1480 c.
573 1426 634 1480 687.
661 1436 782 1478 asenatu
798 1433 930 1476 revocatus
949 1440 1009 1477 esset

82 1495 125 1544 Μ’.
144 1495 242 1546 Acilius
261 1493 361 1544 Glabrio
384 1497 458 1546 homo
480 1498 555 1545 tantis
572 1498 647 1546 rebus
665 1498 746 1561 impar
763 1497 941 1556 successisset,
966 1497 1009 1544 ins<

83 1579 148 1614 anno
167 1565 199 1614 M.
218 1563 324 1613 Aemilio
342 1564 439 1629 Lepido
453 1564 482 1616 L.
497 1565 612 1614 Volcatio
625 1564 698 1614 Tullo
716 1579 784 1616 coss.
801 1578 823 1616 a.
834 1579 860 1614 u.
872 1578 892 1611 c.
903 1560 964 1616 oe&
987 1564 1009 1613 (l

82 1631 133 1682 lius
147 1633 355 1696 tribunusplebis
369 1633 450 1698 legem
469 1633 502 1682 sd
512 1633 634 1698 populum
646 1634 718 1698 tulit,
736 1634 775 1680 uti
790 1632 843 1680 eius
853 1630 1008 1682 belliadmin

83 1700 127 1751 Gn.
147 1702 279 1766 Pompeio,
304 1703 347 1763 qui
363 1701 525 1752 tumbellam
542 1703 697 1751 maritimum
714 1709 800 1750 contra
818 1698 920 1748 Ciliciae
938 1703 1009 1764 pirata

69 1767 189 1819 ·Gubiuia
205 1785 269 1819 auno
292 1771 422 1834 superiore
440 1771 617 1835 demandatum
635 1769 787 1827 confecerat,
812 1768 1009 1832 committeretur

83 1828 140 1902 iege
163 1853 239 1900 quum
264 1852 314 1887 uon
332 1837 415 1888 solum
438 1839 500 1888 Asia
522 1839 666 1903 provincia,
691 1839 733 1886 cui
755 1834 875 1885 Lucullus
899 1829 1009 1900 praeluei

84 1920 157 1954 omne
174 1907 228 1954 eius
245 1907 376 1968 imperium
390 1907 438 1959 cn.
456 1909 576 1972 Pompeio
594 1907 799 1964 committeretur,
822 1919 909 1954 verum
928 1908 1005 1954 etiam

82 1973 133 2032 nia,
149 1974 187 2020 cui
206 1972 305 2022 Glabrio
323 1983 444 2038 praeerat,
458 1975 551 2024 'classis
568 1976 629 2024 item
641 1983 665 2022 et
676 1987 762 2022 omues
774 1975 863 2036 copiae
876 1974 1009 2024 maritimae

83 2041 188 2104 piratico
209 2040 273 2090 bello
297 2041 347 2089 iam
372 2043 526 2103 obtinuerat,
556 2043 696 2104 multaeque
718 2048 831 2104 praetera
858 2043 1006 2104 provinciae

82 2107 139 2172 lege
150 2106 257 2158 Gabinia
265 2110 384 2172 Pompeio
398 2111 471 2158 datae
480 2125 530 2159 nou
539 2111 693 2170 viderentur,
711 2108 830 2174 Phrygia,
846 2108 985 2173 Lycaonia,
1001 2112 1009 2160 i

85 2174 256 2241 Cappadocia,
273 2175 372 2236 cilicia,
392 2177 505 2238 Colchis,
530 2177 662 2236 Armenia,
688 2177 741 2226 eius
757 2179 877 2240 potestati
894 2182 1009 2240 permitte

83 2245 229 2308 optimates,
247 2246 322 2294 nimis
332 2246 420 2311 augeri
429 2261 489 2311 opes
507 2253 531 2295 et
549 2247 686 2310 potentiam
701 2245 775 2293 unius
787 2244 831 2296 Cn.
842 2244 958 2308 Pompeii
976 2257 1009 2296 rat

83 2311 166 2376 legem
185 2315 364 2378 oppugnabant
378 2329 512 2377 eorumque
527 2315 627 2363 nomine
646 2313 674 2371 Q.
693 2311 793 2361 Catulus
811 2320 835 2360 et
853 2312 882 2370 Q.
902 2316 1009 2363 Hortens

82 2381 208 2445 gationem
219 2381 245 2430 G.
256 2381 353 2431 Manilii
363 2383 543 2432 dissuaserunt.
579 2381 738 2431 Adiuvabant
755 2387 837 2428 tamen
854 2381 926 2430 multi
938 2381 966 2433 C.
981 2385 1009 2432 M:

83 2449 230 2496 auctoritate
247 2451 322 2498 etiam
341 2450 367 2499 G.
387 2450 500 2500 Caesaris
518 2453 646 2512 suasitque
658 2449 692 2498 M.
707 2448 802 2510 cicero,
821 2450 864 2510 qui
880 2465 909 2497 eo
926 2467 992 2499 auno

74 2522 144 2586 erat,
161 2515 209 2565 hac
226 2519 281 2580 ipsa
300 2519 418 2584 oratione,
435 2533 484 2580 qua
501 2520 610 2582 primum
629 2517 697 2580 apud
714 2516 835 2581 populum
854 2519 947 2576 oravit,
975 2520 1009 2584 lep

81 2582 242 2699 imperiolGu.
252 2586 364 2649 Pompeii
381 2587 541 2651 prorogando
557 2593 629 2649 atque
645 2585 806 2649 adaugendo,
824 2601 887 2647 quae
904 2589 1001 2637 cunctis

82 2653 132 2718 giis
147 2666 192 2716 per
202 2660 241 2700 ata
259 2659 305 2701 est.

166 2779 188 2837 Ι.
222 2777 249 2838 1.
294 2743 487 2852 Quamquam
512 2778 583 2839 mihi
609 2794 730 2853 semper
753 2778 896 2852 lieqbens
922 2794 1009 2852 consp

83 2870 186 2922 vester
204 2862 297 2922 multo
318 2862 569 2933 iucundissimus,
584 2861 641 2921 hic
665 2869 764 2920 autem
784 2861 871 2920 locus
894 2861 933 2917 ad
956 2878 1009 2934 age

83 2944 304 3020 amplissimuS,
323 2945 362 3003 ad
379 2944 540 3004 dicendum
557 2943 765 3005 ornatissimus
784 2952 831 3003 est
845 2943 945 3013 visua
969 2944 1009 3015 Qu

16 3087 18 3091 .
83 3035 183 3086 tamen
204 3029 263 3088 boc
286 3026 368 3087 aditu
388 3025 502 3101 laudiS,
524 3027 575 3101 qui
590 3042 710 3101 semper
724 3027 836 3100 optimo
853 3026 962 3099 cuique
979 3043 1007 3083 m

83 3110 187 3181 patuit,
203 3127 262 3170 non
279 3127 347 3170 mea
358 3126 405 3169 me
420 3111 560 3171 voluntas
575 3111 691 3184 adhuc,
707 3110 763 3170 sed
779 3111 857 3168 vitae
872 3114 957 3166 meac
973 3126 1007 3167 ra

84 3190 123 3248 ab
138 3190 258 3251 incunte
272 3203 370 3253 aetate
386 3203 547 3268 susceptae
565 3193 790 3267 prohibuerunt.
821 3193 895 3250 Nam
913 3209 1004 3264 quum

84 3287 140 3346 per
160 3281 287 3334 aetatem
302 3277 434 3336 nondum
450 3277 540 3336 huius
557 3275 763 3336 auctoritatem
779 3274 839 3335 loci
856 3274 1000 3347 attingere
