2356 3854
339 180 760 249 uAP.1e»-a1..s.44-sr.
999 186 1064 254 All

34 329 91 402 Qui
106 338 168 389 tum
184 329 255 389 inde
269 327 384 389 reditus
397 337 449 389 aut
465 331 585 406 qualis?
600 333 684 406 prius
698 331 728 391 in
743 333 876 395 ultimam
888 335 1012 396 Galliam
1023 354 1063 398 ex

32 417 177 488 Aegypto
202 428 292 485 quam
311 411 443 472 domum.
494 413 577 485 Quae
604 422 704 474 autem
726 424 791 476 erat
814 417 946 478 domus?
970 418 1063 479 Suam

33 494 114 553 enim
133 493 264 568 quisque
279 495 401 554 domum
415 502 478 554 tum
496 496 651 556 obtinebat
664 511 764 568 neque
780 506 844 557 erat
856 516 988 574 usquam
1000 510 1061 561 tua.

22 576 160 637 dlomum
182 577 274 639 dicct
290 576 368 650 Quid
389 587 454 639 erat
472 580 502 637 in
521 578 609 640 terris
626 577 678 639 ubi
692 577 722 636 in
737 588 789 638 tuo
803 580 914 653 pedem
927 599 1061 657 poneres

32 667 155 733 praeter
174 676 268 719 unum
282 659 447 731 Misenum,
472 662 555 734 quod
576 677 643 720 cum
659 661 751 720 sociis
766 668 919 736 tamquam
935 658 1060 741 Sisapo-

31 757 101 800 nem
115 743 262 802 tenebas?
275 744 338 802 XX.
352 742 403 803 49.
417 743 536 803 Venisti
550 760 568 803 e
582 743 676 803 Gallia
693 744 732 802 ad
748 752 941 817 quaesturam
956 757 1060 820 peten-

33 824 112 889 dum·
147 824 237 884 Aude
251 825 353 886 dicere
372 833 402 885 te
415 824 500 898 prius
515 827 553 884 ad
569 834 724 900 parentem
735 833 819 885 tuum
831 827 954 886 venisse
969 845 1060 903 quam

34 907 75 966 ad
85 923 143 966 me.
186 909 377 982 Acceperam
397 907 457 966 iam
472 917 540 968 ante
556 908 693 968 Caesaris
709 907 833 980 litteras,
849 915 881 970 ut
897 909 969 967 mihi
986 902 1060 972 sals

34 989 101 1048 ileri
117 998 238 1063 paterer
252 1006 270 1047 a
283 998 323 1049 te.
357 991 463 1064 ltaque
482 1007 520 1050 ne
531 991 616 1064 loqui
631 990 752 1064 quidem
769 1006 836 1050 sum
849 998 879 1050 te
894 1006 1007 1065 passus
1021 994 1061 1053 de

31 1071 135 1144 gratia.
182 1073 294 1131 Postea
314 1087 381 1131 sum
402 1075 500 1133 cultus
519 1081 594 1144 ate,
614 1080 646 1133 tu
660 1090 678 1132 a
693 1089 742 1132 me
756 1073 938 1133 observatus
955 1075 986 1133 iu
1006 1089 1060 1148 pe·

31 1154 137 1214 titione·
160 1158 355 1228 quaesturae.
409 1154 474 1226 Quo
496 1155 618 1229 quidem
639 1163 774 1229 tempore
792 1156 825 1213 P.
851 1155 987 1216 Clodium
1007 1172 1060 1230 ap

29 1237 181 1311 probante
196 1237 312 1310 populo
322 1237 461 1296 Romano
479 1236 509 1297 in
521 1238 590 1297 loro
604 1254 638 1297 es
651 1246 778 1298 conatus
790 1237 940 1310 occidere,
955 1254 1060 1313 quum-

30 1336 94 1393 que
111 1334 178 1377 eam
193 1335 256 1378 rem
270 1325 322 1378 tua
337 1328 446 1394 sponte
462 1336 622 1393 conarere,
644 1337 704 1381 non
719 1320 853 1394 impulsu
866 1337 945 1394 meo,
958 1330 1061 1381 tamen

10 1400 70 1462 .ita
85 1401 302 1474 praedicabas,
325 1411 355 1461 te
378 1420 440 1463 uon
463 1402 651 1477 existimare,
671 1403 731 1464 nisi
744 1402 829 1463 illum
843 1402 1060 1478 interfecisses,

13 1498 176 1559 ¹umquam
192 1483 264 1542 mihi
278 1501 335 1558 pro
351 1484 410 1545 tuis
424 1485 454 1544 in
469 1502 518 1545 me
533 1485 648 1546 iniuriis
664 1486 738 1548 satis
753 1502 824 1546 esse
839 1487 996 1546 iacturum.
1024 1488 1059 1546 ln

29 1583 93 1653 quo
106 1567 239 1625 demiror
254 1582 309 1626 our
322 1567 466 1628 Milonem
486 1568 620 1644 impulsu
639 1586 707 1630 meo
722 1585 786 1628 rem
801 1568 882 1628 illam
898 1568 1000 1642 egisse
1015 1567 1059 1628 di·

25 1648 92 1720 caS,
111 1666 203 1723 quum
219 1657 249 1708 te
263 1651 341 1709 ultro
357 1650 427 1709 mihi
444 1651 523 1710 idem
537 1652 613 1711 illud
627 1653 812 1711 deserentem
823 1666 987 1724 numquam
1002 1650 1060 1711 sim

24 1732 218 1794 adhortatus.
250 1731 447 1806 Quamquam,
460 1732 488 1790 si
501 1734 531 1791 in
546 1750 584 1795 eo
603 1748 827 1808 perseverares,
846 1734 886 1792 ad
899 1741 981 1792 tuam
995 1733 1060 1805 glo-

21 1816 104 1875 riam
119 1831 183 1874 rem
197 1814 278 1874 illam
292 1815 397 1874 relerri
411 1814 560 1874 malebam
577 1832 667 1889 quam
681 1817 722 1875 ad
736 1830 835 1874 meam
851 1815 988 1889 gratiam.
1007 1811 1065 1874 50.-

24 1899 182 1972 Quaestor
202 1913 235 1957 es
256 1899 370 1958 lactus=
392 1897 503 1957 deinde
525 1897 667 1957 continuo
690 1897 756 1956 siue
771 1906 895 1958 senatus
911 1898 1061 1971 consulto,

23 1983 97 2042 sine
113 1989 205 2053 sorte,
221 1979 287 2040 sine
299 1981 367 2055 lege
383 1980 423 2039 ad
437 1980 596 2040 Gaesarem
612 1978 781 2040 cucurristi.
823 1980 859 2038 ld
874 1979 952 2039 enim
967 1994 1061 2059 uuum

22 2067 55 2125 in
74 2064 163 2123 terris
179 2061 339 2138 egestatis,
357 2063 437 2122 ueris
452 2062 555 2135 alieni,
571 2062 723 2136 nequitiae
736 2060 864 2136 perditis
877 2061 956 2123 vitae
969 2061 1059 2122 ratio·
1158 2131 1165 2141 ,

22 2148 122 2208 nibus
145 2145 316 2221 perlugium
341 2162 413 2206 esse
433 2146 577 2205 ducebas.
619 2146 663 2204 lbi
678 2154 707 2205 te
722 2156 814 2220 quum
829 2152 859 2205 et
875 2144 955 2204 illius
970 2142 1060 2215 largi-

21 2229 164 2292 tionibus
177 2238 207 2290 ot
216 2229 275 2290 tuis
287 2228 402 2304 rapinis
412 2227 614 2303 explevisses,
628 2227 655 2286 si
663 2228 722 2287 hoc
734 2234 781 2286 est
793 2228 917 2301 explere
930 2225 1060 2302 [rapere]

23 2311 114 2388 quod
128 2311 226 2373 statim
238 2312 387 2384 eilundas,
405 2311 554 2371 advolasti
569 2325 663 2384 egens
678 2310 718 2369 ad
731 2307 922 2381 tribunatum,
935 2312 968 2367 ul
980 2307 1061 2366 ineo

24 2396 218 2470 magistratu,
237 2395 263 2454 si
279 2410 401 2470 posses,
416 2393 473 2454 viri
488 2391 531 2454 tui
545 2393 651 2453 similis
666 2407 764 2453 esses.

92 2477 170 2537 XXI.
188 2477 327 2552 Accipite
339 2492 434 2549 nunc,
450 2492 582 2551 quaeso,
599 2491 660 2536 non
673 2492 725 2547 ea,
745 2491 823 2550 quae
838 2475 905 2549 ipse
920 2471 950 2531 in
966 2487 1001 2533 se
1016 2471 1060 2531 at-

25 2577 93 2639 que
107 2558 137 2619 in
148 2559 349 2621 domesticum
364 2559 499 2619 dedecus
516 2559 634 2634 impure
644 2568 736 2634 atque
747 2558 988 2632 intemperanter,
1004 2554 1062 2613 sed

25 2659 113 2721 quoe
134 2642 164 2701 in
185 2658 244 2703 nos
265 2643 465 2715 fortunasque
481 2651 617 2717 nostras,
638 2641 671 2704 id
689 2640 780 2702 estin
799 2641 976 2702 universam
995 2651 1061 2695 rem

24 2725 199 2804 publicam,
222 2723 315 2800 impie
335 2740 373 2784 ac
390 2722 505 2782 nelarie
525 2724 639 2785 lecerit.
681 2724 729 2784 Ab
748 2724 838 2785 huius
849 2724 928 2781 enim
943 2719 1061 2781 scelere

25 2808 165 2870 omnium
185 2809 334 2868 malorum
358 2805 538 2882 principium
562 2815 665 2866 natum
686 2806 854 2882 reperietis.
902 2802 953 2865 51.
975 2801 1061 2892 Nallb
1086 2847 1090 2857 ·

27 2908 126 2969 quum
147 2893 181 2951 L.
196 2891 322 2951 Lentulo
338 2889 369 2948 (l.
381 2888 525 2950 Marcello
548 2888 725 2948 oonsulibus
746 2886 892 2948 Kalendis
912 2886 1060 2973 lanuarus

26 2975 182 3035 labentem
197 2980 227 3033 et
238 2988 335 3048 prope
347 2973 506 3032 cadentem
518 2986 582 3030 rem
597 2971 750 3045 publicam
769 2968 875 3030 bdeire
897 2969 1061 3040 cupereltS,

26 3056 155 3133 ipsique
173 3057 203 3116 c.
222 3053 359 3126 Caesari,
383 3053 409 3114 si
424 3069 499 3113 sana
512 3062 612 3114 mente
628 3061 726 3127 esset,
750 3052 909 3112 consulere
933 3045 1062 3140 velletis,

19 3150 94 3201 tum
118 3139 176 3199 iste
198 3136 351 3198 venditum
373 3144 465 3212 atque
481 3138 701 3210 emancipatum
723 3135 904 3195 tribunatum
925 3130 1062 3191 consilus

27 3222 143 3283 vestris
151 3218 503 3296 opposuitcarvicesque
516 3234 589 3278 suos
601 3219 629 3277 ei
641 3218 769 3279 subiecit
783 3216 892 3288 securi,
904 3231 966 3289 qua
976 3208 1061 3270 multi

29 3304 199 3366 minoribus
220 3303 249 3363 in
267 3302 401 3377 peccatis
424 3301 609 3362 occiderunt.
651 3302 684 3361 ln
702 3309 740 3371 te,
754 3300 795 3358 Μ.
809 3299 938 3370 Antoni,
960 3295 992 3355 id
1007 3292 1059 3351 de·

30 3387 130 3448 crevit
151 3392 275 3447 senatus
296 3383 463 3458 etquidem
482 3383 658 3457 incolumia,
680 3382 814 3443 nondum
833 3388 878 3441 tot
897 3375 1060 3442 luminibus
