2356 3854
63 205 128 270 -46
313 207 352 266 ΙΝ
372 207 402 266 C.
422 206 586 268 VERREM
605 205 902 266 senlacium.

168 357 219 417 lV.
246 355 303 416 Pro
320 357 409 416 deum
423 355 639 429 hominumque
653 354 760 414 lidenrl
776 352 921 428 quidhoc
938 359 1010 414 cst?
1030 371 1082 428 qua

85 439 161 499 haec
186 453 281 498 causa
302 445 370 499 esti
398 454 476 513 quae
500 436 788 511 istaimpudenliaa
815 435 897 510 Quae
918 434 988 495 dico
1012 435 1082 509 sign:

85 529 155 581 ente
168 536 259 594 quam
270 521 325 581 abs
341 529 371 582 te
386 522 503 581 sublate
515 529 593 590 sunt,
610 534 698 580 nemo
706 519 878 579 Messanam
893 533 962 578 curn
978 517 1082 593 imperi

84 605 167 663 venit
182 603 252 677 quin
268 603 384 664 viderit.
397 604 452 664 Tot
463 611 629 677 praetores,
645 610 688 662 lot
703 603 846 663 consules
857 599 1001 661 inSicilia
1013 617 1082 675 quur

84 686 115 761 ip
133 701 210 759 pace
228 694 289 746 tum
304 685 392 745 etiarn
416 685 445 746 in
466 687 545 745 bello
572 688 706 745 luerunt:
728 691 772 744 tot
793 683 931 744 homines
956 682 1082 758 cuiusqu

86 767 183 828 modi:
199 764 268 828 'non
284 770 393 843 loquor
408 769 446 828 de
461 767 600 842 integris,
623 766 851 839 innocentibus,
871 764 1038 839 religiosis:
1061 774 1082 826 tc

45 842 52 856 ’
86 849 202 925 cupidi,
221 859 264 912 tot
275 850 413 925 improbi,
430 859 472 911 tot
487 852 637 923 audaceS,
657 865 786 925 quorum
800 864 890 908 nemo
908 847 1039 909 sibilum
1052 864 1082 906 uc

84 934 225 1007 hemetre,
239 942 438 1009 lam-potens,
455 941 514 992 tam
533 932 641 993 nobilis
654 932 740 992 visus
755 941 802 992 est
817 929 922 1006 quiex
936 930 988 991 illo
1005 946 1082 991 sacra

84 1017 128 1077 rio
147 1015 312 1091 quidquam
324 1030 452 1090 poscere
463 1023 514 1076 aut
527 1016 632 1074 tollere
647 1024 698 1075 aut
712 1012 858 1088 attingere
872 1013 1008 1074 auderet.
1029 1015 1082 1073 Ver

83 1115 134 1159 res
163 1099 246 1172 quod
268 1097 382 1172 ubique
408 1097 462 1158 erit
487 1096 718 1170 pulcherrimum
738 1098 875 1157 eulerett
899 1095 972 1154 nihil
992 1096 1082 1155 haber

85 1181 226 1256 cuiquam
245 1189 401 1253 praeterea
416 1179 539 1241 licebitt
557 1188 601 1240 tot
615 1181 724 1241 domus
739 1177 994 1252 locupletissimas
1016 1177 1080 1256 isliu

36 1329 42 1339 ,
85 1265 194 1323 domus
210 1278 270 1322 una
285 1260 406 1336 capiet?
425 1260 541 1321 Idcirco
558 1278 647 1323 nemo
665 1261 856 1338 superiorum
870 1259 980 1334 attigit,
1003 1268 1035 1319 ut
1053 1259 1082 1317 hi

86 1346 222 1405 tollerelt
237 1343 307 1404 ideo
326 1345 357 1404 C.
374 1343 516 1405 Claudius
530 1344 657 1405 Pulcher
670 1344 796 1416 rettulit,
811 1350 844 1403 ut
862 1343 892 1404 G.
905 1344 1017 1402 Verres
1031 1358 1082 1417 pos

86 1435 132 1487 set
150 1427 289 1486 aulerret
317 1430 356 1486 At
373 1443 434 1487 non
456 1427 629 1499 requirebat
644 1428 694 1488 ille
712 1426 828 1501 cupido
846 1424 965 1485 lenonis
981 1426 1082 1485 domun

83 1525 120 1569 ac
135 1508 333 1580 meretriciam
351 1507 556 1583 disciplinam=
579 1509 734 1571 lacileillo
752 1506 885 1569 sacrario
908 1507 1006 1581 patrio
1031 1523 1082 1568 con

84 1592 242 1652 tinebatur.
272 1591 348 1652 Heio
364 1608 399 1652 se
411 1608 430 1650 a
442 1591 605 1653 maioribus
620 1591 756 1653 relictum
771 1607 842 1652 esse
863 1589 981 1651 sciebat
1000 1589 1030 1649 in
1049 1589 1082 1649 he

82 1673 209 1736 reditate
226 1690 396 1735 sacrorum:
411 1675 653 1754 nonqunerebat
669 1674 835 1735 meretricis
852 1672 1006 1733 heredem.

166 1757 195 1819 8.
229 1756 291 1819 Sed
306 1757 380 1831 quid
394 1772 451 1831 ego
465 1767 526 1817 tam
539 1758 735 1819 vehementer
751 1756 899 1815 invehort
916 1755 1020 1814 Verbo
1040 1771 1082 1816 un

83 1842 221 1915 repellar.
261 1839 334 1913 Emi,
352 1840 458 1915 inquit
498 1840 570 1900 Odi
585 1840 784 1902 immortales!
801 1840 987 1914 praeclaram
999 1837 1082 1897 delen

84 1923 214 1983 sionem!
244 1922 443 1983 Mercatorem
456 1921 487 1981 in
505 1921 690 1997 provinciam
707 1937 776 1982 cum
795 1919 921 1995 imperio
936 1932 973 1978 ec
990 1919 1082 1980 securi

83 2005 140 2064 bus
155 2001 306 2074 misimus
325 2004 426 2064 omnia
443 2003 495 2079 qui
509 2006 611 2078 signa,
626 2005 745 2064 tabulas
761 2002 873 2078 pictas,
891 2019 979 2062 omne
996 2019 1082 2076 orgen

84 2095 160 2156 tum,
177 2100 292 2156 aurum,
309 2086 397 2157 ebur,
415 2101 550 2159 gemmas
565 2084 732 2157 coemerel,
753 2086 826 2146 nihil
848 2084 990 2159 cuiquam
1013 2085 1082 2144 relin

85 2176 204 2243 queret!
232 2168 315 2227 Haec
327 2167 488 2228 enimmihi
501 2170 542 2228 ud
556 2168 656 2229 omnia
673 2167 811 2230 defensio
827 2167 964 2242 patelieri
975 2167 1082 2228 videtur

84 2250 205 2312 emisse.
239 2250 383 2321 Primum,
410 2250 437 2310 si
452 2250 499 2322 id,
526 2252 609 2326 quod
637 2251 698 2325 vis,
723 2251 781 2312 tibi*
802 2267 858 2325 ego
874 2252 1082 2323 concedam,u

85 2334 210 2408 emeris,
237 2333 380 2408 quoniam
402 2332 433 2392 in
462 2340 524 2393 tolo
546 2333 605 2395 hoc
624 2350 737 2408 genere
760 2335 818 2394 hac
840 2349 906 2393 una
923 2333 1081 2394 delension

83 2432 195 2477 usurus
206 2432 249 2488 es,
266 2431 380 2489 quaero
396 2414 482 2475 cuius
497 2416 578 2476 modi
593 2425 625 2477 tu
638 2417 750 2478 iudicia
764 2419 878 2477 Romae
893 2414 1009 2490 putaris
1022 2432 1082 2477 ess<

83 2497 110 2558 si
131 2495 184 2557 tibi
206 2497 266 2557 hoc
281 2512 464 2572 quemquam
487 2514 704 2560 concessurum
720 2499 847 2573 putasti,
871 2506 900 2558 te
914 2497 945 2557 in
962 2507 1082 2573 praetor

82 2587 174 2655 atque
194 2578 320 2654 imperio
344 2588 388 2640 tot
404 2596 470 2653 reS,
490 2589 548 2641 tarn
570 2581 750 2656 preciosas,¹
772 2596 877 2642 omnes
897 2581 1031 2656 denique
1052 2598 1082 2640 re

84 2677 162 2737 quae
179 2661 307 2723 alicuius
329 2661 422 2736 precii
438 2663 547 2724 luerint
560 2673 623 2724 tota
638 2680 678 2725 ex
691 2662 849 2739 provincia
862 2662 1038 2723 coemisset
1064 2665 1082 2720 l

82 2744 111 2806 9.
139 2743 250 2805 Videte
266 2743 413 2804 maiorum
433 2745 632 2820 diligentiam,
654 2746 707 2821 qui
727 2745 873 2806 nihildum
894 2745 983 2806 etiarn
1013 2745 1082 2806 istiu

81 2828 163 2889 modi
178 2825 424 2903 suspicabamur,
439 2836 543 2890 verum
560 2837 659 2890 tamen
675 2844 726 2901 ea,
749 2827 827 2903 quae
844 2828 947 2904 parvis
964 2828 994 2887 in
1009 2829 1082 2889 rebu

81 2911 221 2973 accidere
232 2917 379 2986 poterant,
392 2911 602 2985 providebant.
627 2913 791 2984 Neminem,
808 2910 859 2986 qui
870 2927 938 2971 cum
951 2918 1083 2984 potestat

82 3000 134 3054 aut
145 2992 295 3068 legatione
306 2991 336 3051 in
345 2992 623 3068 provinciamesset
634 2994 799 3069 proiectus,
814 3005 873 3054 tam
880 3003 1029 3055 amentem
1037 2996 1082 3055 lor

4 3065 8 3087 ¹
82 3084 328 3150 putaveruntmt
345 3084 640 3150 emeretargentumr
661 3077 788 3163 dabatur
803 3076 882 3136 enim
905 3079 943 3136 de
963 3076 1082 3150 publico

82 3165 115 3218 ut
137 3167 267 3219 vestem:
290 3158 492 3233 praebebatur
504 3158 587 3227 enim
601 3159 735 3234 legibusz
753 3159 935 3233 mancipium
948 3165 1079 3233 putarun

84 3255 146 3313 quo
162 3248 191 3298 et
205 3255 309 3300 omnes
326 3240 436 3301 utimur
450 3247 480 3300 et
493 3258 553 3302 non
565 3243 726 3316 praebetur
742 3259 760 3302 a
775 3244 899 3316 populo.
921 3241 1079 3302 Sanxerun

79 3335 121 3383 ,nr
135 3322 201 3388 o‘urs
216 3336 332 3380 suanur
345 3338 405 3383 n1s1
421 3339 451 3382 ut
465 3340 614 3384 ornonror
626 3340 731 3385 rocon.
764 3324 797 3384 Si
819 3325 869 3397 qui
883 3325 997 3384 Rornae
1019 3341 1082 3385 esst

82 3402 279 3475 demortuus?
311 3404 419 3478 Immo,
437 3404 470 3473 ¹si
492 3407 560 3481 quis
581 3406 701 3471 ibidem.
731 3406 797 3467 Non
813 3405 892 3467 enim
906 3414 936 3470 te
952 3406 1082 3469 instruor
