<?xml version="1.0" encoding="UTF-8"?>
<!DOCTYPE html PUBLIC "-//W3C//DTD XHTML 1.0 Transitional//EN"
    "http://www.w3.org/TR/xhtml1/DTD/xhtml1-transitional.dtd">
<html xmlns="http://www.w3.org/1999/xhtml" xml:lang="en" lang="en">
 <head>
  <title>
</title>
<meta http-equiv="Content-Type" content="text/html;charset=utf-8" />
  <meta name='ocr-system' content='tesseract 3.04.00' />
  <meta name='ocr-capabilities' content='ocr_page ocr_carea ocr_par ocr_line ocrx_word'/>
</head>
<body>
  <div class='ocr_page' id='page_1' title='image "./mtulliiciceroni08cicegoog_0430.png"; bbox 0 0 2356 3854; ppageno 0'>
   <div class='ocr_carea' id='block_1_1' title="bbox 267 139 1059 298">
    <p class='ocr_par' dir='ltr' id='par_1_1' title="bbox 267 139 1059 298">
     <span class='ocr_line' id='line_1_1' title="bbox 267 139 1059 298; baseline 0.024 -63"><span class='ocrx_word' id='word_1_1' title='bbox 267 139 747 256; x_wconf 64' lang='lat' dir='ltr'><strong>.&#39;&#39;cn1&gt;.a-s.s.e-rs.&#39;</strong></span> <span class='ocrx_word' id='word_1_2' title='bbox 892 240 895 245; x_wconf 65' lang='grc'>,</span> <span class='ocrx_word' id='word_1_3' title='bbox 983 189 1059 298; x_wconf 27' lang='lat' dir='ltr'><strong>&#39;aba</strong></span> 
     </span>
    </p>
   </div>
   <div class='ocr_carea' id='block_1_2' title="bbox 58 334 1146 1321">
    <p class='ocr_par' dir='ltr' id='par_1_2' title="bbox 58 334 1146 1321">
     <span class='ocr_line' id='line_1_2' title="bbox 58 334 1058 414; baseline 0.004 -16"><span class='ocrx_word' id='word_1_4' title='bbox 58 334 1058 414; x_wconf 77' lang='lat' dir='ltr'><strong>mniaornamentaoongessissenttumtuipseplurimaetmaxima.</strong></span> 
     </span>
     <span class='ocr_line' id='line_1_3' title="bbox 58 421 1057 496; baseline 0.002 -14"><span class='ocrx_word' id='word_1_5' title='bbox 58 438 139 496; x_wconf 87' lang='lat' dir='ltr'><strong>eque</strong></span> <span class='ocrx_word' id='word_1_6' title='bbox 155 422 242 493; x_wconf 92' lang='lat' dir='ltr'><strong>enim,</strong></span> <span class='ocrx_word' id='word_1_7' title='bbox 258 421 284 480; x_wconf 92' lang='lat' dir='ltr'><strong>si</strong></span> <span class='ocrx_word' id='word_1_8' title='bbox 302 429 371 480; x_wconf 89' lang='lat' dir='ltr'><strong>tuae</strong></span> <span class='ocrx_word' id='word_1_9' title='bbox 385 437 436 480; x_wconf 91' lang='lat' dir='ltr'><strong>res</strong></span> <span class='ocrx_word' id='word_1_10' title='bbox 450 429 555 495; x_wconf 79' lang='lat' dir='ltr'><strong>gestae</strong></span> <span class='ocrx_word' id='word_1_11' title='bbox 569 429 756 483; x_wconf 89' lang='lat' dir='ltr'><strong>caeterorum</strong></span> <span class='ocrx_word' id='word_1_12' title='bbox 770 422 909 484; x_wconf 81' lang='lat' dir='ltr'>laudibus</span> <span class='ocrx_word' id='word_1_13' title='bbox 922 424 1057 488; x_wconf 87' lang='lat' dir='ltr'><strong>obscuri·</strong></span> 
     </span>
     <span class='ocr_line' id='line_1_4' title="bbox 58 503 1057 577; baseline 0.004 -14"><span class='ocrx_word' id='word_1_14' title='bbox 58 513 122 564; x_wconf 70' lang='lat' dir='ltr'><strong>rtem</strong></span> <span class='ocrx_word' id='word_1_15' title='bbox 146 507 321 576; x_wconf 88' lang='lat' dir='ltr'><strong>attulerunt,</strong></span> <span class='ocrx_word' id='word_1_16' title='bbox 343 503 456 563; x_wconf 88' lang='lat' dir='ltr'><strong>idcirco</strong></span> <span class='ocrx_word' id='word_1_17' title='bbox 476 505 527 562; x_wconf 88' lang='lat' dir='ltr'><strong>Cn.</strong></span> <span class='ocrx_word' id='word_1_18' title='bbox 544 503 678 577; x_wconf 88' lang='lat' dir='ltr'><strong>Pompeii</strong></span> <span class='ocrx_word' id='word_1_19' title='bbox 698 504 870 567; x_wconf 84' lang='lat' dir='ltr'><strong>memoriam</strong></span> <span class='ocrx_word' id='word_1_20' title='bbox 893 505 1057 567; x_wconf 75' lang='lat' dir='ltr'><strong>amisimus,</strong></span> 
     </span>
     <span class='ocr_line' id='line_1_5' title="bbox 60 585 1056 661; baseline 0.004 -16"><span class='ocrx_word' id='word_1_21' title='bbox 60 596 184 646; x_wconf 87' lang='lat' dir='ltr'><strong>uantum</strong></span> <span class='ocrx_word' id='word_1_22' title='bbox 208 602 318 647; x_wconf 89' lang='lat' dir='ltr'><strong>nomen</strong></span> <span class='ocrx_word' id='word_1_23' title='bbox 332 585 413 645; x_wconf 91' lang='lat' dir='ltr'><strong>illius</strong></span> <span class='ocrx_word' id='word_1_24' title='bbox 429 586 531 657; x_wconf 87' lang='lat' dir='ltr'><strong>luerit,</strong></span> <span class='ocrx_word' id='word_1_25' title='bbox 552 593 683 659; x_wconf 89' lang='lat' dir='ltr'><strong>quantae</strong></span> <span class='ocrx_word' id='word_1_26' title='bbox 698 601 789 659; x_wconf 90' lang='lat' dir='ltr'><strong>opes,</strong></span> <span class='ocrx_word' id='word_1_27' title='bbox 805 596 916 661; x_wconf 88' lang='lat' dir='ltr'><strong>quanta</strong></span> <span class='ocrx_word' id='word_1_28' title='bbox 931 589 961 650; x_wconf 90' lang='lat' dir='ltr'><strong>in</strong></span> <span class='ocrx_word' id='word_1_29' title='bbox 976 589 1056 649; x_wconf 92' lang='lat' dir='ltr'><strong>omni</strong></span> 
     </span>
     <span class='ocr_line' id='line_1_6' title="bbox 58 667 1057 746; baseline 0.005 -18"><span class='ocrx_word' id='word_1_30' title='bbox 58 685 143 728; x_wconf 79' lang='lat' dir='ltr'><strong>erere</strong></span> <span class='ocrx_word' id='word_1_31' title='bbox 156 671 300 728; x_wconf 87' lang='lat' dir='ltr'><strong>bellorum</strong></span> <span class='ocrx_word' id='word_1_32' title='bbox 311 668 415 742; x_wconf 83' lang='lat' dir='ltr'><strong>gloria,</strong></span> <span class='ocrx_word' id='word_1_33' title='bbox 429 668 531 742; x_wconf 89' lang='lat' dir='ltr'><strong>quami</strong></span> <span class='ocrx_word' id='word_1_34' title='bbox 543 667 675 728; x_wconf 87' lang='lat' dir='ltr'><strong>honores</strong></span> <span class='ocrx_word' id='word_1_35' title='bbox 686 669 792 742; x_wconf 93' lang='lat' dir='ltr'><strong>populi</strong></span> <span class='ocrx_word' id='word_1_36' title='bbox 803 670 940 742; x_wconf 83' lang='lat' dir='ltr'><strong>Romani,</strong></span> <span class='ocrx_word' id='word_1_37' title='bbox 953 671 1057 746; x_wconf 91' lang='lat' dir='ltr'><strong>quahti</strong></span> 
     </span>
     <span class='ocr_line' id='line_1_7' title="bbox 58 750 1056 825; baseline 0.004 -16"><span class='ocrx_word' id='word_1_38' title='bbox 58 760 172 823; x_wconf 58' lang='lat' dir='ltr'><strong>enatus</strong></span> <span class='ocrx_word' id='word_1_39' title='bbox 191 751 294 825; x_wconf 80' lang='lat' dir='ltr'><strong>quami</strong></span> <span class='ocrx_word' id='word_1_40' title='bbox 308 751 351 811; x_wconf 90' lang='lat' dir='ltr'><strong>tui</strong></span> <span class='ocrx_word' id='word_1_41' title='bbox 368 750 436 824; x_wconf 92' lang='lat' dir='ltr'><strong>quis</strong></span> <span class='ocrx_word' id='word_1_42' title='bbox 454 750 592 823; x_wconf 77' lang='lat' dir='ltr'><strong>ignorata</strong></span> <span class='ocrx_word' id='word_1_43' title='bbox 609 751 703 810; x_wconf 91' lang='lat' dir='ltr'><strong>Tanto</strong></span> <span class='ocrx_word' id='word_1_44' title='bbox 723 751 773 811; x_wconf 90' lang='lat' dir='ltr'><strong>ille</strong></span> <span class='ocrx_word' id='word_1_45' title='bbox 788 751 961 824; x_wconf 82' lang='lat' dir='ltr'><strong>superiores</strong></span> <span class='ocrx_word' id='word_1_46' title='bbox 976 755 1056 813; x_wconf 86' lang='lat' dir='ltr'><strong>vice·</strong></span> 
     </span>
     <span class='ocr_line' id='line_1_8' title="bbox 58 828 1146 974; baseline 0.005 -83"><span class='ocrx_word' id='word_1_47' title='bbox 58 842 78 893; x_wconf 81' lang='lat' dir='ltr'><strong>rt</strong></span> <span class='ocrx_word' id='word_1_48' title='bbox 94 834 204 974; x_wconf 48' lang='grc' dir='ltr'><strong>ἳονῑει,</strong></span> <span class='ocrx_word' id='word_1_49' title='bbox 228 842 339 907; x_wconf 90' lang='lat' dir='ltr'><strong>quanto</strong></span> <span class='ocrx_word' id='word_1_50' title='bbox 358 840 389 892; x_wconf 92' lang='lat' dir='ltr'><strong>tu</strong></span> <span class='ocrx_word' id='word_1_51' title='bbox 407 828 744 908; x_wconf 72' lang='lat' dir='ltr'><strong>omnibus&#39;praestiusti.</strong></span> <span class='ocrx_word' id='word_1_52' title='bbox 788 834 892 908; x_wconf 91' lang='lat' dir='ltr'><strong>ltaque</strong></span> <span class='ocrx_word' id='word_1_53' title='bbox 904 835 956 894; x_wconf 82' lang='lat' dir='ltr'><strong>Cn.</strong></span> <span class='ocrx_word' id='word_1_54' title='bbox 970 835 1056 896; x_wconf 88' lang='lat' dir='ltr'><strong>Pom·</strong></span> <span class='ocrx_word' id='word_1_55' title='bbox 1144 880 1146 885; x_wconf 34' lang='lat' dir='ltr'>s</span> 
     </span>
     <span class='ocr_line' id='line_1_9' title="bbox 58 914 1056 988; baseline 0.005 -15"><span class='ocrx_word' id='word_1_56' title='bbox 58 915 92 974; x_wconf 88' lang='lat' dir='ltr'><strong>eii</strong></span> <span class='ocrx_word' id='word_1_57' title='bbox 129 918 200 986; x_wconf 89' lang='lat' dir='ltr'><strong>ella,</strong></span> <span class='ocrx_word' id='word_1_58' title='bbox 224 915 383 985; x_wconf 89' lang='lat' dir='ltr'><strong>victorias,</strong></span> <span class='ocrx_word' id='word_1_59' title='bbox 404 914 588 988; x_wconf 89' lang='lat' dir='ltr'><strong>triumphos,</strong></span> <span class='ocrx_word' id='word_1_60' title='bbox 612 917 790 975; x_wconf 88' lang='lat' dir='ltr'><strong>consulatus</strong></span> <span class='ocrx_word' id='word_1_61' title='bbox 804 916 987 978; x_wconf 73' lang='lat' dir='ltr'><strong>admirantes</strong></span> <span class='ocrx_word' id='word_1_62' title='bbox 1001 934 1056 978; x_wconf 90' lang='lat' dir='ltr'><strong>nu·</strong></span> 
     </span>
     <span class='ocr_line' id='line_1_10' title="bbox 58 998 1055 1072; baseline 0.004 -18"><span class='ocrx_word' id='word_1_63' title='bbox 58 1000 238 1057; x_wconf 75' lang='lat' dir='ltr'><strong>orabamus:</strong></span> <span class='ocrx_word' id='word_1_64' title='bbox 250 1008 319 1057; x_wconf 92' lang='lat' dir='ltr'><strong>tuos</strong></span> <span class='ocrx_word' id='word_1_65' title='bbox 335 1013 511 1056; x_wconf 88' lang='lat' dir='ltr'><strong>enumerare</strong></span> <span class='ocrx_word' id='word_1_66' title='bbox 526 1014 587 1058; x_wconf 90' lang='lat' dir='ltr'><strong>non</strong></span> <span class='ocrx_word' id='word_1_67' title='bbox 604 1010 779 1072; x_wconf 88' lang='lat' dir='ltr'><strong>possumus.</strong></span> <span class='ocrx_word' id='word_1_68' title='bbox 802 998 843 1057; x_wconf 54' lang='lat' dir='ltr'><strong>¹V.</strong></span> <span class='ocrx_word' id='word_1_69' title='bbox 860 998 908 1058; x_wconf 83' lang='lat'><strong>13.</strong></span> <span class='ocrx_word' id='word_1_70' title='bbox 923 1000 973 1058; x_wconf 81' lang='lat' dir='ltr'><strong>Ad</strong></span> <span class='ocrx_word' id='word_1_71' title='bbox 988 1014 1055 1059; x_wconf 92' lang='lat' dir='ltr'><strong>eum</strong></span> 
     </span>
     <span class='ocr_line' id='line_1_11' title="bbox 58 1079 1056 1160; baseline 0.003 -24"><span class='ocrx_word' id='word_1_72' title='bbox 58 1080 121 1145; x_wconf 73' lang='lat' dir='ltr'><strong>:itur</strong></span> <span class='ocrx_word' id='word_1_73' title='bbox 139 1097 192 1138; x_wconf 89' lang='lat' dir='ltr'><strong>rex</strong></span> <span class='ocrx_word' id='word_1_74' title='bbox 208 1079 369 1139; x_wconf 76' lang='lat' dir='ltr'><strong>Deiotarus</strong></span> <span class='ocrx_word' id='word_1_75' title='bbox 398 1079 480 1139; x_wconf 89' lang='lat' dir='ltr'><strong>venit</strong></span> <span class='ocrx_word' id='word_1_76' title='bbox 499 1080 558 1160; x_wconf 75' lang='lat' dir='ltr'><strong>hoc</strong></span> <span class='ocrx_word' id='word_1_77' title='bbox 575 1081 685 1140; x_wconf 91' lang='lat' dir='ltr'><strong>misero</strong></span> <span class='ocrx_word' id='word_1_78' title='bbox 701 1079 844 1156; x_wconf 82' lang='lat' dir='ltr'><strong>fatalique</strong></span> <span class='ocrx_word' id='word_1_79' title='bbox 860 1082 949 1153; x_wconf 85' lang='lat' dir='ltr'><strong>bello,</strong></span> <span class='ocrx_word' id='word_1_80' title='bbox 967 1096 1056 1156; x_wconf 89' lang='lat' dir='ltr'><strong>quem</strong></span> 
     </span>
     <span class='ocr_line' id='line_1_12' title="bbox 58 1160 1055 1242; baseline 0.003 -23"><span class='ocrx_word' id='word_1_81' title='bbox 58 1170 121 1220; x_wconf 81' lang='lat' dir='ltr'><strong>nea</strong></span> <span class='ocrx_word' id='word_1_82' title='bbox 136 1161 223 1221; x_wconf 90' lang='lat' dir='ltr'><strong>iustis</strong></span> <span class='ocrx_word' id='word_1_83' title='bbox 241 1160 462 1235; x_wconf 84' lang='lat' dir='ltr'><strong>hostilibusque</strong></span> <span class='ocrx_word' id='word_1_84' title='bbox 477 1162 563 1221; x_wconf 93' lang='lat' dir='ltr'><strong>bellis</strong></span> <span class='ocrx_word' id='word_1_85' title='bbox 579 1163 749 1242; x_wconf 84' lang='lat' dir='ltr'><strong>adiuvaret,</strong></span> <span class='ocrx_word' id='word_1_86' title='bbox 769 1179 899 1238; x_wconf 90' lang='lat' dir='ltr'><strong>quocum</strong></span> <span class='ocrx_word' id='word_1_87' title='bbox 917 1173 981 1224; x_wconf 83' lang='lat' dir='ltr'><strong>erat</strong></span> <span class='ocrx_word' id='word_1_88' title='bbox 995 1179 1055 1223; x_wconf 90' lang='lat' dir='ltr'><strong>non</strong></span> 
     </span>
     <span class='ocr_line' id='line_1_13' title="bbox 58 1245 1056 1321; baseline 0.005 -19"><span class='ocrx_word' id='word_1_89' title='bbox 58 1245 165 1317; x_wconf 73' lang='lat' dir='ltr'><strong>ospitio</strong></span> <span class='ocrx_word' id='word_1_90' title='bbox 182 1245 295 1316; x_wconf 92' lang='lat' dir='ltr'><strong>solum,</strong></span> <span class='ocrx_word' id='word_1_91' title='bbox 318 1260 421 1310; x_wconf 91' lang='lat' dir='ltr'><strong>verum</strong></span> <span class='ocrx_word' id='word_1_92' title='bbox 436 1245 522 1303; x_wconf 91' lang='lat' dir='ltr'><strong>etiam</strong></span> <span class='ocrx_word' id='word_1_93' title='bbox 537 1245 735 1306; x_wconf 80' lang='lat' dir='ltr'><strong>familiaritate</strong></span> <span class='ocrx_word' id='word_1_94' title='bbox 752 1246 945 1321; x_wconf 85' lang='lat' dir='ltr'><strong>coniunctus,</strong></span> <span class='ocrx_word' id='word_1_95' title='bbox 960 1254 990 1307; x_wconf 90' lang='lat' dir='ltr'><strong>et</strong></span> <span class='ocrx_word' id='word_1_96' title='bbox 1004 1261 1056 1307; x_wconf 86' lang='lat' dir='ltr'><strong>ve·</strong></span> 
     </span>
    </p>
   </div>
   <div class='ocr_carea' id='block_1_3' title="bbox 58 1326 1139 1402">
    <p class='ocr_par' dir='ltr' id='par_1_3' title="bbox 58 1326 1139 1402">
     <span class='ocr_line' id='line_1_14' title="bbox 58 1326 1139 1402; baseline 0.006 -19"><span class='ocrx_word' id='word_1_97' title='bbox 58 1327 75 1384; x_wconf 89' lang='lat' dir='ltr'><strong>lt</strong></span> <span class='ocrx_word' id='word_1_98' title='bbox 92 1329 139 1383; x_wconf 85' lang='lat' dir='ltr'><strong>vel</strong></span> <span class='ocrx_word' id='word_1_99' title='bbox 159 1334 283 1399; x_wconf 82' lang='lat' dir='ltr'><strong>rogatus</strong></span> <span class='ocrx_word' id='word_1_100' title='bbox 299 1334 332 1386; x_wconf 90' lang='lat' dir='ltr'><strong>ut</strong></span> <span class='ocrx_word' id='word_1_101' title='bbox 347 1326 476 1399; x_wconf 91' lang='lat' dir='ltr'><strong>amicus,</strong></span> <span class='ocrx_word' id='word_1_102' title='bbox 492 1327 539 1385; x_wconf 91' lang='lat' dir='ltr'><strong>vel</strong></span> <span class='ocrx_word' id='word_1_103' title='bbox 556 1328 721 1390; x_wconf 87' lang='lat' dir='ltr'><strong>arcessitus</strong></span> <span class='ocrx_word' id='word_1_104' title='bbox 737 1337 770 1388; x_wconf 89' lang='lat' dir='ltr'><strong>ut</strong></span> <span class='ocrx_word' id='word_1_105' title='bbox 783 1328 905 1402; x_wconf 80' lang='lat' dir='ltr'><strong>socius,</strong></span> <span class='ocrx_word' id='word_1_106' title='bbox 918 1331 966 1390; x_wconf 83' lang='lat' dir='ltr'><strong>vel</strong></span> <span class='ocrx_word' id='word_1_107' title='bbox 983 1344 1055 1389; x_wconf 91' lang='lat' dir='ltr'><strong>evo·</strong></span> <span class='ocrx_word' id='word_1_108' title='bbox 1136 1350 1139 1361; x_wconf 89' lang='grc'><em>·</em></span> 
     </span>
    </p>
   </div>
   <div class='ocr_carea' id='block_1_4' title="bbox 58 1406 1128 3379">
    <p class='ocr_par' dir='ltr' id='par_1_4' title="bbox 58 1406 1128 3379">
     <span class='ocr_line' id='line_1_15' title="bbox 58 1406 1055 1487; baseline 0.006 -22"><span class='ocrx_word' id='word_1_109' title='bbox 58 1418 120 1468; x_wconf 82' lang='lat' dir='ltr'><strong>rtus</strong></span> <span class='ocrx_word' id='word_1_110' title='bbox 136 1416 168 1468; x_wconf 89' lang='lat' dir='ltr'><strong>ut</strong></span> <span class='ocrx_word' id='word_1_111' title='bbox 180 1409 219 1481; x_wconf 91' lang='grc'><strong>13,</strong></span> <span class='ocrx_word' id='word_1_112' title='bbox 244 1410 294 1482; x_wconf 91' lang='lat' dir='ltr'><strong>qui</strong></span> <span class='ocrx_word' id='word_1_113' title='bbox 310 1408 428 1468; x_wconf 89' lang='lat' dir='ltr'><strong>senatui</strong></span> <span class='ocrx_word' id='word_1_114' title='bbox 441 1425 548 1483; x_wconf 89' lang='lat' dir='ltr'><strong>parere</strong></span> <span class='ocrx_word' id='word_1_115' title='bbox 563 1406 734 1472; x_wconf 73' lang='lat' dir='ltr'><strong>didicisset:</strong></span> <span class='ocrx_word' id='word_1_116' title='bbox 752 1420 905 1486; x_wconf 90' lang='lat' dir='ltr'><strong>postremo</strong></span> <span class='ocrx_word' id='word_1_117' title='bbox 919 1413 1001 1487; x_wconf 85' lang='lat' dir='ltr'><strong>venit</strong></span> <span class='ocrx_word' id='word_1_118' title='bbox 1015 1413 1055 1471; x_wconf 90' lang='lat' dir='ltr'><strong>ad</strong></span> 
     </span>
     <span class='ocr_line' id='line_1_16' title="bbox 58 1488 1053 1568; baseline 0.004 -20"><span class='ocrx_word' id='word_1_119' title='bbox 58 1491 210 1564; x_wconf 81' lang='lat' dir='ltr'><strong>rgientem,</strong></span> <span class='ocrx_word' id='word_1_120' title='bbox 231 1507 290 1549; x_wconf 91' lang='lat' dir='ltr'><strong>non</strong></span> <span class='ocrx_word' id='word_1_121' title='bbox 305 1492 344 1549; x_wconf 89' lang='lat' dir='ltr'><strong>ad</strong></span> <span class='ocrx_word' id='word_1_122' title='bbox 359 1491 582 1567; x_wconf 84' lang='lat' dir='ltr'><strong>insequentem,</strong></span> <span class='ocrx_word' id='word_1_123' title='bbox 604 1493 634 1552; x_wconf 93' lang='lat' dir='ltr'><strong>id</strong></span> <span class='ocrx_word' id='word_1_124' title='bbox 657 1488 704 1554; x_wconf 82' lang='lat' dir='ltr'><strong>est</strong></span> <span class='ocrx_word' id='word_1_125' title='bbox 718 1496 756 1553; x_wconf 89' lang='lat' dir='ltr'><strong>ad</strong></span> <span class='ocrx_word' id='word_1_126' title='bbox 769 1493 907 1568; x_wconf 90' lang='lat' dir='ltr'><strong>periculi,</strong></span> <span class='ocrx_word' id='word_1_127' title='bbox 932 1511 992 1555; x_wconf 89' lang='lat' dir='ltr'><strong>non</strong></span> <span class='ocrx_word' id='word_1_128' title='bbox 1014 1495 1053 1553; x_wconf 93' lang='lat' dir='ltr'><strong>ad</strong></span> 
     </span>
     <span class='ocr_line' id='line_1_17' title="bbox 58 1573 1054 1650; baseline 0.003 -19"><span class='ocrx_word' id='word_1_129' title='bbox 58 1573 176 1632; x_wconf 84' lang='lat' dir='ltr'><strong>latoriae</strong></span> <span class='ocrx_word' id='word_1_130' title='bbox 192 1573 376 1633; x_wconf 84' lang='lat' dir='ltr'><strong>sacietatem.</strong></span> <span class='ocrx_word' id='word_1_131' title='bbox 405 1576 510 1649; x_wconf 90' lang='lat' dir='ltr'><strong>ltaque</strong></span> <span class='ocrx_word' id='word_1_132' title='bbox 524 1575 696 1636; x_wconf 89' lang='lat' dir='ltr'><strong>Pharsalico</strong></span> <span class='ocrx_word' id='word_1_133' title='bbox 714 1577 829 1650; x_wconf 87' lang='lat' dir='ltr'><strong>proelio</strong></span> <span class='ocrx_word' id='word_1_134' title='bbox 845 1579 924 1636; x_wconf 86' lang='lat' dir='ltr'><strong>lacto</strong></span> <span class='ocrx_word' id='word_1_135' title='bbox 940 1576 1054 1637; x_wconf 88' lang='lat' dir='ltr'><strong>aPom·</strong></span> 
     </span>
     <span class='ocr_line' id='line_1_18' title="bbox 58 1654 1056 1731; baseline 0.004 -19"><span class='ocrx_word' id='word_1_136' title='bbox 58 1655 99 1714; x_wconf 83' lang='lat' dir='ltr'><strong>eio</strong></span> <span class='ocrx_word' id='word_1_137' title='bbox 124 1654 279 1715; x_wconf 61' lang='lat' dir='ltr'><strong>discessio</strong></span> <span class='ocrx_word' id='word_1_138' title='bbox 301 1672 387 1729; x_wconf 90' lang='lat' dir='ltr'><strong>spem</strong></span> <span class='ocrx_word' id='word_1_139' title='bbox 405 1656 551 1716; x_wconf 88' lang='lat' dir='ltr'><strong>infinitam</strong></span> <span class='ocrx_word' id='word_1_140' title='bbox 572 1656 845 1731; x_wconf 79' lang='lat' dir='ltr'><strong>persequinoluit:</strong></span> <span class='ocrx_word' id='word_1_141' title='bbox 870 1661 918 1718; x_wconf 89' lang='lat' dir='ltr'><strong>vel</strong></span> <span class='ocrx_word' id='word_1_142' title='bbox 941 1657 1056 1731; x_wconf 83' lang='lat' dir='ltr'><strong>officio,</strong></span> 
     </span>
     <span class='ocr_line' id='line_1_19' title="bbox 72 1737 1054 1812; baseline 0.003 -17"><span class='ocrx_word' id='word_1_143' title='bbox 72 1737 146 1811; x_wconf 92' lang='lat' dir='ltr'><strong>quid</strong></span> <span class='ocrx_word' id='word_1_144' title='bbox 162 1737 321 1809; x_wconf 88' lang='lat' dir='ltr'><strong>debuerat,</strong></span> <span class='ocrx_word' id='word_1_145' title='bbox 341 1738 388 1797; x_wconf 84' lang='lat' dir='ltr'><strong>vel</strong></span> <span class='ocrx_word' id='word_1_146' title='bbox 403 1739 512 1810; x_wconf 88' lang='lat' dir='ltr'><strong>errori,</strong></span> <span class='ocrx_word' id='word_1_147' title='bbox 530 1738 645 1812; x_wconf 91' lang='lat' dir='ltr'><strong>siquid</strong></span> <span class='ocrx_word' id='word_1_148' title='bbox 662 1738 826 1810; x_wconf 79' lang='lat' dir='ltr'><strong>nescierat,</strong></span> <span class='ocrx_word' id='word_1_149' title='bbox 849 1739 924 1799; x_wconf 90' lang='lat' dir='ltr'><strong>satis</strong></span> <span class='ocrx_word' id='word_1_150' title='bbox 944 1741 1054 1798; x_wconf 87' lang='lat' dir='ltr'><strong>iactum</strong></span> 
     </span>
     <span class='ocr_line' id='line_1_20' title="bbox 58 1816 1055 1892; baseline 0.005 -18"><span class='ocrx_word' id='word_1_151' title='bbox 58 1837 100 1879; x_wconf 81' lang='lat' dir='ltr'><strong>:se</strong></span> <span class='ocrx_word' id='word_1_152' title='bbox 117 1819 216 1879; x_wconf 82' lang='lat' dir='ltr'><strong>duxit:</strong></span> <span class='ocrx_word' id='word_1_153' title='bbox 240 1821 361 1879; x_wconf 92' lang='lat' dir='ltr'><strong>domum</strong></span> <span class='ocrx_word' id='word_1_154' title='bbox 381 1835 415 1877; x_wconf 92' lang='lat' dir='ltr'><strong>se</strong></span> <span class='ocrx_word' id='word_1_155' title='bbox 431 1819 569 1892; x_wconf 87' lang='lat' dir='ltr'><strong>contulit,</strong></span> <span class='ocrx_word' id='word_1_156' title='bbox 584 1829 675 1880; x_wconf 91' lang='lat' dir='ltr'><strong>teoue</strong></span> <span class='ocrx_word' id='word_1_157' title='bbox 690 1820 926 1879; x_wconf 85' lang='lat' dir='ltr'><strong>Alexandrinum</strong></span> <span class='ocrx_word' id='word_1_158' title='bbox 943 1816 1055 1880; x_wconf 78' lang='lat' dir='ltr'><strong>bellum</strong></span> 
     </span>
     <span class='ocr_line' id='line_1_21' title="bbox 58 1864 1054 1976; baseline 0.002 -15.016"><span class='ocrx_word' id='word_1_159' title='bbox 58 1913 155 1962; x_wconf 79' lang='lat' dir='ltr'><strong>trente</strong></span> <span class='ocrx_word' id='word_1_160' title='bbox 174 1903 350 1962; x_wconf 83' lang='lat' dir='ltr'><strong>utilitatibus</strong></span> <span class='ocrx_word' id='word_1_161' title='bbox 369 1902 433 1961; x_wconf 92' lang='lat' dir='ltr'><strong>tuis</strong></span> <span class='ocrx_word' id='word_1_162' title='bbox 449 1864 1054 1976; x_wconf 70' lang='grc' dir='ltr'><strong>3311111.14.11133κ31311111103.1)ο-</strong></span> 
     </span>
     <span class='ocr_line' id='line_1_22' title="bbox 58 1983 1054 2059; baseline 0.002 -15"><span class='ocrx_word' id='word_1_163' title='bbox 58 1986 118 2056; x_wconf 89' lang='lat' dir='ltr'><strong>itii,</strong></span> <span class='ocrx_word' id='word_1_164' title='bbox 139 1984 316 2058; x_wconf 86' lang='lat' dir='ltr'><strong>amplissimi</strong></span> <span class='ocrx_word' id='word_1_165' title='bbox 330 1983 403 2057; x_wconf 93' lang='lat' dir='ltr'><strong>viri,</strong></span> <span class='ocrx_word' id='word_1_166' title='bbox 424 1987 489 2049; x_wconf 88' lang='lat' dir='ltr'><strong>suis</strong></span> <span class='ocrx_word' id='word_1_167' title='bbox 511 1984 597 2044; x_wconf 88' lang='lat' dir='ltr'><strong>tectis</strong></span> <span class='ocrx_word' id='word_1_168' title='bbox 617 1992 647 2045; x_wconf 92' lang='lat' dir='ltr'><strong>et</strong></span> <span class='ocrx_word' id='word_1_169' title='bbox 667 1984 765 2059; x_wconf 93' lang='lat' dir='ltr'><strong>copiis</strong></span> <span class='ocrx_word' id='word_1_170' title='bbox 787 1985 980 2046; x_wconf 87' lang='lat' dir='ltr'><strong>sustentavit=</strong></span> <span class='ocrx_word' id='word_1_171' title='bbox 1002 1985 1054 2046; x_wconf 90' lang='lat' dir='ltr'><strong>ille</strong></span> 
     </span>
     <span class='ocr_line' id='line_1_23' title="bbox 58 2066 1120 2164; baseline 0.003 -38"><span class='ocrx_word' id='word_1_172' title='bbox 58 2069 183 2127; x_wconf 78' lang='lat' dir='ltr'><strong>&gt;hesum</strong></span> <span class='ocrx_word' id='word_1_173' title='bbox 199 2069 237 2125; x_wconf 91' lang='lat' dir='ltr'><strong>ad</strong></span> <span class='ocrx_word' id='word_1_174' title='bbox 253 2084 330 2139; x_wconf 89' lang='lat' dir='ltr'><strong>eum,</strong></span> <span class='ocrx_word' id='word_1_175' title='bbox 348 2083 452 2163; x_wconf 89' lang='lat' dir='ltr'><strong>quem</strong></span> <span class='ocrx_word' id='word_1_176' title='bbox 451 2074 485 2135; x_wconf 82' lang='lat' dir='ltr'><strong>tu</strong></span> <span class='ocrx_word' id='word_1_177' title='bbox 498 2084 537 2127; x_wconf 88' lang='lat' dir='ltr'><strong>ex</strong></span> <span class='ocrx_word' id='word_1_178' title='bbox 551 2066 609 2127; x_wconf 90' lang='lat' dir='ltr'><strong>tuis</strong></span> <span class='ocrx_word' id='word_1_179' title='bbox 625 2067 832 2128; x_wconf 88' lang='lat' dir='ltr'><strong>fidelissimum</strong></span> <span class='ocrx_word' id='word_1_180' title='bbox 849 2071 889 2164; x_wconf 79' lang='lat' dir='ltr'><strong>[et</strong></span> <span class='ocrx_word' id='word_1_181' title='bbox 903 2068 1054 2143; x_wconf 87' lang='lat' dir='ltr'><strong>probatis·</strong></span> <span class='ocrx_word' id='word_1_182' title='bbox 1119 2071 1120 2074; x_wconf 74' lang='grc'>’</span> 
     </span>
     <span class='ocr_line' id='line_1_24' title="bbox 58 2141 1052 2244; baseline 0.001 -35"><span class='ocrx_word' id='word_1_183' title='bbox 58 2167 139 2210; x_wconf 88' lang='lat' dir='ltr'><strong>num</strong></span> <span class='ocrx_word' id='word_1_184' title='bbox 161 2149 313 2227; x_wconf 88' lang='lat' dir='ltr'><strong>omnibus]</strong></span> <span class='ocrx_word' id='word_1_185' title='bbox 333 2141 486 2225; x_wconf 77' lang='lat' dir='ltr'><strong>delegis‘ti,</strong></span> <span class='ocrx_word' id='word_1_186' title='bbox 506 2149 665 2244; x_wconf 86' lang='lat' dir='ltr'><strong>pecuniam</strong></span> <span class='ocrx_word' id='word_1_187' title='bbox 685 2149 780 2211; x_wconf 92' lang='lat' dir='ltr'><strong>misit·</strong></span> <span class='ocrx_word' id='word_1_188' title='bbox 802 2151 987 2223; x_wconf 89' lang='lat' dir='ltr'><strong>illeiterum,</strong></span> <span class='ocrx_word' id='word_1_189' title='bbox 1002 2151 1052 2210; x_wconf 90' lang='lat' dir='ltr'><strong>ille</strong></span> 
     </span>
     <span class='ocr_line' id='line_1_25' title="bbox 58 2233 1054 2308; baseline -0.003 -12.966"><span class='ocrx_word' id='word_1_190' title='bbox 58 2236 117 2295; x_wconf 89' lang='grc'><strong>113</strong></span> <span class='ocrx_word' id='word_1_191' title='bbox 134 2233 325 2292; x_wconf 89' lang='lat' dir='ltr'><strong>auctionibus</strong></span> <span class='ocrx_word' id='word_1_192' title='bbox 342 2233 429 2292; x_wconf 87' lang='lat' dir='ltr'><strong>iactis</strong></span> <span class='ocrx_word' id='word_1_193' title='bbox 450 2233 609 2308; x_wconf 89' lang='lat' dir='ltr'><strong>pecuniam</strong></span> <span class='ocrx_word' id='word_1_194' title='bbox 624 2233 721 2306; x_wconf 86' lang='lat' dir='ltr'><strong>dedit,</strong></span> <span class='ocrx_word' id='word_1_195' title='bbox 737 2249 797 2308; x_wconf 87' lang='lat' dir='ltr'><strong>qua</strong></span> <span class='ocrx_word' id='word_1_196' title='bbox 810 2235 850 2292; x_wconf 87' lang='lat' dir='ltr'><strong>ad</strong></span> <span class='ocrx_word' id='word_1_197' title='bbox 863 2233 974 2294; x_wconf 90' lang='lat' dir='ltr'><strong>bellum</strong></span> <span class='ocrx_word' id='word_1_198' title='bbox 987 2239 1054 2292; x_wconf 89' lang='lat' dir='ltr'><strong>ute-</strong></span> 
     </span>
     <span class='ocr_line' id='line_1_26' title="bbox 58 2314 1128 2390; baseline -0.003 -14"><span class='ocrx_word' id='word_1_199' title='bbox 58 2333 112 2376; x_wconf 82' lang='lat' dir='ltr'><strong>re:</strong></span> <span class='ocrx_word' id='word_1_200' title='bbox 135 2316 185 2374; x_wconf 90' lang='lat' dir='ltr'><strong>ille</strong></span> <span class='ocrx_word' id='word_1_201' title='bbox 206 2331 317 2390; x_wconf 90' lang='lat' dir='ltr'><strong>corpus</strong></span> <span class='ocrx_word' id='word_1_202' title='bbox 341 2332 427 2375; x_wconf 92' lang='lat' dir='ltr'><strong>suum</strong></span> <span class='ocrx_word' id='word_1_203' title='bbox 449 2315 584 2390; x_wconf 87' lang='lat' dir='ltr'><strong>periculo</strong></span> <span class='ocrx_word' id='word_1_204' title='bbox 608 2316 733 2389; x_wconf 87' lang='lat' dir='ltr'><strong>obiecit,</strong></span> <span class='ocrx_word' id='word_1_205' title='bbox 753 2325 915 2390; x_wconf 83' lang='lat' dir='ltr'><strong>tecumque</strong></span> <span class='ocrx_word' id='word_1_206' title='bbox 934 2315 965 2375; x_wconf 91' lang='lat' dir='ltr'><strong>in</strong></span> <span class='ocrx_word' id='word_1_207' title='bbox 987 2314 1054 2374; x_wconf 90' lang='lat' dir='ltr'><strong>acie</strong></span> <span class='ocrx_word' id='word_1_208' title='bbox 1126 2330 1128 2342; x_wconf 91' lang='grc'><strong><em>·</em></strong></span> 
     </span>
     <span class='ocr_line' id='line_1_27' title="bbox 58 2397 1050 2473; baseline -0.005 -14"><span class='ocrx_word' id='word_1_209' title='bbox 58 2407 133 2459; x_wconf 88' lang='lat' dir='ltr'><strong>ntra</strong></span> <span class='ocrx_word' id='word_1_210' title='bbox 156 2397 336 2457; x_wconf 87' lang='lat' dir='ltr'><strong>Pharnacem</strong></span> <span class='ocrx_word' id='word_1_211' title='bbox 366 2397 420 2458; x_wconf 90' lang='lat' dir='ltr'><strong>luit</strong></span> <span class='ocrx_word' id='word_1_212' title='bbox 443 2407 586 2473; x_wconf 90' lang='lat' dir='ltr'><strong>tuumque</strong></span> <span class='ocrx_word' id='word_1_213' title='bbox 611 2398 729 2459; x_wconf 91' lang='lat' dir='ltr'><strong>hostem</strong></span> <span class='ocrx_word' id='word_1_214' title='bbox 758 2414 828 2460; x_wconf 89' lang='lat' dir='ltr'><strong>esse</strong></span> <span class='ocrx_word' id='word_1_215' title='bbox 850 2397 935 2461; x_wconf 89' lang='lat' dir='ltr'><strong>duxit</strong></span> <span class='ocrx_word' id='word_1_216' title='bbox 955 2413 1050 2459; x_wconf 89' lang='lat' dir='ltr'><strong>suurn.</strong></span> 
     </span>
     <span class='ocr_line' id='line_1_28' title="bbox 58 2480 1053 2578; baseline -0.003 -35"><span class='ocrx_word' id='word_1_217' title='bbox 58 2497 113 2543; x_wconf 81' lang='lat' dir='ltr'><strong>rae</strong></span> <span class='ocrx_word' id='word_1_218' title='bbox 133 2480 289 2553; x_wconf 84' lang='lat' dir='ltr'><strong>quideme</strong></span> <span class='ocrx_word' id='word_1_219' title='bbox 308 2488 336 2539; x_wconf 88' lang='grc'><strong>13</strong></span> <span class='ocrx_word' id='word_1_220' title='bbox 354 2480 465 2540; x_wconf 87' lang='lat' dir='ltr'><strong>ineam</strong></span> <span class='ocrx_word' id='word_1_221' title='bbox 491 2491 604 2556; x_wconf 88' lang='lat' dir='ltr'><strong>partem</strong></span> <span class='ocrx_word' id='word_1_222' title='bbox 626 2490 753 2578; x_wconf 78' lang='lat' dir='ltr'><strong>accepta</strong></span> <span class='ocrx_word' id='word_1_223' title='bbox 775 2489 858 2552; x_wconf 91' lang='lat' dir='ltr'><strong>sunt,</strong></span> <span class='ocrx_word' id='word_1_224' title='bbox 883 2480 1002 2555; x_wconf 80' lang='lat' dir='ltr'><strong>Caesar,</strong></span> <span class='ocrx_word' id='word_1_225' title='bbox 1020 2492 1053 2541; x_wconf 88' lang='lat' dir='ltr'><strong>ut</strong></span> 
     </span>
     <span class='ocr_line' id='line_1_29' title="bbox 59 2562 992 2636; baseline 0.004 -16"><span class='ocrx_word' id='word_1_226' title='bbox 59 2583 95 2624; x_wconf 88' lang='lat' dir='ltr'><strong>m</strong></span> <span class='ocrx_word' id='word_1_227' title='bbox 112 2563 301 2635; x_wconf 91' lang='lat' dir='ltr'><strong>amplissimo</strong></span> <span class='ocrx_word' id='word_1_228' title='bbox 319 2562 399 2636; x_wconf 80' lang='lat' dir='ltr'><strong>regis</strong></span> <span class='ocrx_word' id='word_1_229' title='bbox 414 2563 528 2623; x_wconf 91' lang='lat' dir='ltr'><strong>honore</strong></span> <span class='ocrx_word' id='word_1_230' title='bbox 539 2572 569 2624; x_wconf 92' lang='lat' dir='ltr'><strong>et</strong></span> <span class='ocrx_word' id='word_1_231' title='bbox 583 2564 704 2623; x_wconf 88' lang='lat' dir='ltr'><strong>nomine</strong></span> <span class='ocrx_word' id='word_1_232' title='bbox 721 2563 889 2627; x_wconf 84' lang='lat' dir='ltr'><strong>adieceris.</strong></span> <span class='ocrx_word' id='word_1_233' title='bbox 989 2626 992 2633; x_wconf 81' lang='grc'><em>,</em></span> 
     </span>
     <span class='ocr_line' id='line_1_30' title="bbox 83 2644 1052 2731; baseline -0.001 -26"><span class='ocrx_word' id='word_1_234' title='bbox 83 2644 138 2705; x_wconf 88' lang='grc'><strong>15.</strong></span> <span class='ocrx_word' id='word_1_235' title='bbox 157 2645 208 2704; x_wconf 96' lang='lat' dir='ltr'><strong>ls</strong></span> <span class='ocrx_word' id='word_1_236' title='bbox 201 2645 289 2719; x_wconf 82' lang='lat' dir='ltr'><strong>igitur</strong></span> <span class='ocrx_word' id='word_1_237' title='bbox 305 2660 364 2703; x_wconf 91' lang='lat' dir='ltr'><strong>non</strong></span> <span class='ocrx_word' id='word_1_238' title='bbox 380 2645 469 2704; x_wconf 93' lang='lat' dir='ltr'><strong>modo</strong></span> <span class='ocrx_word' id='word_1_239' title='bbox 487 2654 547 2706; x_wconf 90' lang='lat' dir='ltr'><strong>ate</strong></span> <span class='ocrx_word' id='word_1_240' title='bbox 558 2647 692 2731; x_wconf 87' lang='lat' dir='ltr'><strong>periculo</strong></span> <span class='ocrx_word' id='word_1_241' title='bbox 707 2647 867 2719; x_wconf 90' lang='lat' dir='ltr'><strong>liberatus,</strong></span> <span class='ocrx_word' id='word_1_242' title='bbox 885 2647 941 2705; x_wconf 91' lang='lat' dir='ltr'><strong>sed</strong></span> <span class='ocrx_word' id='word_1_243' title='bbox 963 2645 1052 2706; x_wconf 87' lang='lat' dir='ltr'><strong>etiam</strong></span> 
     </span>
     <span class='ocr_line' id='line_1_31' title="bbox 59 2720 1054 2802; baseline -0.003 -14"><span class='ocrx_word' id='word_1_244' title='bbox 59 2744 146 2788; x_wconf 86' lang='lat' dir='ltr'><strong>nore</strong></span> <span class='ocrx_word' id='word_1_245' title='bbox 161 2720 347 2801; x_wconf 86' lang='lat' dir='ltr'><strong>amplissimo</strong></span> <span class='ocrx_word' id='word_1_246' title='bbox 362 2735 494 2799; x_wconf 88' lang='lat' dir='ltr'><strong>ornatus,</strong></span> <span class='ocrx_word' id='word_1_247' title='bbox 510 2728 642 2802; x_wconf 81' lang='lat' dir='ltr'><strong>arguitur</strong></span> <span class='ocrx_word' id='word_1_248' title='bbox 654 2738 685 2789; x_wconf 91' lang='lat' dir='ltr'><strong>te</strong></span> <span class='ocrx_word' id='word_1_249' title='bbox 702 2729 783 2790; x_wconf 89' lang='lat' dir='ltr'><strong>domi</strong></span> <span class='ocrx_word' id='word_1_250' title='bbox 795 2745 869 2789; x_wconf 90' lang='lat' dir='ltr'><strong>suae</strong></span> <span class='ocrx_word' id='word_1_251' title='bbox 883 2728 1054 2788; x_wconf 88' lang='lat' dir='ltr'><strong>interlicere</strong></span> 
     </span>
     <span class='ocr_line' id='line_1_32' title="bbox 62 2809 1052 2884; baseline -0.004 -14"><span class='ocrx_word' id='word_1_252' title='bbox 62 2811 182 2871; x_wconf 83' lang='lat' dir='ltr'><strong>luisse:</strong></span> <span class='ocrx_word' id='word_1_253' title='bbox 205 2810 288 2883; x_wconf 92' lang='lat' dir='ltr'><strong>quod</strong></span> <span class='ocrx_word' id='word_1_254' title='bbox 304 2818 347 2880; x_wconf 90' lang='lat' dir='ltr'><strong>tu,</strong></span> <span class='ocrx_word' id='word_1_255' title='bbox 369 2809 427 2868; x_wconf 90' lang='lat' dir='ltr'><strong>uisi</strong></span> <span class='ocrx_word' id='word_1_256' title='bbox 441 2825 508 2868; x_wconf 89' lang='lat' dir='ltr'><strong>eam</strong></span> <span class='ocrx_word' id='word_1_257' title='bbox 523 2810 754 2871; x_wconf 76' lang='lat' dir='ltr'><strong>furiosissimum</strong></span> <span class='ocrx_word' id='word_1_258' title='bbox 770 2812 898 2881; x_wconf 90' lang='lat' dir='ltr'><strong>iudicas,</strong></span> <span class='ocrx_word' id='word_1_259' title='bbox 916 2811 1052 2884; x_wconf 87' lang='lat' dir='ltr'><strong>prolecto</strong></span> 
     </span>
     <span class='ocr_line' id='line_1_33' title="bbox 58 2889 1052 2969; baseline -0.01 -13"><span class='ocrx_word' id='word_1_260' title='bbox 58 2892 181 2969; x_wconf 83' lang='lat' dir='ltr'><strong>spicari</strong></span> <span class='ocrx_word' id='word_1_261' title='bbox 203 2909 262 2952; x_wconf 91' lang='lat' dir='ltr'><strong>non</strong></span> <span class='ocrx_word' id='word_1_262' title='bbox 285 2902 382 2966; x_wconf 89' lang='lat' dir='ltr'><strong>potes.</strong></span> <span class='ocrx_word' id='word_1_263' title='bbox 431 2891 471 2951; x_wconf 88' lang='lat' dir='ltr'><strong>Ut</strong></span> <span class='ocrx_word' id='word_1_264' title='bbox 491 2891 569 2950; x_wconf 87' lang='lat' dir='ltr'><strong>enirn</strong></span> <span class='ocrx_word' id='word_1_265' title='bbox 590 2892 722 2952; x_wconf 88' lang='lat' dir='ltr'><strong>omittam</strong></span> <span class='ocrx_word' id='word_1_266' title='bbox 737 2908 827 2953; x_wconf 85' lang='lat' dir='ltr'><strong>curus</strong></span> <span class='ocrx_word' id='word_1_267' title='bbox 837 2892 912 2952; x_wconf 82' lang='lat' dir='ltr'><strong>tanti</strong></span> <span class='ocrx_word' id='word_1_268' title='bbox 927 2889 1052 2949; x_wconf 90' lang='lat' dir='ltr'><strong>sceleris</strong></span> 
     </span>
     <span class='ocr_line' id='line_1_34' title="bbox 58 2970 1053 3048; baseline -0.013 -8"><span class='ocrx_word' id='word_1_269' title='bbox 58 2977 117 3040; x_wconf 83' lang='lat' dir='ltr'><strong>erit</strong></span> <span class='ocrx_word' id='word_1_270' title='bbox 140 2975 168 3033; x_wconf 92' lang='lat' dir='ltr'><strong>in</strong></span> <span class='ocrx_word' id='word_1_271' title='bbox 184 2984 350 3048; x_wconf 90' lang='lat' dir='ltr'><strong>conspectu</strong></span> <span class='ocrx_word' id='word_1_272' title='bbox 365 2975 488 3033; x_wconf 91' lang='lat' dir='ltr'><strong>deorum</strong></span> <span class='ocrx_word' id='word_1_273' title='bbox 507 2974 658 3048; x_wconf 88' lang='lat' dir='ltr'><strong>penatium</strong></span> <span class='ocrx_word' id='word_1_274' title='bbox 671 2989 781 3033; x_wconf 89' lang='lat' dir='ltr'><strong>necare</strong></span> <span class='ocrx_word' id='word_1_275' title='bbox 792 2972 953 3047; x_wconf 90' lang='lat' dir='ltr'><strong>hospitem,</strong></span> <span class='ocrx_word' id='word_1_276' title='bbox 966 2970 1053 3029; x_wconf 89' lang='lat' dir='ltr'><strong>cuius</strong></span> 
     </span>
     <span class='ocr_line' id='line_1_35' title="bbox 58 3055 1052 3131; baseline -0.008 -11"><span class='ocrx_word' id='word_1_277' title='bbox 58 3071 128 3120; x_wconf 79' lang='lat' dir='ltr'><strong>ttae</strong></span> <span class='ocrx_word' id='word_1_278' title='bbox 149 3056 379 3131; x_wconf 88' lang='lat' dir='ltr'><strong>importunitatis</strong></span> <span class='ocrx_word' id='word_1_279' title='bbox 404 3055 534 3121; x_wconf 91' lang='lat' dir='ltr'><strong>omnium</strong></span> <span class='ocrx_word' id='word_1_280' title='bbox 553 3055 685 3129; x_wconf 83' lang='lat' dir='ltr'><strong>gentium</strong></span> <span class='ocrx_word' id='word_1_281' title='bbox 711 3063 802 3130; x_wconf 88' lang='lat' dir='ltr'><strong>atque</strong></span> <span class='ocrx_word' id='word_1_282' title='bbox 822 3055 920 3114; x_wconf 89' lang='lat' dir='ltr'><strong>omnis</strong></span> <span class='ocrx_word' id='word_1_283' title='bbox 941 3068 1052 3113; x_wconf 88' lang='lat' dir='ltr'><strong>memo·</strong></span> 
     </span>
     <span class='ocr_line' id='line_1_36' title="bbox 58 3133 1052 3212; baseline -0.011 -9"><span class='ocrx_word' id='word_1_284' title='bbox 58 3160 87 3203; x_wconf 74' lang='grc'><strong>,3</strong></span> <span class='ocrx_word' id='word_1_285' title='bbox 106 3139 308 3200; x_wconf 88' lang='lat' dir='ltr'><strong>clarissimum</strong></span> <span class='ocrx_word' id='word_1_286' title='bbox 329 3141 429 3199; x_wconf 93' lang='lat' dir='ltr'><strong>lumen</strong></span> <span class='ocrx_word' id='word_1_287' title='bbox 444 3137 655 3212; x_wconf 83' lang='lat' dir='ltr'><strong>exstinguere,</strong></span> <span class='ocrx_word' id='word_1_288' title='bbox 669 3139 754 3198; x_wconf 84' lang='lat' dir='ltr'><strong>cuius</strong></span> <span class='ocrx_word' id='word_1_289' title='bbox 771 3145 871 3199; x_wconf 89' lang='lat' dir='ltr'><strong>tantae</strong></span> <span class='ocrx_word' id='word_1_290' title='bbox 889 3133 1052 3208; x_wconf 79' lang='lat' dir='ltr'><strong>ferocitatis</strong></span> 
     </span>
     <span class='ocr_line' id='line_1_37' title="bbox 58 3214 1106 3299; baseline -0.011 -12"><span class='ocrx_word' id='word_1_291' title='bbox 58 3236 173 3287; x_wconf 66' lang='lat' dir='ltr'><strong>ctorem</strong></span> <span class='ocrx_word' id='word_1_292' title='bbox 197 3221 279 3282; x_wconf 86' lang='lat' dir='ltr'><strong>orbis</strong></span> <span class='ocrx_word' id='word_1_293' title='bbox 299 3231 444 3283; x_wconf 89' lang='lat' dir='ltr'><strong>terrarum</strong></span> <span class='ocrx_word' id='word_1_294' title='bbox 464 3238 524 3282; x_wconf 88' lang='lat' dir='ltr'><strong>uon</strong></span> <span class='ocrx_word' id='word_1_295' title='bbox 546 3221 756 3292; x_wconf 86' lang='lat' dir='ltr'><strong>extimescere,</strong></span> <span class='ocrx_word' id='word_1_296' title='bbox 783 3218 870 3280; x_wconf 88' lang='lat' dir='ltr'><strong>cuius</strong></span> <span class='ocrx_word' id='word_1_297' title='bbox 893 3225 953 3278; x_wconf 87' lang='lat' dir='ltr'><strong>tarn</strong></span> <span class='ocrx_word' id='word_1_298' title='bbox 966 3214 1051 3277; x_wconf 87' lang='lat' dir='ltr'><strong>inhu·</strong></span> <span class='ocrx_word' id='word_1_299' title='bbox 1103 3291 1106 3299; x_wconf 30' lang='grc' dir='ltr'>Ι</span> 
     </span>
     <span class='ocr_line' id='line_1_38' title="bbox 58 3298 1052 3379; baseline -0.011 -9"><span class='ocrx_word' id='word_1_300' title='bbox 58 3306 106 3370; x_wconf 79' lang='lat' dir='ltr'><strong>uni</strong></span> <span class='ocrx_word' id='word_1_301' title='bbox 122 3315 154 3366; x_wconf 88' lang='lat' dir='ltr'><strong>et</strong></span> <span class='ocrx_word' id='word_1_302' title='bbox 170 3304 277 3379; x_wconf 78' lang='lat' dir='ltr'><strong>ingrati</strong></span> <span class='ocrx_word' id='word_1_303' title='bbox 294 3304 399 3377; x_wconf 91' lang='lat' dir='ltr'><strong>animi,</strong></span> <span class='ocrx_word' id='word_1_304' title='bbox 420 3320 439 3363; x_wconf 91' lang='lat' dir='ltr'><strong>a</strong></span> <span class='ocrx_word' id='word_1_305' title='bbox 460 3321 519 3378; x_wconf 91' lang='lat' dir='ltr'><strong>quo</strong></span> <span class='ocrx_word' id='word_1_306' title='bbox 534 3320 589 3363; x_wconf 87' lang='lat' dir='ltr'><strong>rex</strong></span> <span class='ocrx_word' id='word_1_307' title='bbox 605 3305 775 3378; x_wconf 88' lang='lat' dir='ltr'><strong>appellatus</strong></span> <span class='ocrx_word' id='word_1_308' title='bbox 791 3309 888 3375; x_wconf 87' lang='lat' dir='ltr'><strong>esset,</strong></span> <span class='ocrx_word' id='word_1_309' title='bbox 906 3298 1052 3375; x_wconf 61' lang='grc'><strong>1113311-</strong></span> 
     </span>
    </p>
   </div>
   <div class='ocr_carea' id='block_1_5' title="bbox 0 0 1182 3854">
    <p class='ocr_par' dir='ltr' id='par_1_5' title="bbox 0 0 1182 3854">
     <span class='ocr_line' id='line_1_39' title="bbox 0 0 1182 3854; baseline 0 0"><span class='ocrx_word' id='word_1_310' title='bbox 0 0 1182 3854; x_wconf 95' lang='lat' dir='ltr'><strong> </strong></span> 
     </span>
    </p>
   </div>
  </div>
 </body>
</html>
