2384 3854
406 207 487 266 CAP.
502 215 596 268 l-l·
619 212 645 272 S·
659 215 756 268 3·-9.
1008 222 1012 239 ¹
1034 216 1094 280 147

70 359 216 418 nisenam.
232 357 262 418 6.
278 359 398 417 interim
415 357 501 416 tertia
518 358 580 414 lere
590 356 693 428 vigilia
706 366 822 430 exacta,
840 375 932 432 quum
946 361 1003 418 iam
1020 377 1095 434 pon-

70 457 119 500 em
138 440 288 499 Mulvium
304 457 413 514 magno
431 439 574 498 comitatu
590 439 678 511 legati
695 441 894 514 Allobrogum
919 443 1036 517 ingredi
1050 443 1094 502 in·

70 525 204 598 riperent
216 540 340 596 unaque
356 521 541 591 Volturcius,
557 523 590 581 lit
604 521 634 580 in
650 538 705 580 eos
720 523 867 596 impetus:
883 525 1052 585 educuntur
1066 535 1096 587 et

70 608 99 665 th
113 606 177 666 illis
193 606 288 679 gladii
303 613 333 665 et
347 622 365 663 a
380 605 502 665 nostris.
547 606 609 663 Res
631 605 823 678 praetoribus
845 616 909 667 erat
923 617 994 668 nota
1011 611 1095 683 solis,

70 690 265 762 ignorabatur
279 705 297 746 a
313 689 452 753 caeteris.
487 689 537 747 lll.
554 687 627 746 Tum
643 688 813 748 interventu
833 689 982 765 Pomptini
1004 702 1095 765 atque

70 772 165 832 Flacci
184 788 297 846 pugna,
313 787 394 846 quae
409 779 474 831 erat
488 770 661 840 commissa,
678 771 811 830 sedatur.
841 770 987 844 Litterae,
1003 791 1094 847 quae-

70 870 198 930 cumque
212 862 299 913 erant
312 854 343 913 in
360 853 561 923 commitatu,
576 853 702 927 integris
718 854 813 929 signis
832 855 1022 928 praetoribus
1039 866 1095 916 tra-

70 939 190 998 ductum
207 937 268 1012 ipsi
284 936 498 1011 comprehensi
510 937 550 996 ad
564 954 621 1008 me,
639 954 731 1011 quum
747 940 805 996 iam
819 937 1027 1009 dilucesceret,
1044 940 1095 997 de·

70 1024 227 1081 ducuntur.
256 1024 359 1095 Atque
380 1021 489 1080 horum
509 1019 642 1079 omnium
666 1021 817 1080 scelerum
837 1020 1096 1095 improbissimum

70 1104 304 1163 machinatorem
325 1103 476 1163 Cimbrum
503 1102 661 1162 Gabinium
683 1103 783 1163 statim
802 1104 842 1162 ad
865 1120 929 1176 me,
951 1104 1096 1164 nihildum

70 1187 289 1263 suspicantem,
306 1186 428 1246 vocavi:
449 1186 562 1245 deinde
582 1185 651 1245 item
667 1187 833 1247 arcessitus
848 1195 896 1247 est
909 1186 942 1245 L.
960 1186 1096 1248 Statilius

70 1278 183 1345 etpost
196 1285 266 1328 eum
281 1269 313 1328 C.
329 1269 496 1343 Cethegus:
517 1269 691 1329 tardissime
713 1277 813 1330 autem
832 1270 978 1330 Lentulus
1002 1270 1095 1341 venit,

71 1354 160 1413 credo
174 1352 260 1428 quod
280 1351 310 1411 in
333 1352 437 1412 litteris
454 1351 562 1411 dandis
583 1361 703 1426 practer
724 1353 974 1413 consuetudinem
992 1352 1096 1428 proxi-

70 1438 118 1495 ma'
129 1445 220 1497 nocte
236 1436 422 1510 vigilaverat.
453 1433 482 1492 7.
505 1434 600 1508 Quum
616 1437 741 1495 summis
756 1453 792 1496 ac
808 1436 985 1497 clarissimis
1006 1437 1096 1496 huius

73 1518 196 1579 civitatis
212 1518 303 1591 viris,
331 1518 384 1593 qui
397 1519 499 1587 audita
519 1535 552 1578 re
568 1520 744 1593 trequentes
758 1520 798 1578 ad
813 1536 861 1578 me
875 1536 964 1579 mane
981 1535 1094 1579 conve-

73 1609 182 1675 nerant,
200 1601 317 1662 litteras
333 1617 353 1660 a
369 1618 416 1660 me
432 1602 523 1676 prius
533 1601 644 1675 aperiri
667 1619 758 1675 quam
772 1603 812 1660 ad
831 1611 968 1662 senatum
985 1604 1095 1661 deferri

75 1686 209 1759 placeret,
228 1700 281 1757 ne,
297 1683 325 1743 si
339 1683 412 1743 nihil
426 1693 510 1744 esset
525 1683 695 1756 inventum,
711 1693 823 1744 temere
837 1702 856 1744 a
870 1701 918 1743 me
934 1693 1035 1744 tantus
1050 1693 1094 1743 tu-

73 1770 177 1829 multus
192 1765 322 1827 iniectus
339 1766 453 1829 civitati
470 1767 636 1837 videretur,
662 1766 773 1841 negavi
793 1783 841 1826 me
862 1783 934 1826 esse
947 1768 1095 1826 iacturum

75 1852 161 1911 atde
181 1850 317 1925 periculo
338 1850 462 1924 publico
483 1866 545 1908 non
567 1850 605 1907 ad
621 1849 781 1909 consilium
799 1849 952 1923 publicum
972 1864 1036 1908 rem
1051 1849 1096 1907 in-

76 1942 182 2017 tegram
197 1935 358 1993 delerrem.
380 1932 507 2004 Etenim,
526 1931 670 2006 Quirites,
686 1932 713 1991 si
730 1948 781 2004 ea,
798 1948 877 2007 quae
894 1941 979 1992 erant
992 1932 1031 1990 ad
1047 1948 1095 1991 me

78 2016 176 2091 telam,
189 2024 312 2090 reperta
327 2032 388 2076 non
406 2026 520 2088 essent,
536 2025 634 2076 tamen
650 2031 707 2091 ego
725 2031 784 2074 non
803 2015 970 2075 arbitrabar
985 2015 1014 2073 in
1030 2024 1093 2074 tan-

78 2101 109 2159 lla
119 2100 163 2161 rei
176 2099 318 2175 publicae
332 2098 477 2174 periculis
498 2096 570 2159 esse
589 2099 661 2158 mihi
681 2098 802 2159 nimiam
822 2098 1004 2174 diligentiam
1028 2114 1094 2172 per-

79 2182 294 2244 timescendam.
330 2182 476 2242 Senatum
501 2185 690 2257 frequentem
722 2181 874 2252 celeriter,
905 2192 937 2241 ut
966 2180 1093 2252 vidistis,

79 2267 164 2342 coam.
185 2266 215 2328 8.
230 2269 333 2340 Atque
349 2265 464 2326 interea
480 2266 580 2327 statim
595 2264 751 2325 admonitu
767 2264 966 2339 Allobrogum
981 2264 1011 2323 C.
1028 2263 1094 2322 Sul-

79 2346 180 2420 picium
195 2357 376 2426 praetorem,
391 2351 498 2410 sortem
511 2349 616 2420 virum,
632 2348 709 2421 misi,
729 2348 780 2423 qui
795 2365 834 2408 ex
849 2349 977 2408 aedibus
991 2346 1094 2407 Cethe

78 2430 116 2505 ti,
137 2432 164 2495 si
180 2432 256 2509 quid
270 2434 399 2492 telorum
414 2441 510 2502 esset,
535 2432 670 2492 efferret:
685 2448 725 2491 ex
740 2431 851 2505 quibus
866 2431 917 2491 ille
932 2430 1095 2490 maximum

80 2512 368 2584 sicarumnumerum
386 2523 415 2574 et
429 2515 597 2589 gladiorum
613 2514 728 2576 extulit.

84 2616 89 2627 ·
149 2601 200 2659 lv.
228 2598 386 2659 introduxi
401 2599 591 2659 Vulturcium
611 2598 678 2658 sine
695 2597 803 2657 Gallis:
830 2596 922 2657 fidem
944 2596 1095 2672 publicam

81 2679 154 2743 iussu
164 2692 292 2745 senatus
301 2682 387 2742 dedi:
400 2683 536 2743 hortatus
549 2698 624 2751 sum,
639 2689 670 2741 ut
681 2696 725 2752 ea,
740 2676 926 2754 quaesciret,
940 2681 1037 2740 sinam
1046 2688 1096 2740 etu

81 2762 222 2827 indicaret.
258 2764 334 2823 Turn
346 2764 398 2824 ille
415 2765 504 2836 dixit,
528 2782 619 2840 quum
635 2765 686 2822 vix
699 2781 733 2823 se
749 2780 788 2823 ex
802 2779 913 2836 magno
928 2763 1034 2823 timore
1049 2778 1094 2821 re·

82 2858 211 2921 caasser,
228 2866 247 2908 a
261 2847 293 2908 P.
308 2849 435 2908 Lentulo
451 2865 487 2907 se
501 2848 614 2907 habere
626 2847 666 2906 ad
679 2846 835 2906 Catilinam
850 2846 990 2906 mandata
1006 2854 1036 2903 et
1050 2844 1095 2904 lit·

70 2936 163 3003 ,uua
189 2942 224 2993 ut
244 2947 402 2991 servorum
419 2930 573 3004 praesidio
588 2937 736 2999 uteretur,
769 2936 802 2988 ut
823 2928 862 2986 ad
883 2928 987 2986 urbem
1005 2941 1096 3000 quam

85 3012 198 3083 thurum
217 3030 288 3075 cum
303 3014 439 3074 exercitu
456 3013 631 3073 accederet:
659 3012 690 3070 id
705 3019 806 3071 autem
827 3027 864 3069 eo
880 3009 1027 3078 consilio,
1053 3017 1095 3079 ut,

86 3108 160 3167 thum
173 3100 281 3161 urbem
296 3096 490 3157 ex'omnibus
507 3096 656 3169 partibus,
679 3110 768 3168 quem
788 3093 965 3153 admodum
981 3091 1096 3150 descri-

83 3184 153 3247 Μ]
166 3182 422 3256 distributumque
437 3186 509 3250 erat,
526 3176 736 3238 incendissent
749 3178 936 3249 caedemque
952 3173 1096 3234 infinitam

83 3256 178 3327 ⁶ilium
192 3264 347 3335 iecissent
365 3271 488 3338 praesto
500 3268 583 3321 esset
603 3260 652 3318 ille
668 3257 719 3332 qui
736 3265 766 3318 et
781 3258 931 3332 lugientes
942 3260 1097 3332 exciperet

77 3348 148 3409 (lte
160 3366 230 3411 oum
247 3347 295 3407 his
310 3345 434 3406 urbanis
452 3345 581 3404 ducibus
593 3341 800 3416 coniungeret.
820 3339 849 3401 9.
864 3341 1029 3401 introducti
1043 3358 1095 3400 au·

78 3424 132 3489 ltu
142 3432 217 3493 Calli
233 3431 283 3493 ius
296 3428 458 3489 iurandum
473 3428 573 3489 sibiet
586 3427 701 3488 litteras
725 3425 764 3485 ah
787 3424 931 3569 Lenltglo,
953 3423 1094 3496 Cethego,
