2356 3854
89 202 155 266 teo
366 188 440 266 rao
456 206 488 264 c.
505 205 668 265 nuannn
682 203 834 263 onnrro.
891 156 913 250 Ῐ

84 361 191 436 vulgo,
219 356 293 417 nihil
316 356 476 417 obscurius
501 357 655 414 voluntate
677 353 850 426 hominum,
879 352 953 411 nihil
978 354 1077 411 lallaciu

83 442 201 504 ratione
222 448 284 501 tota
300 439 497 500 comitiorum.
526 437 599 509 Quis
614 439 646 499 L.
662 436 832 510 Philippum
849 452 969 495 summo
982 435 1077 509 ingenio

86 540 190 600 opera,
208 523 311 598 gratia,
333 522 497 592 nobilitate,
514 521 584 578 alll.
602 519 754 580 Herennio
774 519 914 593 superari
929 535 1020 594 posse
1032 518 1077 578 arbi

1 656 4 667 .
83 616 180 668 tratus
192 613 260 666 est?
274 605 342 680 quis
356 605 388 678 Q.
402 607 547 675 Catulum,
559 603 752 674 humanitate,
770 602 930 676 sapientia,
946 602 1077 676 integrunt

85 691 324 761 antecellentem,
338 705 356 747 a
369 688 420 747 Cn.
432 687 556 746 Mallio?
575 685 643 759 quis
654 687 694 744 Μ.
707 685 864 756 Scaurum,
880 684 1030 745 hominem
1041 700 1077 759 gra

83 772 257 844 vissimum,
286 771 383 831 civem
409 771 576 845 egregium,
601 768 797 829 fortissimum
824 777 1011 842 senatorem,
1035 767 1077 838 ab

83 855 239 915 Maximo?
266 855 331 913 Non
352 856 444 913 modo
465 853 573 912 horum
594 852 667 910 nihil
681 852 722 911 ita
740 854 805 912 lore
822 860 957 926 putatum
972 860 1030 923 est,
1049 867 1077 909 εει

16 983 18 987 ,
84 955 123 998 ne
139 955 232 1012 quum
247 946 330 996 esset
344 938 455 997 lactum
467 936 587 1016 quidem
598 951 702 1015 'quare
717 934 876 994 italactum
894 943 978 995 essct
990 933 1077 1004 intellig

83 1021 190 1096 potuit.
222 1021 298 1078 Nam
315 1027 563 1092 ut=tempestates
586 1034 679 1092 saepe
700 1027 783 1078 certo
805 1018 908 1091 aliquo
930 1017 1005 1077 caeli
1024 1019 1077 1090 sign

85 1111 329 1175 commoventur,
350 1119 444 1176 saepe
465 1102 630 1175 improviso
648 1101 731 1160 nulla
751 1118 790 1159 ex
807 1110 889 1161 certa
906 1102 1033 1174 ratione,
1050 1099 1076 1158 ob

84 1202 175 1246 scura
188 1186 290 1257 aliqua
304 1201 342 1243 ex
359 1200 452 1243 causa
466 1185 642 1255 excitantur,
658 1183 705 1244 sic
719 1184 749 1242 in
764 1184 821 1243 hac
837 1183 1024 1244 comitiorum
1035 1192 1075 1242 ten

83 1275 202 1342 pestate
228 1266 368 1340 populari
397 1283 490 1340 saepe
515 1267 663 1342 intelligas
688 1283 749 1341 quc
776 1264 864 1341 signo
891 1264 1077 1327 commotast

85 1365 179 1424 saepe
195 1349 236 1408 ita
252 1350 383 1409 obseura
398 1356 453 1421 εει,
471 1359 503 1409 ut
518 1365 591 1409 casu
606 1350 736 1410 excitata
747 1366 817 1409 esse
828 1349 977 1410 videatur.
1006 1346 1077 1409 lllllll

44 1427 51 1436 ’
84 1429 135 1509 37,
157 1431 218 1493 Sed
232 1440 347 1504 tamen,
370 1432 397 1491 si
413 1440 460 1491 est
474 1433 630 1492 reddenda
645 1433 735 1506 ratio,
754 1434 833 1493 duae
851 1449 904 1492 res
920 1433 1076 1492 vehemente

83 1515 115 1574 in
132 1523 274 1589 practura
289 1513 480 1574 desideratae
495 1525 578 1590 sunt,
601 1533 679 1590 quae
697 1517 805 1575 ambae
821 1515 850 1574 in
875 1518 1031 1576 consulatu
1041 1514 1077 1571 llu

83 1614 176 1657 renae
190 1599 383 1672 profuerunt:
401 1615 470 1670 una,
488 1599 676 1672 exspectatio
691 1599 834 1669 muneris
853 1615 933 1673 quae
948 1610 979 1660 et
993 1610 1077 1658 rumor

83 1683 250 1745 nonnullo
266 1690 296 1741 et
310 1680 425 1742 studiis
444 1682 697 1756 sermonibusque
718 1681 949 1756 competitorum
967 1685 1077 1742 creverat

84 1766 193 1835 altera,
217 1763 299 1839 quod
322 1764 357 1836 ii,
380 1781 458 1839 quos
478 1765 507 1823 ln
527 1765 682 1840 provincia
703 1782 740 1824 ac
758 1765 908 1839 legatione
923 1766 1019 1824 omnis
1032 1760 1077 1823 ctli

83 1847 248 1907 beralitatis
270 1856 300 1907 et
321 1847 438 1909 virtutis
457 1864 531 1908 suae
552 1857 646 1909 testes
667 1848 827 1921 habuerat,
851 1849 987 1909 nondum
1007 1849 1077 1907 decet

85 1938 196 1990 serant.
221 1931 335 1990 Horum
347 1940 508 2004 utrumque
521 1931 549 1990 ei
564 1933 682 1992 fortuna
697 1933 736 1990 ad
749 1933 926 1991 consulatus
939 1931 1077 2006 petitioner

83 2014 259 2071 reservavit.
288 2014 362 2072 Nam
384 2023 414 2072 et
427 2014 459 2071 L.
474 2015 591 2074 Luculli
612 2016 779 2087 exercituS,
803 2016 853 2088 qui
869 2015 908 2073 ad
929 2012 1077 2088 triumphu

85 2103 277 2164 convenerat,
294 2095 375 2154 idem
390 2097 519 2156 comitiis
533 2094 565 2156 L.
578 2099 723 2157 Murenae
739 2107 862 2172 praesto
878 2097 943 2170 luit,
959 2106 989 2158 et
1002 2105 1077 2156 muuut

83 2176 318 2250 amplissimum,
342 2180 425 2252 quod
446 2181 548 2252 petitio
566 2189 725 2254 praeturae
740 2180 949 2253 desiderabat,
971 2187 1077 2255 praetura

82 2259 221 2320 restituit.
263 2258 312 2322 38.
336 2261 412 2320 Num
435 2261 486 2321 tibi
507 2263 583 2322 haec
607 2280 702 2337 parva
725 2264 864 2322 videntur
888 2261 1077 2324 adiumenat

85 2342 222 2403 subsidia
238 2346 437 2404 consulatus?
471 2345 620 2405 Voluntas
638 2345 783 2406 militamt
802 2362 881 2419 quae
897 2365 989 2420 quum
1003 2351 1077 2420 perse

82 2426 164 2484 valet
179 2427 382 2500 multitudine,
402 2445 493 2503 quum
508 2430 590 2502 apud
606 2446 679 2490 suos
697 2429 805 2504 gratia,
824 2439 885 2488 tum
901 2447 976 2491 vero
994 2429 1019 2488 in
1032 2439 1077 2484 con

84 2508 150 2565 sule
164 2508 347 2571 declarando
362 2512 485 2571 maritum
502 2513 589 2572 etiam
604 2514 687 2587 apud
701 2515 875 2573 universum
892 2509 1077 2587 populumne

82 2605 203 2648 manum
224 2593 409 2652 auctoritatis
431 2593 522 2654 habet
543 2595 719 2670 suffragatio
737 2594 888 2655 militaris:
912 2597 1077 2670 imperatores

83 2671 162 2731 enim
186 2674 313 2733 comitiis
335 2677 560 2746 consularibus,
587 2696 648 2738 non
674 2680 835 2737 verborum
855 2672 1077 2752 interpretata

82 2754 220 2829 ligantur.
249 2756 313 2829 Qua
326 2773 359 2816 re
370 2759 472 2831 gravis
484 2770 530 2820 est
541 2761 592 2820 illa
604 2760 714 2821 oratio=
736 2762 785 2819 lllle
798 2762 936 2821 saucium
948 2754 1076 2822 recreavit

82 2855 130 2898 mc
145 2839 259 2913 praeda
275 2841 412 2902 donavit:
431 2843 489 2902 hoc
506 2844 584 2903 duce
601 2854 700 2904 castra
718 2844 863 2918 cepimus
882 2843 972 2919 signa
985 2835 1075 2925 contuli

81 2940 165 2981 mus:
190 2939 352 2997 numquam
374 2925 432 2984 isle
451 2927 521 2999 plus
542 2926 625 2986 militi
647 2927 760 2985 laboris
780 2927 926 3001 imposuit
944 2943 1026 3003 quarn
1041 2917 1076 2980 sih

83 3005 212 3079 sumpsit
225 3007 293 3080 ipse
309 3025 401 3081 quum
416 3009 502 3068 fortis
517 3018 579 3070 tum
595 3009 683 3069 etiam
698 3011 778 3067 felix.
819 3010 886 3068 Hoc
903 3008 1005 3085 quanti
1016 3010 1076 3083 pras

83 3101 153 3144 esse
174 3089 211 3147 ad
235 3092 344 3150 lamam
365 3092 519 3151 hominum
541 3109 577 3151 ac
596 3094 805 3153 voluntatem?
844 3093 962 3152 Etenim
983 3092 1007 3152 si
1023 3090 1077 3149 tatll

81 3165 140 3225 illis
153 3171 280 3232 comitiis
291 3173 397 3248 religio
413 3185 466 3245 est,
484 3183 516 3235 ut
530 3176 629 3236 adhuc
646 3192 766 3250 semper
778 3192 866 3234 omen
879 3175 1005 3236 valuerit
1017 3181 1075 3248 prae

81 3250 264 3325 r0eativum,
291 3258 363 3329 quid
385 3258 491 3317 rrrlrum
507 3268 554 3318 est
573 3260 602 3317 in
624 3260 682 3318 hoc
701 3259 850 3343 felicitatis
867 3259 980 3319 lamam
993 3264 1074 3318 serut-

82 3347 212 3405 nemque
231 3339 384 3398 valuisse?

163 3414 239 3474 XIX.
262 3417 323 3478 Sed
340 3423 365 3479 si
384 3416 459 3482 haee
475 3422 589 3482 leviora
606 3423 707 3496 ducis,
731 3440 809 3499 qtrac
832 3435 902 3486 sunt
918 3421 1074 3501 gravissima
