2356 3854
246 156 249 165 ’
321 183 401 243 cnr.
415 191 554 244 rs—rs.
571 189 597 249 s.
611 191 743 248 as-ea
1000 189 1040 254 57

54 351 134 405 ses,
158 332 307 408 Apollinis
324 331 442 406 signum
457 333 587 392 ablatum
602 344 681 395 certe
696 350 757 395 non
783 337 934 410 oportuit:
952 336 1043 397 Dices

60 415 190 476 emisse.
224 415 311 475 Scio:
338 415 388 474 HS
410 417 465 477 cla.
498 417 541 475 lta
563 417 679 490 opinor.
709 418 794 490 Scio,
816 418 952 491 inquam:
972 435 1042 492 pro-

54 515 118 558 ram
132 499 262 558 litteras:
277 505 374 556 tamen
390 498 421 557 id
438 499 548 558 lactum
560 515 620 558 non
632 501 772 575 oportuit
794 503 822 559 A
833 500 1042 575 pupillolleic,

54 581 71 640 ri
86 580 118 640 C.
132 581 295 640 Marcellus
313 589 392 640 tutor
407 589 468 652 est,
487 598 505 640 a
521 599 580 655 quo
594 584 751 655 pecuniam
767 585 910 656 grandem
925 584 1042 657 eripue-

54 681 89 733 s,
112 663 240 736 scaphia
253 679 320 723 curn
338 664 523 723 emblematis
538 665 674 740 Lilybaei
688 674 785 725 utrmn
800 674 901 739 empta
915 682 985 726 esse
999 667 1043 725 di-

55 763 71 805 s
85 762 125 804 an
139 745 293 806 confiteris
311 753 436 820 erepta?

108 827 159 889 38.
189 826 251 887 Sed
267 828 340 902 quid
355 844 412 902 ego
427 827 514 888 istius
530 829 560 888 in
576 829 642 888 eius
659 829 740 888 modi
759 829 851 888 rebus
874 829 1043 890 mediocres

55 909 152 969 tiurias
170 909 295 985 colligo,
310 905 388 985 qu'ac
403 919 516 971 tantum
531 913 621 971 modo
636 911 666 970 in
683 909 768 970 llrrtis
783 911 870 970 istius
886 920 914 970 et
926 912 1043 972 damnis

55 1009 146 1063 nrum,
164 1008 183 1050 a
199 993 308 1066 quibus
323 994 491 1066 aulerebat,
515 1003 634 1054 versata
656 1009 727 1054 esse
748 992 925 1052 videantura
954 993 1043 1053 Acci-

56 1074 106 1145 lte,
120 1075 147 1134 si
162 1075 267 1146 vultis,
283 1075 414 1147 iudices,
430 1092 493 1136 rem
507 1077 573 1136 elus
587 1076 676 1149 modi,
696 1084 728 1136 ut
742 1075 899 1136 amentiam
913 1075 1043 1149 singula-

55 1172 94 1215 ιιι
106 1166 134 1216 et
150 1157 282 1217 lurorem
300 1157 373 1230 iam,
389 1154 448 1219 ncn
465 1159 657 1233 cupiditatem
671 1161 736 1219 eius
750 1159 926 1233 perspicere
942 1158 1043 1232 possi-

55 1239 84 1296 ls.
108 1239 212 1299 XVlll.
240 1239 406 1300 Melitensis
419 1241 569 1302 Diodorus
586 1251 640 1315 est,
657 1241 708 1316 qui
722 1242 805 1315 apud
820 1259 875 1302 vos
895 1250 983 1301 antea
1001 1250 1044 1300 te-

57 1321 200 1381 timonium
216 1321 300 1382 dixii
321 1322 351 1381 Is
362 1323 498 1398 Lilybaei
507 1327 617 1385 multos
633 1327 691 1383 iam
706 1340 802 1383 annos
817 1324 937 1396 habitat,
952 1322 1044 1383 horno

55 1401 277 1465 abominabilis
293 1412 323 1464 et
339 1406 421 1479 apud
436 1421 505 1479 eos,
524 1424 584 1482 quc
605 1423 639 1466 sc
655 1407 793 1476 contulit,
812 1415 937 1480 propter
950 1405 1042 1464 virtu·

55 1498 92 1542 em
105 1486 284 1560 splendidus
300 1495 330 1546 et
348 1486 509 1560 gratiosus.
540 1491 583 1548 De
604 1489 663 1548 hcc
677 1490 765 1549 Verri
790 1489 911 1560 dicitur,
932 1487 1044 1556 habere

55 1582 99 1624 tum
113 1570 249 1642 perbona
262 1577 442 1630 toreumata=
457 1572 486 1629 in
501 1571 549 1630 his
568 1573 676 1646 pocula
692 1572 855 1646 quaedam,
877 1585 955 1644 quae
968 1570 1044 1628 The-

56 1645 113 1708 lclia
143 1650 348 1724 nominantur,
370 1652 514 1712 Mentoris
538 1671 628 1711 manu
652 1670 767 1714 summo
799 1651 925 1712 artificio
955 1652 1042 1711 lecta.

56 1727 117 1798 lund
130 1731 187 1792 iste
200 1735 253 1794 ubi
263 1733 386 1813 audivit,
406 1733 449 1792 sic
465 1734 626 1806 cupiditate
641 1735 841 1794 inflammatus
857 1740 978 1791 estnon
993 1749 1044 1792 sc-

56 1827 93 1871 um
107 1813 302 1888 inspiciendi,
319 1832 425 1875 verum
441 1814 530 1875 etiam
544 1816 715 1886 auferendi,
733 1824 764 1875 ut
778 1815 942 1875 Diodorum
954 1815 993 1871 ad
1008 1829 1044 1871 se

56 1905 153 1956 locaret
166 1913 203 1957 ac
218 1906 368 1973 posceret.
397 1898 465 1970 llle,
490 1897 541 1972 qul
563 1897 688 1956 illanon
702 1897 813 1956 invitus
834 1896 974 1967 haberet,
997 1912 1043 1954 re

56 1979 154 2047 pendit
173 1979 312 2057 Lilybaei
334 1995 368 2039 se
393 1994 453 2037 non
481 1980 608 2039 habere:
638 1979 758 2039 Melitae
784 1980 865 2053 apud
885 1979 1044 2053 quemdam

56 2059 233 2135 ›ropinquum
247 2080 334 2122 suurn
348 2061 519 2135 reliquisse.
549 2060 600 2121 39.
640 2062 714 2122 Turn
728 2062 785 2122 iste
800 2064 942 2122 continno
958 2060 1046 2121 mittit

56 2142 168 2203 tornines
182 2153 283 2205 certos
299 2144 445 2204 Melitam=
469 2145 573 2204 scribit
587 2145 626 2203 ad
641 2147 790 2219 quosdam
807 2144 996 2214 Melitenses,
1011 2151 1046 2202 ut

56 2237 152 2285 arasa
163 2227 353 2301 perquirant=
367 2235 453 2300 rogat
462 2227 636 2298 Diodorum
649 2235 681 2286 ut
695 2229 735 2286 ad
747 2228 828 2286 illum
840 2227 1043 2299 propinquum

56 2319 119 2365 tuum
135 2309 187 2369 det
198 2309 327 2369 litteras=
343 2309 415 2368 nihil
431 2309 459 2368 ei
475 2309 592 2382 langius
607 2309 765 2369 videbatur
779 2326 869 2384 quarn
886 2309 956 2365 dum
971 2306 1045 2364 illud

57 2383 147 2448 rideret
171 2399 335 2465 argentum.
370 2391 537 2463 Diodorus,
563 2392 654 2450 homo
678 2393 755 2464 frugi
773 2407 809 2449 ac
830 2388 973 2462 diligens,
993 2387 1045 2463 qui

57 2481 90 2528 tua
103 2487 224 2532 servare
237 2475 342 2547 vellet,
361 2474 399 2532 ad
414 2473 619 2548 propinquum
634 2490 721 2533 suum
737 2472 853 2543 scribit,
876 2472 971 2544 utils,
994 2470 1045 2544 qui
1089 2485 1094 2493 ·

57 2550 150 2614 tVerrc
165 2555 330 2629 venissent,
344 2556 544 2629 responderet
557 2555 630 2614 illud
643 2565 798 2629 argentum
815 2569 849 2614 se
862 2555 969 2628 paucis
985 2553 1045 2612 illis

57 2628 139 2696 liebus
161 2637 283 2697 misisse
296 2637 482 2714 Lilybaeum.
516 2639 588 2711 lpse
608 2636 872 2699 interea>recedit=
897 2637 1006 2696 abesse
1026 2650 1045 2694 a

57 2710 121 2777 lamo
137 2719 302 2793 paullisper
315 2718 417 2778 maluit
432 2735 523 2793 quam
545 2737 691 2795 praesens
706 2721 779 2780 illud
800 2719 912 2795 optime
934 2720 1045 2778 lactum

57 2809 186 2871 rgentum
207 2801 350 2860 amittere.
386 2802 472 2874 Quod
494 2802 545 2862 ubi
560 2805 617 2863 iste
637 2803 764 2875 audivit,
791 2819 891 2877 usque
911 2817 948 2860 en
965 2816 1046 2859 com·

57 2890 130 2943 notus
144 2893 209 2956 est,
225 2892 258 2943 ut
273 2884 337 2943 sine
352 2885 414 2944 ulla
432 2884 617 2945 dubitatione
631 2886 764 2945 insanire
779 2884 919 2946 omnibus
942 2897 978 2940 ac
1000 2883 1046 2938 lu-

58 2974 99 3022 ere
122 2965 283 3025 videretur.
316 2966 390 3038 Quia
415 2983 475 3025 non
496 2976 634 3040 potuerat
654 2969 773 3041 eripere
796 2973 952 3039 argentum
978 2959 1047 3034 ipse

57 3042 173 3120 liudoro,
189 3057 292 3122 erepta
305 3048 363 3107 sibi
381 3065 454 3107 vasa
471 3050 583 3122 optime
603 3052 681 3109 lacta
696 3050 829 3109 dicebat:
850 3042 979 3104 minitari
993 3044 1046 3102 ab·

57 3128 111 3189 anti
122 3131 272 3190 Diodoro:
287 3130 456 3190 vociferari
466 3131 580 3204 palam=
599 3131 738 3189 lacrimas
758 3129 907 3188 interdum
930 3128 984 3184 vix·
1001 3135 1045 3186 te·

58 3220 113 3269 tere.
145 3212 320 3290 Eriphylam
345 3212 518 3285 accepimus
534 3211 573 3270 'in
593 3211 703 3270 fabulis
730 3227 767 3270 ca
799 3209 977 3284 cupiditate,
1002 3217 1045 3280 ut,

58 3302 124 3358 llum
138 3294 265 3354 vidisset
281 3294 405 3365 monile,
426 3300 459 3352 ut
478 3290 600 3365 opinor,
627 3308 666 3350 ex
680 3308 752 3352 auro
769 3300 799 3351 el
813 3292 954 3366 gemmis,
979 3291 1046 3366 pul*

58 3368 178 3436 titudine
192 3376 258 3437 eius
279 3376 404 3437 incensa
423 3375 550 3436 salutern
565 3373 621 3437 viri
639 3376 791 3449 proderet.
829 3374 940 3435 Similis
960 3372 1045 3434 istius
