2356 3854
84 186 148 256 ata
382 187 454 248 rao
471 188 501 245 r.
517 186 643 248 sunna
659 158 809 246 enarro.
860 141 865 147 ⁶

84 350 116 403 ut
131 326 300 414 occuparet
309 336 456 398 Etruriam
472 334 738 410 praescriberetur,
760 351 852 411 quum
870 335 974 396 omnia
990 335 1091 396 ordina·

12 466 13 470 ,
84 432 202 493 rentur,
230 420 462 492 instruerentur,
483 426 674 492 pararentur,
694 417 746 477 ubi
770 419 825 477 luit
845 417 945 489 Sulla,
969 418 1096 479 cornelit

85 521 156 564 num
169 506 304 564 Romaet
318 502 408 561 immo
423 503 513 575 longe
527 501 614 560 alula
636 516 708 559 num
722 500 752 559 in
766 499 803 559 iis
817 500 1021 575 regionibus,
1043 517 1093 575 quc

85 605 120 649 se
135 586 260 647 Catilina
274 585 442 644 inferebat?
461 585 553 644 multo
568 583 658 643 etiam
673 582 809 656 longius:
831 599 903 642 num
918 583 949 642 in
965 599 1036 657 agro
1049 583 1096 642 ca·

85 667 436 742 merti,Piceno,Gallic0,
445 683 522 741 quas
535 666 564 724 in
580 682 650 726 oras
662 665 896 740 maxime'quasi
906 666 1032 726 morbus
1041 665 1095 740 qui·

85 755 153 813 dam
174 751 253 810 illius
275 750 385 810 luroris
403 756 602 824 pervaserat?
623 747 696 806 nilril
710 764 783 807 vero
798 747 908 807 minus.
930 747 1006 809 ¹Fuit
1019 747 1094 818 anim,

84 834 188 897 utiam
204 841 273 895 ante
291 833 362 904 dixi,
380 831 520 906 Neapoli:
541 832 596 891 luit
609 830 640 889 in
655 846 691 889 ea
706 839 791 904 parte
805 830 924 900 ltaliae,
948 847 1028 905 quae
1046 846 1095 889 ma·

84 918 164 977 xime
178 918 235 977 ista
250 914 425 991 suspicione
439 913 543 974 caruit.
587 912 636 974 54.
661 913 736 985 Quid
752 929 824 987 ergo
839 913 955 972 indicat
970 921 1023 973 aut
1035 912 1096 988 quid
1123 936 1125 945 ·

85 1002 182 1060 adlert
200 1007 252 1059 aut
270 999 339 1073 ipse
354 996 510 1057 Cornelius
525 1004 577 1057 aut
591 1012 661 1066 vos,
679 995 729 1069 qui
749 995 825 1055 haec
847 995 885 1054 ab
901 996 954 1055 illo
970 996 1096 1055 mandata

67 1082 228 1147 ‹defertist
247 1079 435 1139 Gladiatores
447 1087 565 1153 emptos
580 1093 651 1138 esse
663 1077 767 1137 Fausti
781 1077 976 1139 simulatione
988 1079 1028 1137 ad
1040 1093 1095 1137 cae

83 1167 203 1224 damac
221 1164 384 1223 tumultum.
426 1162 470 1222 Ita
483 1178 624 1236 prorsus:
642 1159 814 1234 interpositi
829 1169 900 1241 sunt
914 1161 1091 1235 gladiatores,

85 1264 163 1321 quos
175 1253 352 1305 testamento
365 1245 458 1318 patris
466 1245 605 1303 videmus
617 1242 730 1307 deberi.
739 1243 914 1318 -Adrepta
925 1251 977 1303 est
991 1242 1095 1312 lamil'a,

86 1345 164 1404 quae
179 1327 206 1387 si
220 1335 303 1387 esset
316 1326 536 1401 praetermissa,
559 1334 664 1401 posset
678 1325 737 1384 alia
752 1324 862 1385 familia
875 1325 982 1385 Fausti
1000 1339 1097 1385 munet

86 1409 415 1486 praebere—Utinam
428 1408 550 1482 quidem
564 1408 640 1468 haec
659 1407 728 1482 ipsa
747 1425 808 1468 non
824 1409 914 1467 modo
938 1407 1095 1484 iniquarum

83 1492 224 1562 invidiae,
243 1492 299 1553 sed
313 1507 480 1565 aequorum
494 1490 714 1566 exspectationi
729 1490 802 1551 satis
819 1492 920 1550 lacere
939 1500 1095 1566 posset!-

83 1577 278 1649 Propcratum
298 1575 491 1635 vehementer
514 1583 575 1647 est,
602 1590 694 1648 quum
716 1577 805 1649 longe
825 1582 948 1648 tempus
976 1572 1094 1635 muneris

84 1658 364 1731 abesset-Quasi
381 1674 453 1718 vero
469 1666 589 1732 tempus
604 1656 697 1715 dandi
712 1657 845 1716 muneris
865 1673 927 1716 non
944 1658 1034 1717 valde
1053 1672 1097 1730 ap·-

82 1741 427 1817 propinquaret.--Nec
444 1739 585 1816 opinante
599 1739 725 1810 Fausto,
754 1755 846 1813 quum
860 1738 888 1798 is
903 1754 1007 1814 neque
1021 1738 1095 1799 sciret

83 1841 184 1899 neque
205 1826 308 1897 vellet,
330 1823 442 1883 tamilla
461 1832 508 1883 est
529 1818 822 1896 comparata—ssbb..
836 1822 877 1881 At
896 1821 1015 1882 litterae
1039 1828 1098 1882 sunt

82 1906 194 1980 Fausti,
212 1923 268 1981 per
285 1923 361 1981 quas
379 1907 429 1971 ille
446 1907 587 1982 precibus
599 1921 616 1963 a
626 1905 657 1963 P.
670 1904 754 1964 Sulla
768 1905 841 1979 petit
854 1913 887 1964 ut
900 1912 982 1965 emat
996 1902 1094 1980 gladia

83 1995 165 2048 tores
180 1998 210 2049 et
224 1999 257 2048 ut
271 1989 328 2048 lros
343 1988 430 2063 ipsos
445 1997 539 2061 emat,
564 2003 664 2061 neque
689 1987 840 2046 solumad
854 1986 970 2047 Sullam
987 1987 1093 2056 missae,

84 2071 140 2130 sed
154 2070 195 2128 ad
210 2072 243 2129 L.
259 2070 426 2141 Caesarem,
443 2072 476 2143 Q.
491 2069 719 2146 Pompeiumd.
733 2069 913 2141 lllenrmium,
927 2087 1053 2144 quorum
1065 2068 1093 2126 dc

83 2151 234 2214 sententia
247 2161 309 2212 tota
325 2169 376 2213 res
394 2161 480 2226 gesta
494 2161 549 2212 est.
558 2154 645 2212 -At
662 2152 793 2227 praeluit
806 2146 1094 2212 familiae—Iamsi

85 2237 114 2294 in
132 2236 267 2311 paranda
282 2235 393 2294 lamilia
409 2236 490 2295 nulla
504 2234 639 2310 suspicio
651 2244 706 2313 est,
720 2234 789 2309 quis
803 2235 969 2309 praetuerit
984 2230 1094 2294 nihilai

83 2336 147 2378 rem
163 2317 418 2393 pertinet—Sed
431 2326 530 2377 tamen
540 2334 665 2377 munere
680 2316 782 2377 servili
798 2317 903 2378 obtulit
914 2333 950 2378 se
961 2319 1003 2378 ad
1018 2319 1094 2376 lerm-

85 2410 184 2461 menta
207 2400 431 2475 prospicienda.
452 2434 488 2444 -
503 2399 635 2461 Praeluit
655 2415 731 2459 vero
747 2416 921 2474 numquam,-
939 2416 1038 2474 eaque
1054 2411 1098 2457 res·

83 2483 164 2542 omni
180 2491 315 2557 tempore
331 2499 386 2558 per
399 2483 535 2555 Balbum,
550 2482 653 2542 Fausti
668 2482 814 2555 libertum,
829 2482 1037 2542 administrata
1050 2485 1095 2541 est

166 2565 228 2624 XX
250 2564 300 2627 56.
320 2568 361 2626 Αι
377 2565 456 2625 enim
469 2565 573 2627 Sittius
588 2573 636 2626 est
649 2566 688 2625 ab
698 2565 757 2624 hoc
767 2565 798 2624 in
814 2564 989 2626 ulteriorem
998 2565 1094 2639 Hispa·

82 2646 163 2706 niam
179 2646 307 2718 missus,
327 2656 360 2707 ut
374 2663 440 2706 eam
459 2647 645 2722 provinciam
665 2647 861 2721 perturbaret.
904 2647 1037 2708 Primum
1049 2643 1094 2705 Sil·

80 2728 295 2802 tius,'iudices,
313 2730 346 2787 L.
361 2731 435 2788 lulio
451 2730 482 2789 c.
496 2730 601 2805 Figulo
621 2730 796 2791 consulibus
812 2731 971 2805 profectus
988 2738 1037 2792 ast
1052 2724 1095 2787 ali·

82 2822 195 2887 quanto
212 2820 282 2872 ante
296 2812 428 2872 lurorem
440 2813 583 2874 Catilinae
596 2821 627 2874 et
640 2811 847 2888 suspicionem
862 2812 955 2874 huius
970 2812 1096 2874 conitus·

81 2895 188 2958 tionisa
209 2895 319 2955 deinde
337 2903 384 2955 est
399 2897 553 2970 profectus
571 2912 632 2956 non
651 2905 712 2956 tum
730 2895 870 2969 primum,
892 2897 951 2956 sed
971 2891 1095 2972 quum'a

82 2977 190 3039 iisdem
213 2977 289 3039 locis
311 2977 464 3050 aliquanto
485 2987 554 3037 ante
572 2979 679 3038 eadem
695 2979 734 3038 de
758 2993 851 3039 causa
870 2977 991 3053 aliquot
1012 2988 1094 3039 annot

84 3060 205 3124 luisset:
220 3077 255 3122 ac
270 3062 425 3135 protectus
442 3068 489 3120 est
504 3077 565 3120 non
580 3063 671 3121 modo
688 3061 728 3120 ob
743 3076 876 3140 causam,
891 3061 1054 3123 sedetiam
1065 3056 1096 3119 cl

82 3143 286 3204 necessariam
303 3159 441 3216 causam,
463 3158 573 3217 magna
591 3145 707 3204 ratione
730 3159 799 3204 cum
817 3143 1018 3206 Mauritaniae
1037 3154 1098 3217 rest

83 3231 244 3286 contracta.
286 3225 491 3297 Fumantem,
511 3225 562 3285 illo
577 3228 729 3300 prolecto,
747 3225 830 3287 Sulla
844 3237 1030 3301 procurante
1042 3225 1098 3287 aas

81 3317 145 3363 rem
168 3312 198 3363 ει
220 3316 356 3381 gerente,
382 3307 519 3383 plurimis
538 3316 569 3368 et
587 3308 798 3383 pulcherrimis
820 3309 851 3371 P.
874 3308 956 3371 Sittii·
974 3305 1097 3385 praedlit

83 3384 212 3446 venditis
225 3405 279 3450 aes
293 3389 423 3450 ebenum
434 3391 573 3450 eiusdem
587 3388 771 3452 dissolutum
784 3400 850 3459 est,
863 3400 905 3462 ut,
919 3408 1002 3468 quac
1015 3401 1099 3453 canat
