2356 3854
329 131 361 163 “’
428 177 622 242 cana-a.
644 185 814 271 §.ln-ra.
1023 260 1028 278 ι
1071 182 1136 250 427

103 338 166 390 turn
182 327 270 388 etiam
286 327 424 389 Ballioni.
454 327 477 389 0
493 331 665 390 foeditatem
686 328 816 390 hominis
832 329 1031 406 flagitiosam!
1047 325 1136 392 oim-

101 411 294 487 pudentiam,
315 411 494 486 nequitiam,
516 411 669 471 libidinem
692 428 753 472 non
776 413 945 473 serendam!
981 414 1026 474 Tu
1043 429 1135 489 quum

101 494 271 570 principem
295 504 483 568 senatorem,
511 495 608 554 civem
637 494 820 567 singularem
850 505 910 555 tam
930 499 1135 572 propinquum

100 578 232 650 habeas,
253 579 293 637 ad
316 594 383 638 eum
400 579 487 638 dere
505 577 627 652 publica
642 576 714 635 nihil
729 578 861 638 referas:
880 581 996 639 referas
1018 581 1058 640 ad
1079 597 1134 641 eos

101 663 153 735 qui
168 677 254 721 suam
267 677 331 720 rem
345 662 456 721 nullam
471 661 598 731 habent,
622 667 703 719 tuam
719 659 923 720 exhauriunt?
954 663 1035 722 Tu'us
1052 666 1134 723 vide·

99 745 170 804 licet
190 745 331 805 salutaris
352 746 544 816 consulatus,
566 743 758 818 perniciosus
779 758 875 803 meus.
918 744 983 802 Vll.
1006 746 1135 806 Adeone

99 828 250 902 pudorem
265 844 333 888 eum
358 827 503 901 pudicitia
520 825 697 901 perdidisti,
721 835 755 885 ut
777 827 836 885 hoc
858 826 889 885 in
905 842 941 886 eo
963 830 1074 900 templo
1090 831 1133 889 di·

98 926 169 970 cere
185 927 280 971 ausus
295 911 355 982 sis,
373 911 401 967 in
419 927 479 983 quo
494 925 552 984 ego
568 918 706 969 senatum
722 909 822 980 illurn,
843 910 894 984 qui
910 910 1064 991 quondam
1078 911 1134 970 llo·

97 1011 171 1054 rens
196 994 262 1053 orbi
290 1001 437 1052 terrarum
462 993 672 1067 praesidebat,
697 992 913 1063 consulebam,
941 1001 973 1051 tu
996 991 1135 1054 homines

96 1075 324 1151 perditissimos
343 1091 412 1136 cum
427 1075 537 1148 gladiis
554 1073 766 1134 collocavisti‘l
810 1075 858 1136 16.
881 1076 920 1134 At
936 1076 1026 1134 etiam
1041 1090 1135 1135 ausus

96 1176 132 1218 es
153 1193 189 1202 -
208 1158 282 1233 quid
299 1167 400 1218 autem
413 1167 461 1218 est
484 1159 568 1233 quod
590 1167 622 1218 tu
637 1175 697 1218 non
712 1159 851 1243 audeas?
863 1193 903 1203 ·-
921 1157 1032 1218 clivum
1049 1157 1136 1233 Capi-

73 1242 224 1302 'tolinum
251 1240 354 1302 dicere
379 1257 428 1300 me
457 1243 583 1302 consule
609 1242 734 1322 plenum
764 1258 924 1302 servorum
952 1248 1136 1301 armatorum

97 1324 206 1383 fuisse.
234 1324 273 1384 Ut
290 1325 355 1395 illa,
372 1324 481 1398 eredo,
496 1324 613 1384 nelaria
627 1333 751 1385 senatus
767 1328 907 1385 consulta
930 1325 1054 1397 fierent,
1074 1323 1135 1383 vim

95 1407 274 1466 adferebam
292 1408 421 1468 senatui.
452 1406 475 1468 0
491 1407 599 1480 miser,
617 1405 683 1467 sive
698 1408 748 1467 illa
764 1408 816 1468 tibi
835 1417 906 1468 nota
920 1424 981 1468 non
999 1416 1070 1468 sunt
1090 1442 1132 1452 -

96 1489 171 1549 nihil
192 1490 271 1550 enim
293 1490 366 1551 boni
381 1492 463 1552 nosti
477 1525 517 1535 -
535 1491 700 1563 sivesunt,
717 1493 769 1565 qui
785 1492 867 1567 apud
881 1493 958 1551 tales
974 1491 1058 1551 viros
1072 1500 1134 1550 tarn

95 1573 293 1647 impudenter
304 1575 448 1649 loquare!
474 1574 547 1647 Quis
565 1573 645 1633 enirn
660 1583 757 1647 eques
771 1575 941 1646 Romanus,
960 1575 1029 1650 quis
1047 1591 1134 1649 prae-

83 1666 187 1716 terte
203 1658 387 1717 adolescens
408 1657 535 1731 nobilis,
558 1657 628 1731 quis
649 1657 741 1717 ullius
757 1658 886 1730 ordinis,
911 1657 963 1732 qui
983 1675 1018 1719 se
1036 1659 1134 1717 civem

95 1739 301 1814 meminisset,
323 1757 416 1814 quum
430 1748 555 1800 senatus
570 1739 601 1798 in
622 1739 682 1799 lroc
695 1742 808 1813 templo
824 1748 921 1813 esset,
936 1741 966 1798 in
982 1740 1061 1800 clivo
1072 1740 1133 1799 'Ca-

96 1821 224 1897 pitolino
246 1839 309 1883 non
334 1823 410 1883 luiu
429 1824 497 1898 quis
523 1838 633 1882 nomen
660 1838 721 1881 non
743 1823 846 1882 deditt
871 1839 1055 1898 quamquam
1076 1840 1134 1884 nec

94 1905 368 1967 scribaesulficere
381 1922 437 1965 nec
451 1900 571 1966 tabulae
580 1904 827 1965 nominaillorum
842 1921 953 1980 capere
962 1915 1133 1981 potuerunt.

97 1987 147 2050 17.
169 1990 287 2069 Etenim
303 2006 395 2065 quum
410 1988 550 2049 homines
574 1988 681 2047 nelarii
695 1989 734 2048 de
747 1988 864 2064 patriae
882 1989 1044 2064 parricidio
1060 2007 1132 2049 con-

96 2075 269 2145 fiterentur,
293 2073 486 2134 consciorum
506 2071 643 2144 indiciis,
668 2083 726 2132 sua
747 2089 852 2145 manu,
876 2089 952 2132 voce
975 2089 1073 2146 paene
1087 2075 1133 2132 lit-

97 2167 229 2216 terarum
250 2156 349 2217 eoacti
369 2172 404 2217 se
423 2157 528 2216 urbem
551 2155 754 2229 inflammare,
781 2155 864 2216 cives
892 2156 1058 2224 trucidare,
1080 2171 1133 2213 va-

97 2248 179 2298 stare
203 2240 333 2312 ltaliam,
366 2241 468 2300 delere
492 2255 556 2299 rem
582 2238 735 2314 publicam
762 2240 977 2310 consensisse,
1004 2237 1073 2311 quis
1086 2253 1133 2295 es-

97 2331 146 2382 set
162 2323 214 2396 qui
235 2325 274 2382 ad
296 2325 423 2384 salutem
443 2336 634 2384 communem
655 2323 878 2381 defendendam
901 2337 961 2379 non
986 2318 1134 2379 excitare·

96 2412 167 2466 tur?
181 2407 360 2480 praesertim
377 2425 469 2481 quum
485 2415 609 2467 senatus
625 2406 822 2480 populusque
837 2405 993 2485 Romanus
1008 2402 1134 2463 haberet

98 2490 217 2562 ducem,
233 2489 332 2564 qualis
348 2489 374 2550 si
390 2491 441 2564 qui
457 2506 538 2551 nuno
552 2498 643 2559 esset,
661 2488 714 2548 tibi
728 2487 823 2561 idem,
842 2488 925 2562 quod
940 2488 999 2546 illis
1012 2485 1131 2556 accidit,

98 2573 286 2647 contigisset
307 2573 356 2630 Ad
372 2574 558 2646 sepulturam
573 2589 686 2646 corpus
702 2570 799 2631 vitrici
814 2571 862 2632 sui
879 2579 969 2646 negat
983 2587 1001 2630 a
1015 2586 1063 2629 me
1080 2572 1132 2630 da·

96 2659 171 2716 tum:
196 2653 262 2715 Hoc
279 2671 351 2716 vero
367 2672 406 2714 ne
422 2654 453 2712 P.
469 2657 591 2729 quidem
609 2655 733 2716 Clodius
755 2655 831 2715 dixit
850 2671 1006 2729 umquam:
1032 2669 1132 2728 quern,

99 2739 172 2812 quia
187 2739 253 2799 iure
267 2737 295 2798 ei
309 2738 449 2799 inimicus
465 2739 525 2809 lui,
547 2739 637 2799 doleo
658 2755 677 2797 a
691 2748 720 2799 te
736 2736 877 2800 omnibus
893 2738 974 2798 vitiis
987 2738 1047 2796 iam
1061 2750 1133 2794 esse

98 2831 287 2896 superatum.
321 2821 370 2882 18.
384 2821 440 2895 Qui
462 2831 561 2881 autem
582 2820 645 2881 tibi.
657 2822 740 2880 venit
754 2823 784 2880 in
800 2820 929 2880 mc'ntern
943 2820 1085 2892 redigere
1100 2816 1131 2875 in

98 2905 277 2965 memoriam
294 2914 430 2966 nostram
449 2914 479 2965 te
501 2903 583 2964 domi
603 2904 634 2961 Ρ.
649 2904 766 2964 Lentuli
782 2920 853 2963 esse
869 2904 1051 2962 educatum?
1082 2900 1131 2958 An

99 2988 247 3050 verebare
262 3007 301 3050 ne
315 3006 374 3049 non
387 2995 563 3063 putaremus
575 2995 681 3046 natura
695 2996 725 3046 te
737 2985 875 3059 potuisse
886 2994 947 3044 tam
961 2983 1131 3057 improbum

96 3072 246 3143 evadere,
262 3073 320 3134 nisi
327 3071 516 3132 accessisset
530 3071 620 3130 etiam
631 3068 813 3143 disciplinae
854 3067 1019 3127 vultam
1033 3075 1131 3127 autern

99 3171 169 3215 eras
190 3169 314 3227 excors,
335 3164 368 3215 ut
387 3163 450 3216 tota
473 3155 503 3214 in
526 3151 663 3215 oratione
686 3163 737 3213 tua
757 3160 858 3212 tecum
878 3149 946 3224 ipse
970 3165 1131 3225 pugnares,

99 3255 163 3299 non
190 3240 281 3298 modo
311 3255 372 3298 non
388 3237 582 3299 cohaerentia
605 3235 684 3296 inter
702 3251 737 3296 se
761 3235 895 3307 diceres,
923 3235 981 3294 sed
1002 3234 1133 3294 maxime

100 3320 234 3382 diiuncta
249 3331 340 3397 atque
356 3321 513 3392 contraria,
530 3329 563 3381 ut
577 3335 639 3379 non
654 3328 736 3379 tanta
753 3333 887 3390 mecum,
904 3325 1017 3392 quanta
1033 3326 1133 3379 tecum

99 3403 154 3464 tibi
171 3414 256 3466 esset
271 3404 434 3466 contentio.
479 3403 626 3465 Vitricum
648 3410 732 3464 tuum
752 3401 849 3463 luisse
869 3400 900 3460 in
921 3409 1004 3463 tanto
1017 3403 1134 3461 scelere

1084 3604 1151 3615 ¹..—
