2356 3854
390 170 392 175 ⁴
420 179 775 246 cnr.1-e.s.r-o:
930 200 934 207 ·
1047 176 1109 246 tlt

78 335 142 394 bat
186 331 216 399 3,
240 333 316 394 Num
339 329 391 406 qui
406 332 529 391 exsules
546 328 697 390 restitutit
716 330 816 390 Unum
829 330 936 404 aiebat,
952 339 1110 406 praeterea

80 416 242 476 neminem.
291 416 368 475 lium
395 412 599 487 immunitates
619 412 729 472 damet
752 413 872 485 Nullos,
893 415 1109 488 respondebat.

82 498 237 559 Adsentiri
252 497 340 558 etiarn
352 513 408 557 nos
426 496 491 556 Ser.
506 493 657 569 Sulpicio,
674 494 843 555 clarissimo
860 495 935 569 viro,
953 497 1056 570 voluit,
1071 514 1110 557 ne

82 600 143 659 qua
159 581 260 640 tabula
275 589 345 655 post
359 580 431 640 idus
443 579 567 639 Martias
586 577 677 638 ullius
698 577 814 638 decreti
827 578 965 638 Caesaris
987 588 1039 640 aut
1057 581 1109 641 be-

80 664 184 726 neficii
199 665 349 738 figeretur.
391 662 485 722 Multa
501 669 661 735 praetereo
676 675 775 734 eaque
790 662 957 735 praeclara.
985 663 1035 722 Ad
1050 663 1109 723 sin-

81 750 186 822 gulare
204 747 284 806 enim
298 747 337 804 M.
355 746 479 805 Antonii
499 746 610 803 iactum
632 743 755 803 festinat
769 741 875 802 oratio.
918 743 1110 818 Dictaturam,

82 846 162 905 quae
178 830 239 889 iarn
255 830 314 888 vim
329 827 433 902 regiae
447 828 607 902 potestatis
620 826 792 899 obsederat,
810 824 944 885 funditus
955 843 994 885 ex
1011 844 1045 886 re
1057 845 1110 902 pu·

81 914 161 973 blica
172 911 308 972 sustulit:
324 911 362 971 de
373 926 435 984 qua
444 927 484 969 ne
493 909 660 969 sententias
672 908 795 982 quidem
804 907 946 968 diximus.
961 908 1112 982 Scriptum

83 1003 207 1056 senatus
229 995 399 1054 consultum
422 992 504 1066 quod
524 990 591 1051 fleri
604 993 695 1051 vellet
708 989 819 1062 attulit,
843 1007 905 1064 quo
919 991 1045 1051 recitato
1060 1008 1112 1051 au·

83 1079 251 1139 cleritatem
272 1077 338 1135 eius
357 1090 476 1135 summo
497 1074 604 1134 studio*
622 1073 719 1133 secuti
738 1090 844 1132 sumus
858 1072 949 1147 eique
962 1072 1113 1148 amplissi·

83 1161 139 1221 mis
156 1160 258 1218 verbis
276 1165 470 1232 personatus
484 1158 655 1217 consultum
669 1155 782 1231 gratias
797 1156 925 1230 egimus.
954 1156 989 1214 li.
1004 1153 1033 1216 4.
1046 1156 1113 1214 Lux

83 1243 235 1317 quaedam
250 1239 411 1300 videbatur
425 1241 526 1300 oblata
540 1255 602 1299 non
616 1239 709 1300 modo
723 1255 833 1314 regno,
850 1238 939 1314 quod·
948 1240 1113 1314 pertulera-

82 1342 167 1396 mus‚
186 1323 346 1384 sedetiam
361 1325 445 1398 regni
460 1324 568 1384 timore
582 1322 717 1394 sublato,
732 1335 934 1397 magnumque
949 1322 1059 1397 pignus
1074 1321 1113 1381 eb

81 1425 119 1468 eo
134 1405 179 1466 rei
194 1405 334 1481 publicae
350 1406 460 1476 datum,
477 1422 513 1466 se
526 1405 651 1465 liberam
666 1404 817 1466 civitatem
833 1420 904 1466 esse
917 1406 1002 1479 velle,
1021 1422 1114 1480 quum

81 1489 238 1551 dictatoris
252 1504 377 1562 nomen,
393 1488 479 1570 quod
492 1504 585 1564 saepe
603 1487 715 1549 iustum
728 1488 850 1563 luisset,
865 1496 990 1564 propter
1005 1505 1113 1564 perpe·
1169 1527 1172 1533 ,

80 1581 152 1634 tuae
174 1571 341 1632 dictaturae
359 1579 513 1639 recentem
533 1571 708 1632 memoriam
727 1571 862 1632 funditus
884 1586 924 1630 ex
942 1572 1114 1647 republica

79 1657 266 1717 sustulisset
281 1685 282 1688 ¹
302 1653 331 1713 5.
347 1655 507 1714 Liberatus
524 1654 660 1728 periculo
676 1653 780 1714 caedis
795 1654 902 1729 paucis
917 1663 997 1728 post·
1006 1655 1114 1715 diebus

78 1748 224 1800 senatus:
236 1752 332 1798 uncus
347 1736 497 1812 impactus
511 1744 559 1796 est
574 1736 700 1809 fugitivo
715 1736 774 1808 illi,
797 1737 849 1812 qui
868 1738 899 1795 in
914 1737 945 1796 G.
960 1737 1047 1796 Marii
1060 1753 1114 1796 no-

75 1838 150 1882 men
164 1821 329 1880 invaserat.
358 1823 459 1894 Atque
476 1821 553 1878 baec
567 1818 669 1878 omnia
683 1820 880 1879 communiter
896 1835 964 1880 cum
982 1822 1112 1894 collega=

75 1905 142 1967 alie
165 1918 257 1978 porro
285 1903 410 1980 propria
429 1903 620 1962 Dolabellae:
642 1918 736 1976 quae,
762 1901 823 1961 nisi
842 1903 959 1976 collega
978 1903 1114 1974 aluisset,

76 1987 177 2057 credo
198 1986 236 2046 iis
259 1987 359 2046 lutura
384 1984 481 2045 tuisse
502 1979 681 2046 communia.
723 1984 799 2048 Nem
826 2002 918 2059 quum
933 1994 1071 2060 serperet
1084 1984 1115 2044 in

74 2072 190 2152 urbem
204 2068 353 2130 infinitum
369 2070 484 2129 malum
496 2068 589 2144 idque
604 2076 741 2128 manaret
755 2067 786 2127 in
803 2068 869 2129 dies
884 2068 988 2142 latius,
1010 2069 1116 2129 iidem·

78 2171 145 2229 que
156 2154 279 2214 bustum
287 2151 319 2212 in
334 2154 400 2212 loro
413 2152 556 2225 lacerent,
571 2152 622 2226 qui
633 2153 716 2212 illam
730 2150 913 2227 insepultam
929 2154 1117 2227 sepulturam

77 2237 257 2310 effecerant,
270 2244 301 2297 et
312 2234 422 2297 cotidie
435 2235 532 2310 magis
544 2235 703 2310 magisque
714 2234 825 2310 perditi
838 2237 976 2296 homines
989 2251 1058 2295 cum
1068 2233 1117 2294 sui

78 2321 234 2381 similibus
256 2320 355 2380 servis
383 2319 471 2380 tectis
500 2335 536 2379 ac
566 2318 688 2394 templis
712 2319 797 2379 urbis
823 2319 1023 2390 minarentur,
1046 2316 1122 2378 talis,

80 2401 311 2464 animadversio
327 2401 382 2462 tuit
394 2403 571 2463 Dolabellae
578 2419 671 2477 quum
687 2400 718 2461 in
733 2402 868 2465 audaces
886 2402 1117 2476 sceleratosque

80 2502 195 2548 servos
215 2493 278 2546 tum
298 2486 328 2544 in
348 2485 485 2560 impuros
506 2495 536 2546 et
556 2484 833 2556 nelariosliberos,
853 2485 984 2560 talisque
996 2484 1115 2544 eversio

80 2569 168 2630 illius
178 2576 357 2629 exsecratae
368 2571 536 2641 columnae,
551 2577 584 2630 ut
594 2568 665 2629 mihi
680 2568 786 2628 mirum
801 2567 939 2628 videatur
955 2576 1013 2628 tem
1027 2567 1116 2626 valde

81 2653 236 2726 reliquum
251 2659 372 2726 tempus
390 2653 429 2712 ab
446 2651 498 2711 illo
512 2666 572 2712 unc
589 2650 639 2712 dic
653 2650 851 2712 dissensisse
893 2652 924 2714 d.
939 2651 1020 2711 Ecce
1036 2649 1117 2710 enirn

80 2734 231 2795 Kalendis
246 2733 354 2807 Iuniis,
373 2735 484 2809 quibus
504 2740 537 2794 ut
549 2734 734 2794 adessemus
745 2733 897 2808 edixerat,
919 2741 1031 2793 mutata
1053 2747 1115 2790 orn·

82 2818 151 2878 nia=
172 2816 246 2877 nihil
269 2834 324 2892 per
338 2824 491 2889 senatum,
510 2817 603 2876 multa
617 2826 647 2876 et
662 2833 773 2891 magne
787 2832 842 2890 per
856 2817 1003 2890 populum
1020 2823 1050 2873 et
1064 2812 1116 2871 ab·

83 2907 173 2962 sente
195 2903 309 2975 populo
327 2908 357 2959 et
370 2898 473 2959 invito.
518 2897 667 2959 consules
683 2898 834 2972 designati
848 2898 999 2971 negabant
1012 2910 1048 2955 se
1064 2910 1116 2953 au·

83 2985 161 3044 dere
181 2981 212 3042 in
233 2991 371 3043 senatum
393 2981 511 3040 venire=
536 2980 652 3054 patriae
674 2981 853 3039 liberatores
874 2979 951 3039 urbe
974 2977 1119 3036 carebant

84 3082 132 3140 ea,
145 3065 232 3126 cuins
248 3080 267 3123 a
284 3064 455 3125 cervicibus
471 3063 574 3138 iugum
589 3061 701 3124 servile
716 3063 905 3122 deiecerant=
922 3076 1002 3134 quos
1015 3067 1116 3120 temen

83 3148 147 3224 ipsi
162 3149 306 3209 consules
317 3155 347 3207 et
357 3147 386 3205 in
401 3144 634 3206 conu'onibusot
647 3143 773 3205 inomni
786 3159 928 3203 sermone
944 3143 1117 3203 laudabant.

84 3231 232 3292 Veterani
255 3229 309 3306 qui
321 3229 566 3304 appellabantur,
590 3225 701 3304 quibus
722 3226 772 3286 hic
794 3226 871 3288 ordo
887 3224 1118 3300 diligentissime

86 3322 219 3389 caverat,
231 3328 292 3376 non
303 3312 344 3372 ad
357 3311 620 3373 conservationem
632 3326 735 3372 carum
746 3325 856 3384 rerum,
871 3309 1116 3385 quaslrubebnnt,

85 3397 144 3459 sed
150 3398 283 3473 adspem
295 3411 441 3456 novarum
448 3396 629 3471 praedarum
639 3393 849 3456 incitabantur.
864 3393 948 3468 Quae
959 3409 1053 3470 quum
1063 3407 1118 3453 au·
