<?xml version="1.0" encoding="UTF-8"?>
<!DOCTYPE html PUBLIC "-//W3C//DTD XHTML 1.0 Transitional//EN"
    "http://www.w3.org/TR/xhtml1/DTD/xhtml1-transitional.dtd">
<html xmlns="http://www.w3.org/1999/xhtml" xml:lang="en" lang="en">
 <head>
  <title>
</title>
<meta http-equiv="Content-Type" content="text/html;charset=utf-8" />
  <meta name='ocr-system' content='tesseract 3.04.00' />
  <meta name='ocr-capabilities' content='ocr_page ocr_carea ocr_par ocr_line ocrx_word'/>
</head>
<body>
  <div class='ocr_page' id='page_1' title='image "./mtulliiciceroni08cicegoog_0018.png"; bbox 0 0 2356 3854; ppageno 0'>
   <div class='ocr_carea' id='block_1_1' title="bbox 391 238 739 290">
    <p class='ocr_par' dir='ltr' id='par_1_1' title="bbox 391 238 739 290">
     <span class='ocr_line' id='line_1_1' title="bbox 391 238 739 290; baseline 0.003 -3"><span class='ocrx_word' id='word_1_1' title='bbox 391 238 456 288; x_wconf 81' lang='lat' dir='ltr'><strong>Ptttt</strong></span> <span class='ocrx_word' id='word_1_2' title='bbox 473 238 580 290; x_wconf 74' lang='lat' dir='ltr'>ANNOS</span> <span class='ocrx_word' id='word_1_3' title='bbox 596 238 739 289; x_wconf 70' lang='lat' dir='ltr'><strong>utensis.</strong></span> 
     </span>
    </p>
   </div>
   <div class='ocr_carea' id='block_1_2' title="bbox 10 533 1064 2570">
    <p class='ocr_par' dir='ltr' id='par_1_2' title="bbox 10 533 1064 2570">
     <span class='ocr_line' id='line_1_2' title="bbox 226 533 996 597; baseline 0 -15"><span class='ocrx_word' id='word_1_4' title='bbox 226 533 333 596; x_wconf 74' lang='lat' dir='ltr'>pertinet</span> <span class='ocrx_word' id='word_1_5' title='bbox 347 534 463 587; x_wconf 72' lang='grc'><strong>66166116</strong></span> <span class='ocrx_word' id='word_1_6' title='bbox 475 538 505 586; x_wconf 81' lang='lat' dir='ltr'><strong>bt</strong></span> <span class='ocrx_word' id='word_1_7' title='bbox 523 536 552 597; x_wconf 85' lang='lat' dir='ltr'><strong>Q.</strong></span> <span class='ocrx_word' id='word_1_8' title='bbox 568 535 696 585; x_wconf 75' lang='lat' dir='ltr'><strong>Caecilium</strong></span> <span class='ocrx_word' id='word_1_9' title='bbox 715 542 739 583; x_wconf 90' lang='lat' dir='ltr'><strong>et</strong></span> <span class='ocrx_word' id='word_1_10' title='bbox 753 534 826 583; x_wconf 78' lang='lat' dir='ltr'><strong>Aetio</strong></span> <span class='ocrx_word' id='word_1_11' title='bbox 844 533 895 583; x_wconf 81' lang='lat' dir='ltr'><strong>Cic.</strong></span> <span class='ocrx_word' id='word_1_12' title='bbox 911 535 996 594; x_wconf 81' lang='lat' dir='ltr'><strong>primo</strong></span> 
     </span>
     <span class='ocr_line' id='line_1_3' title="bbox 226 601 994 666; baseline 0 -17"><span class='ocrx_word' id='word_1_13' title='bbox 226 603 252 649; x_wconf 80' lang='lat' dir='ltr'><strong>in</strong></span> <span class='ocrx_word' id='word_1_14' title='bbox 273 601 388 655; x_wconf 73' lang='lat' dir='ltr'><strong>Verrem.</strong></span> <span class='ocrx_word' id='word_1_15' title='bbox 421 603 535 653; x_wconf 71' lang='lat' dir='ltr'><strong>Aedonia</strong></span> <span class='ocrx_word' id='word_1_16' title='bbox 557 603 680 653; x_wconf 81' lang='lat' dir='ltr'><strong>secundae</strong></span> <span class='ocrx_word' id='word_1_17' title='bbox 697 601 756 651; x_wconf 80' lang='lat' dir='ltr'><strong><em>libri</em></strong></span> <span class='ocrx_word' id='word_1_18' title='bbox 775 604 880 666; x_wconf 77' lang='lat' dir='ltr'><strong>quiaque</strong></span> <span class='ocrx_word' id='word_1_19' title='bbox 896 609 994 666; x_wconf 87' lang='lat' dir='ltr'><strong>postea,</strong></span> 
     </span>
     <span class='ocr_line' id='line_1_4' title="bbox 227 670 773 735; baseline 0 -19"><span class='ocrx_word' id='word_1_20' title='bbox 227 670 307 717; x_wconf 89' lang='lat' dir='ltr'><strong>Verre</strong></span> <span class='ocrx_word' id='word_1_21' title='bbox 326 671 377 719; x_wconf 88' lang='lat' dir='ltr'><strong>iam</strong></span> <span class='ocrx_word' id='word_1_22' title='bbox 397 671 535 730; x_wconf 77' lang='lat' dir='ltr'><strong>exsulante,</strong></span> <span class='ocrx_word' id='word_1_23' title='bbox 554 672 688 735; x_wconf 77' lang='lat' dir='ltr'><strong>conscripti</strong></span> <span class='ocrx_word' id='word_1_24' title='bbox 708 679 773 718; x_wconf 86' lang='lat' dir='ltr'><strong>sunt.</strong></span> 
     </span>
     <span class='ocr_line' id='line_1_5' title="bbox 260 736 994 801; baseline -0.001 -16"><span class='ocrx_word' id='word_1_25' title='bbox 260 737 313 786; x_wconf 85' lang='lat' dir='ltr'><strong>Hoc</strong></span> <span class='ocrx_word' id='word_1_26' title='bbox 338 752 404 787; x_wconf 91' lang='lat' dir='ltr'><strong>anno</strong></span> <span class='ocrx_word' id='word_1_27' title='bbox 422 740 453 790; x_wconf 89' lang='lat' dir='ltr'><strong>L.</strong></span> <span class='ocrx_word' id='word_1_28' title='bbox 476 738 594 788; x_wconf 81' lang='lat' dir='ltr'><strong>Aurelius</strong></span> <span class='ocrx_word' id='word_1_29' title='bbox 618 738 689 787; x_wconf 83' lang='lat' dir='ltr'><strong>Cotta</strong></span> <span class='ocrx_word' id='word_1_30' title='bbox 712 744 812 801; x_wconf 86' lang='lat' dir='ltr'><strong>praetor</strong></span> <span class='ocrx_word' id='word_1_31' title='bbox 835 738 892 786; x_wconf 92' lang='lat' dir='ltr'><strong>tulit</strong></span> <span class='ocrx_word' id='word_1_32' title='bbox 912 736 994 801; x_wconf 85' lang='lat' dir='ltr'><strong>legem</strong></span> 
     </span>
     <span class='ocr_line' id='line_1_6' title="bbox 227 804 994 872; baseline 0.001 -20"><span class='ocrx_word' id='word_1_33' title='bbox 227 804 384 855; x_wconf 88' lang='lat' dir='ltr'><strong>iudiciariam</strong></span> <span class='ocrx_word' id='word_1_34' title='bbox 402 808 436 857; x_wconf 92' lang='lat' dir='ltr'><strong>ad</strong></span> <span class='ocrx_word' id='word_1_35' title='bbox 449 808 580 872; x_wconf 89' lang='lat' dir='ltr'><strong>populum,</strong></span> <span class='ocrx_word' id='word_1_36' title='bbox 600 821 650 868; x_wconf 87' lang='lat' dir='ltr'><strong>qua</strong></span> <span class='ocrx_word' id='word_1_37' title='bbox 663 805 765 864; x_wconf 88' lang='lat' dir='ltr'><strong>iudicia,</strong></span> <span class='ocrx_word' id='word_1_38' title='bbox 785 820 850 867; x_wconf 90' lang='lat' dir='ltr'><strong>quae</strong></span> <span class='ocrx_word' id='word_1_39' title='bbox 867 804 994 869; x_wconf 66' lang='grc'><strong>1636666-</strong></span> 
     </span>
     <span class='ocr_line' id='line_1_7' title="bbox 227 871 994 937; baseline 0.001 -17"><span class='ocrx_word' id='word_1_40' title='bbox 227 871 293 921; x_wconf 91' lang='lat' dir='ltr'><strong>nelia</strong></span> <span class='ocrx_word' id='word_1_41' title='bbox 307 887 385 937; x_wconf 88' lang='lat' dir='ltr'><strong>penes</strong></span> <span class='ocrx_word' id='word_1_42' title='bbox 402 884 530 924; x_wconf 77' lang='lat' dir='ltr'>senatores</span> <span class='ocrx_word' id='word_1_43' title='bbox 545 875 654 933; x_wconf 83' lang='lat' dir='ltr'><strong>fuerant,</strong></span> <span class='ocrx_word' id='word_1_44' title='bbox 668 874 850 922; x_wconf 89' lang='lat' dir='ltr'><strong>communicata</strong></span> <span class='ocrx_word' id='word_1_45' title='bbox 864 882 922 922; x_wconf 79' lang='lat' dir='ltr'><strong>sunt</strong></span> <span class='ocrx_word' id='word_1_46' title='bbox 937 888 994 921; x_wconf 89' lang='lat' dir='ltr'><strong>cum</strong></span> 
     </span>
     <span class='ocr_line' id='line_1_8' title="bbox 227 941 995 1006; baseline -0.003 -16"><span class='ocrx_word' id='word_1_47' title='bbox 227 941 354 1003; x_wconf 80' lang='lat' dir='ltr'><strong>equitibus</strong></span> <span class='ocrx_word' id='word_1_48' title='bbox 371 950 397 990; x_wconf 91' lang='lat' dir='ltr'><strong>et</strong></span> <span class='ocrx_word' id='word_1_49' title='bbox 408 943 515 992; x_wconf 86' lang='lat' dir='ltr'><strong>tribunis</strong></span> <span class='ocrx_word' id='word_1_50' title='bbox 533 943 645 991; x_wconf 83' lang='lat' dir='ltr'><strong>aerariis.</strong></span> <span class='ocrx_word' id='word_1_51' title='bbox 682 942 827 991; x_wconf 50' lang='lat' dir='ltr'><strong>Tribunicio*</strong></span> <span class='ocrx_word' id='word_1_52' title='bbox 842 949 953 1006; x_wconf 86' lang='lat' dir='ltr'><strong>potestas</strong></span> <span class='ocrx_word' id='word_1_53' title='bbox 969 942 995 988; x_wconf 90' lang='lat' dir='ltr'><strong>iu</strong></span> 
     </span>
     <span class='ocr_line' id='line_1_9' title="bbox 226 1008 547 1072; baseline -0.003 -15"><span class='ocrx_word' id='word_1_54' title='bbox 226 1008 350 1072; x_wconf 68' lang='lat' dir='ltr'><strong>integrum</strong></span> <span class='ocrx_word' id='word_1_55' title='bbox 369 1013 484 1072; x_wconf 82' lang='lat' dir='ltr'><strong>restituta</strong></span> <span class='ocrx_word' id='word_1_56' title='bbox 502 1017 547 1059; x_wconf 85' lang='lat' dir='ltr'><strong>est.</strong></span> 
     </span>
     <span class='ocr_line' id='line_1_10' title="bbox 10 1046 1064 1138; baseline 0.002 -12"><span class='ocrx_word' id='word_1_57' title='bbox 10 1046 14 1096; x_wconf 67' lang='grc' dir='ltr'>Ι</span> <span class='ocrx_word' id='word_1_58' title='bbox 61 1072 112 1126; x_wconf 84' lang='grc'><strong>686</strong></span> <span class='ocrx_word' id='word_1_59' title='bbox 155 1066 191 1121; x_wconf 83' lang='grc'><strong>69</strong></span> <span class='ocrx_word' id='word_1_60' title='bbox 227 1074 297 1125; x_wconf 82' lang='lat' dir='ltr'><strong>Coss.</strong></span> <span class='ocrx_word' id='word_1_61' title='bbox 333 1077 363 1138; x_wconf 84' lang='lat' dir='ltr'><strong>Q.</strong></span> <span class='ocrx_word' id='word_1_62' title='bbox 383 1077 542 1136; x_wconf 70' lang='lat' dir='ltr'><strong><em>Hortensius,</em></strong></span> <span class='ocrx_word' id='word_1_63' title='bbox 560 1078 588 1138; x_wconf 88' lang='lat' dir='ltr'><strong>Q.</strong></span> <span class='ocrx_word' id='word_1_64' title='bbox 608 1078 728 1128; x_wconf 74' lang='lat' dir='ltr'><strong>Caecilius</strong></span> <span class='ocrx_word' id='word_1_65' title='bbox 743 1077 861 1126; x_wconf 81' lang='lat' dir='ltr'><strong>Metellus</strong></span> <span class='ocrx_word' id='word_1_66' title='bbox 874 1076 993 1126; x_wconf 75' lang='lat' dir='ltr'><strong>Creticus.</strong></span> <span class='ocrx_word' id='word_1_67' title='bbox 1029 1075 1064 1128; x_wconf 78' lang='lat'><strong>38</strong></span> 
     </span>
     <span class='ocr_line' id='line_1_11' title="bbox 262 1142 992 1208; baseline -0.003 -15"><span class='ocrx_word' id='word_1_68' title='bbox 262 1142 347 1193; x_wconf 74' lang='lat' dir='ltr'><strong>cicero</strong></span> <span class='ocrx_word' id='word_1_69' title='bbox 367 1146 456 1195; x_wconf 70' lang='lat' dir='ltr'><strong>aedilis</strong></span> <span class='ocrx_word' id='word_1_70' title='bbox 477 1147 554 1194; x_wconf 85' lang='lat' dir='ltr'><strong>trinos</strong></span> <span class='ocrx_word' id='word_1_71' title='bbox 573 1146 646 1194; x_wconf 87' lang='lat' dir='ltr'><strong>ludos</strong></span> <span class='ocrx_word' id='word_1_72' title='bbox 670 1146 729 1194; x_wconf 85' lang='lat' dir='ltr'><strong>iacit</strong></span> <span class='ocrx_word' id='word_1_73' title='bbox 747 1145 846 1194; x_wconf 87' lang='lat' dir='ltr'><strong>modico</strong></span> <span class='ocrx_word' id='word_1_74' title='bbox 867 1143 992 1208; x_wconf 87' lang='lat' dir='ltr'><strong>sumptu.¹</strong></span> 
     </span>
     <span class='ocr_line' id='line_1_12' title="bbox 227 1210 994 1276; baseline -0.001 -16"><span class='ocrx_word' id='word_1_75' title='bbox 227 1210 266 1260; x_wconf 92' lang='lat' dir='ltr'><strong>M.</strong></span> <span class='ocrx_word' id='word_1_76' title='bbox 285 1212 413 1263; x_wconf 79' lang='lat' dir='ltr'><strong>Fonteium</strong></span> <span class='ocrx_word' id='word_1_77' title='bbox 429 1229 460 1263; x_wconf 85' lang='lat' dir='ltr'><strong>ex</strong></span> <span class='ocrx_word' id='word_1_78' title='bbox 475 1213 556 1263; x_wconf 84' lang='lat' dir='ltr'><strong>Gallie</strong></span> <span class='ocrx_word' id='word_1_79' title='bbox 571 1215 710 1276; x_wconf 85' lang='lat' dir='ltr'><strong>provincia,</strong></span> <span class='ocrx_word' id='word_1_80' title='bbox 729 1228 804 1274; x_wconf 85' lang='lat' dir='ltr'><strong>quam</strong></span> <span class='ocrx_word' id='word_1_81' title='bbox 821 1227 866 1275; x_wconf 89' lang='lat' dir='ltr'><strong>pro</strong></span> <span class='ocrx_word' id='word_1_82' title='bbox 879 1221 994 1276; x_wconf 81' lang='lat' dir='ltr'><strong>praetore</strong></span> 
     </span>
     <span class='ocr_line' id='line_1_13' title="bbox 227 1280 994 1346; baseline 0 -19"><span class='ocrx_word' id='word_1_83' title='bbox 227 1293 272 1343; x_wconf 89' lang='lat' dir='ltr'><strong>per</strong></span> <span class='ocrx_word' id='word_1_84' title='bbox 288 1281 424 1330; x_wconf 86' lang='lat' dir='ltr'><strong>triennium</strong></span> <span class='ocrx_word' id='word_1_85' title='bbox 443 1290 550 1340; x_wconf 84' lang='lat' dir='ltr'><strong>rexerat,</strong></span> <span class='ocrx_word' id='word_1_86' title='bbox 569 1282 762 1346; x_wconf 87' lang='lat' dir='ltr'><strong>repetundarum</strong></span> <span class='ocrx_word' id='word_1_87' title='bbox 779 1295 865 1338; x_wconf 88' lang='lat' dir='ltr'><strong>reum,</strong></span> <span class='ocrx_word' id='word_1_88' title='bbox 885 1280 994 1328; x_wconf 80' lang='lat' dir='ltr'><strong>oratione</strong></span> 
     </span>
     <span class='ocr_line' id='line_1_14' title="bbox 227 1345 994 1399; baseline 0.003 -5"><span class='ocrx_word' id='word_1_89' title='bbox 227 1345 347 1397; x_wconf 72' lang='lat' dir='ltr'><strong>defendit.</strong></span> <span class='ocrx_word' id='word_1_90' title='bbox 384 1350 425 1398; x_wconf 82' lang='lat' dir='ltr'><strong>Ad</strong></span> <span class='ocrx_word' id='word_1_91' title='bbox 444 1350 550 1399; x_wconf 90' lang='lat' dir='ltr'><strong>eundem</strong></span> <span class='ocrx_word' id='word_1_92' title='bbox 568 1364 661 1399; x_wconf 90' lang='lat' dir='ltr'><strong>annum</strong></span> <span class='ocrx_word' id='word_1_93' title='bbox 674 1349 804 1399; x_wconf 77' lang='lat' dir='ltr'><strong>referende</strong></span> <span class='ocrx_word' id='word_1_94' title='bbox 821 1348 921 1397; x_wconf 89' lang='lat' dir='ltr'><strong>videtur</strong></span> <span class='ocrx_word' id='word_1_95' title='bbox 940 1362 994 1396; x_wconf 88' lang='lat' dir='ltr'><strong>ora-</strong></span> 
     </span>
     <span class='ocr_line' id='line_1_15' title="bbox 227 1415 939 1477; baseline 0.013 -13"><span class='ocrx_word' id='word_1_96' title='bbox 227 1415 262 1465; x_wconf 86' lang='lat' dir='ltr'><strong>tio</strong></span> <span class='ocrx_word' id='word_1_97' title='bbox 276 1428 326 1477; x_wconf 82' lang='lat' dir='ltr'><strong>pro</strong></span> <span class='ocrx_word' id='word_1_98' title='bbox 342 1416 377 1469; x_wconf 84' lang='grc' dir='ltr'><strong>Α.</strong></span> <span class='ocrx_word' id='word_1_99' title='bbox 397 1417 512 1467; x_wconf 74' lang='lat' dir='ltr'><strong>Caecina.</strong></span> <span class='ocrx_word' id='word_1_100' title='bbox 934 1463 939 1473; x_wconf 80' lang='lat'><strong>.</strong></span> 
     </span>
     <span class='ocr_line' id='line_1_16' title="bbox 61 1472 919 1546; baseline 0 -13"><span class='ocrx_word' id='word_1_101' title='bbox 61 1477 113 1533; x_wconf 83' lang='lat'><strong>686</strong></span> <span class='ocrx_word' id='word_1_102' title='bbox 157 1472 195 1526; x_wconf 64' lang='lat'><strong>63</strong></span> <span class='ocrx_word' id='word_1_103' title='bbox 228 1482 298 1533; x_wconf 81' lang='lat' dir='ltr'><strong>Coss.</strong></span> <span class='ocrx_word' id='word_1_104' title='bbox 334 1483 367 1536; x_wconf 83' lang='lat' dir='ltr'><strong>L.</strong></span> <span class='ocrx_word' id='word_1_105' title='bbox 387 1485 507 1536; x_wconf 72' lang='lat' dir='ltr'><strong>Caecilius</strong></span> <span class='ocrx_word' id='word_1_106' title='bbox 525 1486 651 1544; x_wconf 73' lang='lat' dir='ltr'><strong>Metellus,</strong></span> <span class='ocrx_word' id='word_1_107' title='bbox 669 1485 700 1546; x_wconf 85' lang='lat' dir='ltr'><strong>Q.</strong></span> <span class='ocrx_word' id='word_1_108' title='bbox 719 1484 835 1535; x_wconf 77' lang='lat' dir='ltr'><strong>Marcius</strong></span> <span class='ocrx_word' id='word_1_109' title='bbox 852 1483 919 1534; x_wconf 68' lang='lat' dir='ltr'><strong>aee.</strong></span> 
     </span>
     <span class='ocr_line' id='line_1_17' title="bbox 261 1551 994 1618; baseline -0.003 -17"><span class='ocrx_word' id='word_1_110' title='bbox 261 1551 315 1601; x_wconf 81' lang='lat' dir='ltr'><strong>Hoc</strong></span> <span class='ocrx_word' id='word_1_111' title='bbox 331 1567 396 1602; x_wconf 85' lang='lat' dir='ltr'><strong>anuo</strong></span> <span class='ocrx_word' id='word_1_112' title='bbox 412 1555 535 1618; x_wconf 88' lang='lat' dir='ltr'><strong>incipiunt</strong></span> <span class='ocrx_word' id='word_1_113' title='bbox 551 1554 677 1603; x_wconf 81' lang='lat' dir='ltr'><strong>Ciceronis</strong></span> <span class='ocrx_word' id='word_1_114' title='bbox 692 1553 813 1618; x_wconf 88' lang='lat' dir='ltr'><strong>epistolae</strong></span> <span class='ocrx_word' id='word_1_115' title='bbox 827 1553 861 1602; x_wconf 90' lang='lat' dir='ltr'><strong>ad</strong></span> <span class='ocrx_word' id='word_1_116' title='bbox 874 1554 994 1602; x_wconf 79' lang='lat' dir='ltr'><strong>Atticum.</strong></span> 
     </span>
     <span class='ocr_line' id='line_1_18' title="bbox 227 1618 793 1687; baseline -0.004 -16"><span class='ocrx_word' id='word_1_117' title='bbox 227 1620 258 1671; x_wconf 79' lang='lat' dir='ltr'><strong>L·</strong></span> <span class='ocrx_word' id='word_1_118' title='bbox 279 1618 364 1671; x_wconf 80' lang='lat' dir='ltr'><strong>Cicero</strong></span> <span class='ocrx_word' id='word_1_119' title='bbox 381 1621 415 1670; x_wconf 89' lang='lat' dir='ltr'><strong>M.</strong></span> <span class='ocrx_word' id='word_1_120' title='bbox 430 1621 507 1670; x_wconf 82' lang='lat' dir='ltr'><strong>irater</strong></span> <span class='ocrx_word' id='word_1_121' title='bbox 524 1621 645 1687; x_wconf 86' lang='lat' dir='ltr'><strong>patruelis</strong></span> <span class='ocrx_word' id='word_1_122' title='bbox 664 1623 793 1670; x_wconf 79' lang='lat' dir='ltr'><strong>moritur.²</strong></span> 
     </span>
     <span class='ocr_line' id='line_1_19' title="bbox 61 1673 926 1751; baseline -0.005 -12"><span class='ocrx_word' id='word_1_123' title='bbox 61 1681 113 1739; x_wconf 79' lang='lat' dir='ltr'><strong>tet</strong></span> <span class='ocrx_word' id='word_1_124' title='bbox 159 1673 195 1730; x_wconf 82' lang='lat' dir='ltr'><strong>et</strong></span> <span class='ocrx_word' id='word_1_125' title='bbox 210 1707 214 1715; x_wconf 94' lang='lat'>-</span> <span class='ocrx_word' id='word_1_126' title='bbox 228 1687 301 1737; x_wconf 69' lang='lat' dir='ltr'><strong>coss.</strong></span> <span class='ocrx_word' id='word_1_127' title='bbox 336 1688 363 1738; x_wconf 83' lang='lat' dir='ltr'><strong>c.</strong></span> <span class='ocrx_word' id='word_1_128' title='bbox 382 1689 532 1751; x_wconf 62' lang='lat' dir='ltr'><strong>cupimus</strong></span> <span class='ocrx_word' id='word_1_129' title='bbox 549 1691 619 1748; x_wconf 74' lang='lat' dir='ltr'><strong>ruo,</strong></span> <span class='ocrx_word' id='word_1_130' title='bbox 638 1689 687 1737; x_wconf 81' lang='lat' dir='ltr'><strong>m.</strong></span> <span class='ocrx_word' id='word_1_131' title='bbox 702 1688 797 1738; x_wconf 57' lang='lat' dir='ltr'><strong>aaziae</strong></span> <span class='ocrx_word' id='word_1_132' title='bbox 814 1688 926 1738; x_wconf 64' lang='lat' dir='ltr'><strong>etatae.</strong></span> 
     </span>
     <span class='ocr_line' id='line_1_20' title="bbox 263 1755 996 1822; baseline -0.003 -17"><span class='ocrx_word' id='word_1_133' title='bbox 263 1755 349 1806; x_wconf 76' lang='lat' dir='ltr'><strong>Cicero</strong></span> <span class='ocrx_word' id='word_1_134' title='bbox 364 1768 506 1820; x_wconf 86' lang='lat' dir='ltr'><strong>praeturum</strong></span> <span class='ocrx_word' id='word_1_135' title='bbox 522 1759 587 1822; x_wconf 91' lang='lat' dir='ltr'><strong>petit</strong></span> <span class='ocrx_word' id='word_1_136' title='bbox 604 1764 628 1805; x_wconf 85' lang='lat' dir='ltr'><strong>et</strong></span> <span class='ocrx_word' id='word_1_137' title='bbox 647 1759 711 1804; x_wconf 88' lang='lat' dir='ltr'><strong>iuter</strong></span> <span class='ocrx_word' id='word_1_138' title='bbox 729 1764 783 1804; x_wconf 89' lang='lat' dir='ltr'><strong>octo</strong></span> <span class='ocrx_word' id='word_1_139' title='bbox 801 1764 929 1819; x_wconf 86' lang='lat' dir='ltr'><strong>praetores</strong></span> <span class='ocrx_word' id='word_1_140' title='bbox 944 1755 996 1817; x_wconf 88' lang='lat' dir='ltr'><strong>pri-</strong></span> 
     </span>
     <span class='ocr_line' id='line_1_21' title="bbox 162 1820 994 1889; baseline -0.004 -17"><span class='ocrx_word' id='word_1_141' title='bbox 162 1870 167 1889; x_wconf 69' lang='grc'>,</span> <span class='ocrx_word' id='word_1_142' title='bbox 228 1838 284 1873; x_wconf 88' lang='lat' dir='ltr'><strong>mus</strong></span> <span class='ocrx_word' id='word_1_143' title='bbox 309 1825 479 1888; x_wconf 69' lang='lat' dir='ltr'><strong>designatur.³</strong></span> <span class='ocrx_word' id='word_1_144' title='bbox 516 1827 589 1872; x_wconf 79' lang='lat' dir='ltr'><strong>Anno</strong></span> <span class='ocrx_word' id='word_1_145' title='bbox 615 1832 720 1872; x_wconf 84' lang='lat' dir='ltr'><strong>exeunte</strong></span> <span class='ocrx_word' id='word_1_146' title='bbox 742 1822 820 1870; x_wconf 87' lang='lat' dir='ltr'><strong>liliam</strong></span> <span class='ocrx_word' id='word_1_147' title='bbox 841 1822 948 1870; x_wconf 84' lang='lat' dir='ltr'><strong>Tulliam</strong></span> <span class='ocrx_word' id='word_1_148' title='bbox 967 1820 994 1871; x_wconf 83' lang='grc'><strong>6.</strong></span> 
     </span>
     <span class='ocr_line' id='line_1_22' title="bbox 228 1889 994 1957; baseline -0.003 -15"><span class='ocrx_word' id='word_1_149' title='bbox 228 1893 313 1942; x_wconf 82' lang='lat' dir='ltr'><strong>Pisoni</strong></span> <span class='ocrx_word' id='word_1_150' title='bbox 330 1891 360 1940; x_wconf 86' lang='lat' dir='ltr'><strong>L.</strong></span> <span class='ocrx_word' id='word_1_151' title='bbox 375 1894 403 1941; x_wconf 70' lang='lat' dir='ltr'><strong>tt.</strong></span> <span class='ocrx_word' id='word_1_152' title='bbox 421 1893 497 1957; x_wconf 77' lang='lat' dir='ltr'><strong>Fmgi</strong></span> <span class='ocrx_word' id='word_1_153' title='bbox 512 1890 658 1957; x_wconf 83' lang='lat' dir='ltr'><strong>despondet,</strong></span> <span class='ocrx_word' id='word_1_154' title='bbox 677 1890 786 1939; x_wconf 88' lang='lat' dir='ltr'><strong>nondum</strong></span> <span class='ocrx_word' id='word_1_155' title='bbox 804 1890 860 1940; x_wconf 83' lang='lat' dir='ltr'><strong>scil.</strong></span> <span class='ocrx_word' id='word_1_156' title='bbox 875 1889 994 1950; x_wconf 86' lang='lat' dir='ltr'><strong>nubilem,</strong></span> 
     </span>
     <span class='ocr_line' id='line_1_23' title="bbox 229 1958 818 2025; baseline -0.005 -16"><span class='ocrx_word' id='word_1_157' title='bbox 229 1961 323 2025; x_wconf 81' lang='lat' dir='ltr'><strong>nuptiis</strong></span> <span class='ocrx_word' id='word_1_158' title='bbox 342 1961 369 2009; x_wconf 92' lang='lat' dir='ltr'><strong>in</strong></span> <span class='ocrx_word' id='word_1_159' title='bbox 388 1976 480 2010; x_wconf 89' lang='lat' dir='ltr'><strong>annum</strong></span> <span class='ocrx_word' id='word_1_160' title='bbox 497 1959 589 2009; x_wconf 78' lang='lat' dir='ltr'><strong>abhinc</strong></span> <span class='ocrx_word' id='word_1_161' title='bbox 607 1960 706 2008; x_wconf 86' lang='lat' dir='ltr'><strong>tertium</strong></span> <span class='ocrx_word' id='word_1_162' title='bbox 724 1958 818 2008; x_wconf 89' lang='lat' dir='ltr'><strong>dilatis.</strong></span> 
     </span>
     <span class='ocr_line' id='line_1_24' title="bbox 262 2025 996 2094; baseline -0.003 -16"><span class='ocrx_word' id='word_1_163' title='bbox 262 2026 307 2078; x_wconf 83' lang='grc'><strong>66.</strong></span> <span class='ocrx_word' id='word_1_164' title='bbox 322 2027 442 2093; x_wconf 87' lang='lat' dir='ltr'><strong>Pompeio</strong></span> <span class='ocrx_word' id='word_1_165' title='bbox 456 2030 547 2094; x_wconf 79' lang='lat' dir='ltr'><strong>Magno</strong></span> <span class='ocrx_word' id='word_1_166' title='bbox 564 2025 659 2076; x_wconf 88' lang='lat' dir='ltr'><strong>bellum</strong></span> <span class='ocrx_word' id='word_1_167' title='bbox 680 2027 800 2077; x_wconf 84' lang='lat' dir='ltr'><strong>adversus</strong></span> <span class='ocrx_word' id='word_1_168' title='bbox 815 2029 932 2092; x_wconf 85' lang='lat' dir='ltr'><strong>piratas⁴</strong></span> <span class='ocrx_word' id='word_1_169' title='bbox 953 2028 996 2077; x_wconf 92' lang='lat' dir='ltr'><strong>de-</strong></span> 
     </span>
     <span class='ocr_line' id='line_1_25' title="bbox 228 2094 995 2162; baseline 0.001 -19"><span class='ocrx_word' id='word_1_170' title='bbox 228 2095 306 2145; x_wconf 78' lang='lat' dir='ltr'><strong>fertur</strong></span> <span class='ocrx_word' id='word_1_171' title='bbox 325 2094 382 2161; x_wconf 81' lang='lat' dir='ltr'><strong>lege</strong></span> <span class='ocrx_word' id='word_1_172' title='bbox 398 2097 510 2147; x_wconf 85' lang='lat' dir='ltr'><strong>Gabinia.</strong></span> <span class='ocrx_word' id='word_1_173' title='bbox 537 2097 567 2146; x_wconf 90' lang='lat' dir='ltr'><strong>L.</strong></span> <span class='ocrx_word' id='word_1_174' title='bbox 584 2097 692 2146; x_wconf 84' lang='lat' dir='ltr'><strong>Roscius</strong></span> <span class='ocrx_word' id='word_1_175' title='bbox 708 2094 771 2146; x_wconf 79' lang='lat' dir='ltr'><strong>Otho</strong></span> <span class='ocrx_word' id='word_1_176' title='bbox 789 2098 847 2147; x_wconf 87' lang='lat' dir='ltr'><strong>trib.</strong></span> <span class='ocrx_word' id='word_1_177' title='bbox 864 2096 995 2162; x_wconf 71' lang='lat' dir='ltr'><strong>phlegma</strong></span> 
     </span>
     <span class='ocr_line' id='line_1_26' title="bbox 206 2162 912 2228; baseline 0.001 -16"><span class='ocrx_word' id='word_1_178' title='bbox 206 2162 212 2185; x_wconf 70' lang='lat'>⁸</span> <span class='ocrx_word' id='word_1_179' title='bbox 227 2163 293 2224; x_wconf 87' lang='lat' dir='ltr'><strong>tulit,</strong></span> <span class='ocrx_word' id='word_1_180' title='bbox 310 2173 338 2213; x_wconf 90' lang='lat' dir='ltr'><strong>nt</strong></span> <span class='ocrx_word' id='word_1_181' title='bbox 357 2167 453 2227; x_wconf 79' lang='lat' dir='ltr'><strong>equites</strong></span> <span class='ocrx_word' id='word_1_182' title='bbox 471 2167 498 2215; x_wconf 89' lang='lat' dir='ltr'><strong>iu</strong></span> <span class='ocrx_word' id='word_1_183' title='bbox 514 2163 579 2215; x_wconf 85' lang='lat' dir='ltr'>XIV.</span> <span class='ocrx_word' id='word_1_184' title='bbox 600 2166 728 2215; x_wconf 80' lang='lat' dir='ltr'><strong>ordinibus</strong></span> <span class='ocrx_word' id='word_1_185' title='bbox 747 2166 912 2228; x_wconf 78' lang='lat' dir='ltr'><strong>spectarent.⁸</strong></span> 
     </span>
     <span class='ocr_line' id='line_1_27' title="bbox 56 2226 974 2295; baseline -0.001 -14"><span class='ocrx_word' id='word_1_186' title='bbox 56 2235 116 2292; x_wconf 82' lang='grc'><strong>688</strong></span> <span class='ocrx_word' id='word_1_187' title='bbox 160 2226 196 2281; x_wconf 91' lang='grc'><strong>66</strong></span> <span class='ocrx_word' id='word_1_188' title='bbox 228 2230 300 2282; x_wconf 82' lang='lat' dir='ltr'><strong>Coss.</strong></span> <span class='ocrx_word' id='word_1_189' title='bbox 335 2231 384 2281; x_wconf 84' lang='grc' dir='ltr'><strong>Μ’.</strong></span> <span class='ocrx_word' id='word_1_190' title='bbox 402 2233 520 2284; x_wconf 71' lang='lat' dir='ltr'><strong>Aetnilius</strong></span> <span class='ocrx_word' id='word_1_191' title='bbox 540 2233 657 2295; x_wconf 77' lang='lat' dir='ltr'><strong>Lepidus,</strong></span> <span class='ocrx_word' id='word_1_192' title='bbox 673 2234 708 2283; x_wconf 84' lang='lat' dir='ltr'><strong>L.</strong></span> <span class='ocrx_word' id='word_1_193' title='bbox 731 2233 860 2282; x_wconf 66' lang='lat' dir='ltr'><strong>Volcatius</strong></span> <span class='ocrx_word' id='word_1_194' title='bbox 880 2232 974 2280; x_wconf 80' lang='lat' dir='ltr'><strong>Tullus.</strong></span> 
     </span>
     <span class='ocr_line' id='line_1_28' title="bbox 263 2299 996 2367; baseline -0.001 -18"><span class='ocrx_word' id='word_1_195' title='bbox 263 2299 350 2351; x_wconf 82' lang='lat' dir='ltr'><strong>Cicero</strong></span> <span class='ocrx_word' id='word_1_196' title='bbox 365 2309 511 2362; x_wconf 83' lang='lat' dir='ltr'><strong>praeturam</strong></span> <span class='ocrx_word' id='word_1_197' title='bbox 526 2303 603 2367; x_wconf 79' lang='lat' dir='ltr'><strong>gerit3</strong></span> <span class='ocrx_word' id='word_1_198' title='bbox 625 2303 679 2351; x_wconf 83' lang='lat' dir='ltr'><strong>eins</strong></span> <span class='ocrx_word' id='word_1_199' title='bbox 698 2301 775 2352; x_wconf 85' lang='lat' dir='ltr'><strong>irater</strong></span> <span class='ocrx_word' id='word_1_200' title='bbox 793 2301 823 2359; x_wconf 82' lang='lat' dir='ltr'><strong>Q.</strong></span> <span class='ocrx_word' id='word_1_201' title='bbox 843 2300 996 2349; x_wconf 79' lang='lat' dir='ltr'><strong>aedilitatem</strong></span> 
     </span>
     <span class='ocr_line' id='line_1_29' title="bbox 227 2366 1052 2434; baseline 0 -18"><span class='ocrx_word' id='word_1_202' title='bbox 227 2369 301 2431; x_wconf 89' lang='lat' dir='ltr'><strong>petit.</strong></span> <span class='ocrx_word' id='word_1_203' title='bbox 335 2369 393 2432; x_wconf 86' lang='lat' dir='ltr'><strong>lpse</strong></span> <span class='ocrx_word' id='word_1_204' title='bbox 408 2372 545 2421; x_wconf 76' lang='lat' dir='ltr'><strong>oratIonem</strong></span> <span class='ocrx_word' id='word_1_205' title='bbox 556 2384 605 2431; x_wconf 84' lang='lat' dir='ltr'><strong>pro</strong></span> <span class='ocrx_word' id='word_1_206' title='bbox 622 2372 675 2434; x_wconf 72' lang='lat' dir='ltr'><strong>lepe</strong></span> <span class='ocrx_word' id='word_1_207' title='bbox 690 2368 799 2418; x_wconf 80' lang='lat' dir='ltr'><strong>Manilia</strong></span> <span class='ocrx_word' id='word_1_208' title='bbox 817 2383 832 2416; x_wconf 89' lang='lat' dir='ltr'><strong>a</strong></span> <span class='ocrx_word' id='word_1_209' title='bbox 846 2369 903 2418; x_wconf 91' lang='lat' dir='ltr'><strong>trib.</strong></span> <span class='ocrx_word' id='word_1_210' title='bbox 920 2366 957 2430; x_wconf 83' lang='lat' dir='ltr'><strong>pl.</strong></span> <span class='ocrx_word' id='word_1_211' title='bbox 968 2366 996 2416; x_wconf 81' lang='grc'><strong>6.</strong></span> <span class='ocrx_word' id='word_1_212' title='bbox 1049 2372 1052 2377; x_wconf 94' lang='grc'><strong>’</strong></span> 
     </span>
     <span class='ocr_line' id='line_1_30' title="bbox 228 2434 996 2502; baseline 0.001 -18"><span class='ocrx_word' id='word_1_213' title='bbox 228 2434 331 2485; x_wconf 78' lang='lat' dir='ltr'><strong>Manilio</strong></span> <span class='ocrx_word' id='word_1_214' title='bbox 346 2438 505 2502; x_wconf 81' lang='lat' dir='ltr'><strong>promulgata</strong></span> <span class='ocrx_word' id='word_1_215' title='bbox 516 2437 611 2497; x_wconf 86' lang='lat' dir='ltr'><strong>habuit,</strong></span> <span class='ocrx_word' id='word_1_216' title='bbox 632 2447 659 2487; x_wconf 87' lang='lat' dir='ltr'><strong>ut</strong></span> <span class='ocrx_word' id='word_1_217' title='bbox 674 2436 768 2487; x_wconf 91' lang='lat' dir='ltr'><strong>bellum</strong></span> <span class='ocrx_word' id='word_1_218' title='bbox 784 2450 840 2485; x_wconf 90' lang='lat' dir='ltr'><strong>cum</strong></span> <span class='ocrx_word' id='word_1_219' title='bbox 852 2435 996 2485; x_wconf 77' lang='lat' dir='ltr'><strong>Mithridate</strong></span> 
     </span>
     <span class='ocr_line' id='line_1_31' title="bbox 229 2503 994 2570; baseline -0.001 -17"><span class='ocrx_word' id='word_1_220' title='bbox 229 2519 245 2552; x_wconf 86' lang='lat' dir='ltr'><strong>a</strong></span> <span class='ocrx_word' id='word_1_221' title='bbox 258 2503 363 2554; x_wconf 86' lang='lat' dir='ltr'><strong>Lucullo</strong></span> <span class='ocrx_word' id='word_1_222' title='bbox 379 2514 477 2570; x_wconf 76' lang='lat' dir='ltr'><strong>gestum</strong></span> <span class='ocrx_word' id='word_1_223' title='bbox 493 2505 538 2556; x_wconf 84' lang='lat' dir='ltr'><strong>Cn.</strong></span> <span class='ocrx_word' id='word_1_224' title='bbox 553 2506 673 2570; x_wconf 89' lang='lat' dir='ltr'><strong>Pompeio</strong></span> <span class='ocrx_word' id='word_1_225' title='bbox 686 2506 777 2568; x_wconf 75' lang='lat' dir='ltr'><strong>Magno</strong></span> <span class='ocrx_word' id='word_1_226' title='bbox 791 2505 994 2554; x_wconf 86' lang='lat' dir='ltr'><strong>committeretur.</strong></span> 
     </span>
    </p>
   </div>
   <div class='ocr_carea' id='block_1_3' title="bbox 228 2572 994 2691">
    <p class='ocr_par' dir='ltr' id='par_1_3' title="bbox 228 2572 994 2691">
     <span class='ocr_line' id='line_1_32' title="bbox 228 2572 994 2639; baseline 0 -18"><span class='ocrx_word' id='word_1_227' title='bbox 228 2572 324 2622; x_wconf 75' lang='lat' dir='ltr'><strong>Eodem</strong></span> <span class='ocrx_word' id='word_1_228' title='bbox 346 2573 395 2623; x_wconf 89' lang='lat' dir='ltr'><strong>hoe</strong></span> <span class='ocrx_word' id='word_1_229' title='bbox 413 2588 479 2623; x_wconf 90' lang='lat' dir='ltr'><strong>auno</strong></span> <span class='ocrx_word' id='word_1_230' title='bbox 504 2573 568 2625; x_wconf 80' lang='lat' dir='ltr'><strong>dixit</strong></span> <span class='ocrx_word' id='word_1_231' title='bbox 592 2589 637 2639; x_wconf 77' lang='lat' dir='ltr'><strong>pro</strong></span> <span class='ocrx_word' id='word_1_232' title='bbox 657 2573 692 2624; x_wconf 81' lang='lat' dir='ltr'><strong>A.</strong></span> <span class='ocrx_word' id='word_1_233' title='bbox 713 2574 821 2631; x_wconf 79' lang='lat' dir='ltr'><strong>Cluentio</strong></span> <span class='ocrx_word' id='word_1_234' title='bbox 841 2581 866 2621; x_wconf 91' lang='lat' dir='ltr'><strong>et</strong></span> <span class='ocrx_word' id='word_1_235' title='bbox 885 2588 932 2637; x_wconf 83' lang='lat' dir='ltr'><strong>pro</strong></span> <span class='ocrx_word' id='word_1_236' title='bbox 955 2572 994 2621; x_wconf 82' lang='lat' dir='ltr'><strong>M.</strong></span> 
     </span>
     <span class='ocr_line' id='line_1_33' title="bbox 229 2640 368 2691; baseline 0 -2"><span class='ocrx_word' id='word_1_237' title='bbox 229 2640 368 2691; x_wconf 75' lang='lat' dir='ltr'><strong>Fundanio.</strong></span> 
     </span>
    </p>
   </div>
   <div class='ocr_carea' id='block_1_4' title="bbox 25 2775 999 3182">
    <p class='ocr_par' dir='ltr' id='par_1_4' title="bbox 25 2775 999 3182">
     <span class='ocr_line' id='line_1_34' title="bbox 265 2775 996 2829; baseline -0.005 -2"><span class='ocrx_word' id='word_1_238' title='bbox 265 2775 351 2827; x_wconf 84' lang='lat' dir='ltr'><strong>Cicero</strong></span> <span class='ocrx_word' id='word_1_239' title='bbox 371 2776 398 2827; x_wconf 84' lang='lat' dir='ltr'><strong>C.</strong></span> <span class='ocrx_word' id='word_1_240' title='bbox 421 2777 563 2829; x_wconf 80' lang='lat' dir='ltr'><strong>Cornelium</strong></span> <span class='ocrx_word' id='word_1_241' title='bbox 582 2777 678 2827; x_wconf 86' lang='lat' dir='ltr'><strong>Gallum</strong></span> <span class='ocrx_word' id='word_1_242' title='bbox 698 2778 729 2827; x_wconf 90' lang='lat' dir='ltr'><strong>de</strong></span> <span class='ocrx_word' id='word_1_243' title='bbox 747 2778 876 2827; x_wconf 78' lang='lat' dir='ltr'><strong>maiestate</strong></span> <span class='ocrx_word' id='word_1_244' title='bbox 896 2790 996 2826; x_wconf 85' lang='lat' dir='ltr'><strong>aecusa-</strong></span> 
     </span>
     <span class='ocr_line' id='line_1_35' title="bbox 25 2844 857 2910; baseline -0.002 -15"><span class='ocrx_word' id='word_1_245' title='bbox 25 2890 28 2895; x_wconf 94' lang='grc'><em>,</em></span> <span class='ocrx_word' id='word_1_246' title='bbox 229 2850 282 2894; x_wconf 82' lang='lat' dir='ltr'><strong>tum</strong></span> <span class='ocrx_word' id='word_1_247' title='bbox 299 2845 368 2909; x_wconf 86' lang='lat' dir='ltr'><strong>apud</strong></span> <span class='ocrx_word' id='word_1_248' title='bbox 387 2845 417 2903; x_wconf 82' lang='lat' dir='ltr'><strong>Q.</strong></span> <span class='ocrx_word' id='word_1_249' title='bbox 439 2845 546 2895; x_wconf 87' lang='lat' dir='ltr'><strong>Gallium</strong></span> <span class='ocrx_word' id='word_1_250' title='bbox 564 2856 703 2910; x_wconf 81' lang='lat' dir='ltr'><strong>praetorem</strong></span> <span class='ocrx_word' id='word_1_251' title='bbox 722 2844 857 2896; x_wconf 54' lang='lat' dir='ltr'><strong>detentus</strong></span> 
     </span>
     <span class='ocr_line' id='line_1_36' title="bbox 57 2905 904 2978; baseline 0.002 -19"><span class='ocrx_word' id='word_1_252' title='bbox 57 2911 118 2969; x_wconf 73' lang='lat'><strong>690</strong></span> <span class='ocrx_word' id='word_1_253' title='bbox 163 2905 197 2959; x_wconf 72' lang='grc'><strong>61</strong></span> <span class='ocrx_word' id='word_1_254' title='bbox 231 2910 302 2962; x_wconf 74' lang='lat' dir='ltr'><strong>(loss.</strong></span> <span class='ocrx_word' id='word_1_255' title='bbox 339 2912 777 2974; x_wconf 60' lang='lat' dir='ltr'><strong>o.1uttu30aesar‚0.ttlaretus</strong></span> <span class='ocrx_word' id='word_1_256' title='bbox 794 2914 904 2978; x_wconf 71' lang='lat' dir='ltr'><strong>Fipuluc.</strong></span> 
     </span>
     <span class='ocr_line' id='line_1_37' title="bbox 123 2979 998 3046; baseline -0.008 -16"><span class='ocrx_word' id='word_1_257' title='bbox 123 2984 126 2988; x_wconf 87' lang='lat'>&#39;</span> <span class='ocrx_word' id='word_1_258' title='bbox 265 2979 350 3036; x_wconf 79' lang='lat' dir='ltr'><strong>Cicero</strong></span> <span class='ocrx_word' id='word_1_259' title='bbox 371 2983 526 3032; x_wconf 86' lang='lat' dir='ltr'><strong>consulatum</strong></span> <span class='ocrx_word' id='word_1_260' title='bbox 544 2984 617 3046; x_wconf 90' lang='lat' dir='ltr'><strong>petit.</strong></span> <span class='ocrx_word' id='word_1_261' title='bbox 652 2981 730 3032; x_wconf 86' lang='lat' dir='ltr'><strong>Habet</strong></span> <span class='ocrx_word' id='word_1_262' title='bbox 748 2985 882 3032; x_wconf 83' lang='lat' dir='ltr'><strong>orationem</strong></span> <span class='ocrx_word' id='word_1_263' title='bbox 897 2983 923 3028; x_wconf 82' lang='lat' dir='ltr'><strong>iu</strong></span> <span class='ocrx_word' id='word_1_264' title='bbox 940 2985 998 3039; x_wconf 77' lang='lat' dir='ltr'><strong>lopo</strong></span> 
     </span>
     <span class='ocr_line' id='line_1_38' title="bbox 230 3043 998 3099; baseline -0.007 -3"><span class='ocrx_word' id='word_1_265' title='bbox 230 3048 339 3097; x_wconf 83' lang='lat' dir='ltr'><strong>eandida</strong></span> <span class='ocrx_word' id='word_1_266' title='bbox 358 3059 441 3099; x_wconf 86' lang='lat' dir='ltr'><strong>contra</strong></span> <span class='ocrx_word' id='word_1_267' title='bbox 460 3049 579 3099; x_wconf 86' lang='lat' dir='ltr'><strong>Catilinae</strong></span> <span class='ocrx_word' id='word_1_268' title='bbox 598 3058 622 3099; x_wconf 88' lang='lat' dir='ltr'><strong>et</strong></span> <span class='ocrx_word' id='word_1_269' title='bbox 641 3051 744 3099; x_wconf 78' lang='lat' dir='ltr'><strong>Antonii</strong></span> <span class='ocrx_word' id='word_1_270' title='bbox 764 3051 906 3099; x_wconf 88' lang='lat' dir='ltr'><strong>coitionem.</strong></span> <span class='ocrx_word' id='word_1_271' title='bbox 935 3043 998 3092; x_wconf 81' lang='lat' dir='ltr'><strong>Con-</strong></span> 
     </span>
     <span class='ocr_line' id='line_1_39' title="bbox 230 3113 999 3182; baseline -0.004 -19"><span class='ocrx_word' id='word_1_272' title='bbox 230 3116 269 3167; x_wconf 86' lang='lat' dir='ltr'><strong>sul</strong></span> <span class='ocrx_word' id='word_1_273' title='bbox 289 3117 434 3182; x_wconf 78' lang='lat' dir='ltr'><strong>designatur</strong></span> <span class='ocrx_word' id='word_1_274' title='bbox 456 3133 512 3166; x_wconf 88' lang='lat' dir='ltr'><strong>cum</strong></span> <span class='ocrx_word' id='word_1_275' title='bbox 532 3117 559 3166; x_wconf 79' lang='lat'><strong>0.</strong></span> <span class='ocrx_word' id='word_1_276' title='bbox 579 3118 712 3167; x_wconf 65' lang='lat' dir='ltr'><strong>Antonio.⁷</strong></span> <span class='ocrx_word' id='word_1_277' title='bbox 749 3118 809 3165; x_wconf 88' lang='lat' dir='ltr'><strong>Eius</strong></span> <span class='ocrx_word' id='word_1_278' title='bbox 830 3115 897 3164; x_wconf 87' lang='lat' dir='ltr'><strong>filius</strong></span> <span class='ocrx_word' id='word_1_279' title='bbox 917 3113 999 3162; x_wconf 88' lang='lat' dir='ltr'><strong>nasci-</strong></span> 
     </span>
    </p>
   </div>
   <div class='ocr_carea' id='block_1_5' title="bbox 199 3298 999 3514">
    <p class='ocr_par' dir='ltr' id='par_1_5' title="bbox 199 3298 999 3514">
     <span class='ocr_line' id='line_1_40' title="bbox 259 3298 998 3353; baseline 0.004 -12"><span class='ocrx_word' id='word_1_280' title='bbox 259 3300 279 3353; x_wconf 81' lang='grc'><strong>6</strong></span> <span class='ocrx_word' id='word_1_281' title='bbox 294 3300 377 3345; x_wconf 78' lang='lat' dir='ltr'><strong>uro.</strong></span> <span class='ocrx_word' id='word_1_282' title='bbox 392 3302 410 3346; x_wconf 88' lang='lat' dir='ltr'><strong>t.</strong></span> <span class='ocrx_word' id='word_1_283' title='bbox 427 3299 488 3345; x_wconf 67' lang='lat' dir='ltr'><strong>ver.</strong></span> <span class='ocrx_word' id='word_1_284' title='bbox 505 3302 532 3345; x_wconf 89' lang='lat' dir='ltr'><strong>u.</strong></span> <span class='ocrx_word' id='word_1_285' title='bbox 551 3301 577 3345; x_wconf 83' lang='lat' dir='ltr'><strong>v.</strong></span> <span class='ocrx_word' id='word_1_286' title='bbox 591 3301 623 3344; x_wconf 84' lang='lat' dir='ltr'><strong>tt.</strong></span> <span class='ocrx_word' id='word_1_287' title='bbox 638 3312 678 3353; x_wconf 73' lang='lat' dir='ltr'><strong>pm</strong></span> <span class='ocrx_word' id='word_1_288' title='bbox 697 3301 753 3342; x_wconf 68' lang='lat' dir='ltr'><strong>uer.</strong></span> <span class='ocrx_word' id='word_1_289' title='bbox 768 3300 800 3344; x_wconf 85' lang='lat' dir='ltr'><strong>ro.</strong></span> <span class='ocrx_word' id='word_1_290' title='bbox 816 3298 844 3340; x_wconf 77' lang='lat' dir='ltr'><strong>a·</strong></span> <span class='ocrx_word' id='word_1_291' title='bbox 859 3299 902 3344; x_wconf 85' lang='lat' dir='ltr'><strong>or.</strong></span> <span class='ocrx_word' id='word_1_292' title='bbox 919 3299 947 3343; x_wconf 88' lang='grc'><strong>6.</strong></span> <span class='ocrx_word' id='word_1_293' title='bbox 965 3300 998 3343; x_wconf 82' lang='grc'><strong>6.</strong></span> 
     </span>
     <span class='ocr_line' id='line_1_41' title="bbox 199 3350 998 3405; baseline -0.003 -8"><span class='ocrx_word' id='word_1_294' title='bbox 199 3352 202 3357; x_wconf 92' lang='grc'><strong>’</strong></span> <span class='ocrx_word' id='word_1_295' title='bbox 228 3350 464 3399; x_wconf 61' lang='grc'><strong>61666666.</strong></span> <span class='ocrx_word' id='word_1_296' title='bbox 505 3357 519 3397; x_wconf 72' lang='grc'><strong>6</strong></span> <span class='ocrx_word' id='word_1_297' title='bbox 549 3355 576 3395; x_wconf 81' lang='lat' dir='ltr'><strong>ad</strong></span> <span class='ocrx_word' id='word_1_298' title='bbox 590 3356 637 3398; x_wconf 80' lang='lat' dir='ltr'><strong>att.</strong></span> <span class='ocrx_word' id='word_1_299' title='bbox 653 3355 670 3397; x_wconf 88' lang='grc'><strong>1.</strong></span> <span class='ocrx_word' id='word_1_300' title='bbox 685 3354 706 3396; x_wconf 92' lang='grc'><strong>6.</strong></span> <span class='ocrx_word' id='word_1_301' title='bbox 749 3353 770 3405; x_wconf 82' lang='grc'><strong>3)</strong></span> <span class='ocrx_word' id='word_1_302' title='bbox 801 3352 998 3404; x_wconf 65' lang='lat' dir='ltr'><strong>integellum.</strong></span> 
     </span>
     <span class='ocr_line' id='line_1_42' title="bbox 229 3403 999 3461; baseline 0.001 -14"><span class='ocrx_word' id='word_1_303' title='bbox 229 3404 338 3450; x_wconf 70' lang='lat' dir='ltr'><strong>cutm</strong></span> <span class='ocrx_word' id='word_1_304' title='bbox 366 3408 389 3459; x_wconf 80' lang='grc'><strong>4)</strong></span> <span class='ocrx_word' id='word_1_305' title='bbox 403 3407 505 3461; x_wconf 76' lang='lat' dir='ltr'><strong>prolege</strong></span> <span class='ocrx_word' id='word_1_306' title='bbox 540 3419 576 3451; x_wconf 80' lang='lat' dir='ltr'><strong>an.</strong></span> <span class='ocrx_word' id='word_1_307' title='bbox 590 3406 669 3451; x_wconf 69' lang='lat' dir='ltr'><strong>talo.</strong></span> <span class='ocrx_word' id='word_1_308' title='bbox 698 3407 718 3458; x_wconf 91' lang='grc'><strong>6)</strong></span> <span class='ocrx_word' id='word_1_309' title='bbox 735 3417 774 3459; x_wconf 84' lang='lat' dir='ltr'><strong>pro</strong></span> <span class='ocrx_word' id='word_1_310' title='bbox 809 3416 841 3449; x_wconf 81' lang='lat' dir='ltr'><strong>nr.</strong></span> <span class='ocrx_word' id='word_1_311' title='bbox 855 3404 888 3451; x_wconf 82' lang='lat' dir='ltr'><strong>ta.</strong></span> <span class='ocrx_word' id='word_1_312' title='bbox 916 3405 937 3458; x_wconf 90' lang='grc'><strong>6)</strong></span> <span class='ocrx_word' id='word_1_313' title='bbox 953 3403 999 3448; x_wconf 83' lang='lat' dir='ltr'><strong>Cir.</strong></span> 
     </span>
     <span class='ocr_line' id='line_1_43' title="bbox 231 3456 885 3514; baseline 0.002 -13"><span class='ocrx_word' id='word_1_314' title='bbox 231 3456 271 3503; x_wconf 74' lang='grc'><strong>01.</strong></span> <span class='ocrx_word' id='word_1_315' title='bbox 285 3457 320 3505; x_wconf 81' lang='lat' dir='ltr'><strong>tt.</strong></span> <span class='ocrx_word' id='word_1_316' title='bbox 334 3458 369 3505; x_wconf 83' lang='grc'><strong>711.</strong></span> <span class='ocrx_word' id='word_1_317' title='bbox 386 3459 481 3506; x_wconf 72' lang='lat' dir='ltr'><strong>Quintil.</strong></span> <span class='ocrx_word' id='word_1_318' title='bbox 496 3460 551 3505; x_wconf 83' lang='lat' dir='ltr'><strong>Vlll.</strong></span> <span class='ocrx_word' id='word_1_319' title='bbox 566 3461 587 3504; x_wconf 72' lang='lat'><strong>8.</strong></span> <span class='ocrx_word' id='word_1_320' title='bbox 617 3463 638 3513; x_wconf 79' lang='lat' dir='ltr'><strong>i)</strong></span> <span class='ocrx_word' id='word_1_321' title='bbox 654 3459 682 3501; x_wconf 78' lang='lat' dir='ltr'><strong>dc</strong></span> <span class='ocrx_word' id='word_1_322' title='bbox 695 3459 746 3514; x_wconf 65' lang='lat' dir='ltr'><strong>lege</strong></span> <span class='ocrx_word' id='word_1_323' title='bbox 759 3470 806 3514; x_wconf 74' lang='lat' dir='ltr'><strong>ngr.</strong></span> <span class='ocrx_word' id='word_1_324' title='bbox 820 3460 848 3507; x_wconf 89' lang='grc'><strong>11.</strong></span> <span class='ocrx_word' id='word_1_325' title='bbox 863 3458 885 3502; x_wconf 74' lang='lat' dir='ltr'><strong>i.</strong></span> 
     </span>
    </p>
   </div>
   <div class='ocr_carea' id='block_1_6' title="bbox 0 0 1188 3854">
    <p class='ocr_par' dir='ltr' id='par_1_6' title="bbox 0 0 1188 3854">
     <span class='ocr_line' id='line_1_44' title="bbox 0 0 1188 3854; baseline 0 0"><span class='ocrx_word' id='word_1_326' title='bbox 0 0 1188 3854; x_wconf 95' lang='lat' dir='ltr'><strong> </strong></span> 
     </span>
    </p>
   </div>
  </div>
 </body>
</html>
