2356 3854
338 178 419 239 cnr.
436 187 566 244 1e-1a
587 140 614 249 a.
627 190 759 247 rr-ee
997 190 1073 261 217·

52 340 125 386 uem
140 323 333 387 interemistis
350 344 408 403 ego
419 327 567 391 iacentem
581 339 612 392 et
625 332 930 407 spoliatum-delendo
943 344 975 395 et
989 354 1059 410 pro-

52 423 113 482 go.
150 408 253 483 Atque
272 409 321 469 hic
343 419 374 471 tu
390 418 421 471 et
438 412 638 487 reprehendis
656 431 719 485 me,
743 414 815 490 quia
830 416 1005 493 defendam,
1028 429 1060 481 et

51 489 187 551 ascerie.
214 491 279 565 ugo
294 498 394 555 autern
408 510 470 555 non
483 496 576 557 modo
590 495 644 556 tibi
657 514 718 559 non
733 497 864 570 irascor,
887 502 945 561 sed
958 518 997 561 ne
1010 518 1058 563 re-

52 572 192 634 rehendo
212 573 334 648 quidem
353 576 463 647 lactum
481 585 575 638 mum.
603 579 644 638 Te
663 580 744 639 enim
759 579 900 640 existimo
922 583 976 643 tibi
997 593 1057 644 sta·

52 656 128 715 risse
145 654 219 729 quid
234 656 405 719 laciendum
419 666 543 734 putares
554 669 586 720 et
600 661 675 721 satis
689 660 832 723 idoneum
850 664 942 724 ollicii
955 666 999 725 tui
1012 666 1058 727 in·

52 739 130 799 icem
147 753 219 799 esse
232 739 380 814 potuisse.

112 818 166 882 51.
186 823 365 884 Areonesos
383 824 414 884 C.
435 824 565 885 Cornelii
584 824 665 885 filius
680 832 710 884 et
724 823 755 884 id
776 841 875 899 aeque
887 830 989 889 valere
1005 831 1056 891 de·
1111 896 1115 903 ,

52 911 81 964 ct
102 919 142 963 ec
157 902 184 965 si
208 912 293 978 pater
313 905 468 968 indicaret.
513 907 667 981 Opatrcm
681 907 852 969 Cornelium
872 909 1056 982 sapientemt
1104 916 1111 931 '

52 986 93 1058 ui,
110 985 197 1060 quod
210 987 336 1062 praemii
351 991 429 1051 solet
444 1005 515 1050 csse
529 989 558 1050 in
573 989 694 1062 indicio,
715 989 877 1064 reliquerit,
898 993 981 1065 quod
995 1001 1056 1053 tnr-

52 1067 178 1129 itndinis
194 1067 225 1129 in
239 1072 443 1145 consessione,
458 1071 489 1131 id
504 1089 561 1146 per
570 1071 795 1135 accusationem
810 1073 863 1133 filii
877 1076 1057 1148 susceperit

52 1153 93 1211 ed
110 1151 187 1226 quid
201 1161 253 1237 ost¹
264 1154 395 1227 tandem,
410 1156 493 1227 quod
506 1154 619 1215 indicat
632 1170 689 1230 per
701 1154 792 1215 istum
806 1172 934 1230 puerum
945 1156 1056 1217 Corne·

52 1240 110 1295 nst
129 1232 164 1294 Si
175 1243 279 1295 vetera
292 1235 365 1296 mihi
378 1236 491 1312 ignota,
505 1252 573 1298 cum
585 1237 747 1301 Hortensio
763 1239 992 1310 communicata,
1007 1257 1055 1301 re·

52 1316 368 1405 mantuanensium
389 1321 452 1392 sin,
472 1330 506 1383 nt
520 1320 581 1393 ais,
601 1322 686 1381 illum
705 1330 846 1382 conatum
865 1321 1004 1382 Autronii
1024 1332 1056 1385 et

52 1398 190 1472 atiliano,
209 1418 300 1475 quum
321 1400 351 1461 in
372 1418 481 1477 campo
499 1404 709 1465 consudaribus
725 1403 862 1477 comitiis,
879 1421 959 1479 quae
973 1421 991 1463 a
1004 1422 1055 1467 rne

52 1483 130 1543 abita
150 1491 237 1556 sunt,
265 1485 390 1545 caedem
411 1488 512 1547 lacere
533 1489 707 1549 votuerunt=
721 1488 910 1547 *Autronium
938 1497 999 1547 tunt
1021 1487 1051 1547 in

52 1582 139 1640 ampo
159 1564 305 1639 vidimus,
327 1569 383 1628 sed
402 1570 476 1643 quid
497 1569 559 1629 dixi
579 1564 696 1631 vidisse
716 1576 796 1628 nost
817 1587 875 1645 ego
896 1569 972 1629 vion
996 1587 1053 1631 vos

52 1649 106 1708 rim
120 1657 194 1721 turn,
206 1648 331 1721 iudices,
344 1650 416 1711 nihil
428 1652 610 1712 laborabatis
622 1667 722 1725 neque
736 1651 982 1725 suspicabamini,
993 1666 1052 1724 ego

52 1739 124 1791 otus
145 1731 300 1809 praesidio
321 1733 408 1793 firmo
431 1733 595 1794 amicorum
618 1733 761 1793 Catilinae
781 1741 894 1792 tumet
914 1734 1055 1793 Autronii

52 1813 136 1888 rpias
155 1822 191 1874 ct·
206 1820 346 1875 conatum
369 1817 514 1891 repressi.
563 1814 613 1876 52.
634 1814 802 1890 Numquis
823 1823 871 1875 est
890 1812 979 1887 igitur
1001 1817 1054 1889 qui

52 1913 86 1955 un
100 1896 226 1963 dicatio
237 1914 376 1973 campum
391 1899 546 1973 aspirasse
558 1897 693 1957 Sullam?
711 1897 805 1971 Atqui
820 1897 847 1957 si
859 1905 920 1957 turn
936 1912 970 1957 se
984 1913 1054 1957 curn

52 1979 152 2039 elilim
166 1979 312 2041 societate
324 1981 449 2042 sceleris
462 1981 666 2050 coniunxerat,
682 1995 736 2039 cur
750 1980 789 2039 ab
802 1997 840 2041 eo
854 1980 1054 2042 discedebatt

52 2079 81 2122 rr
104 2078 175 2123 cum
195 2064 343 2124 Autronio
364 2081 425 2124 non
447 2071 531 2124 erat?
557 2062 660 2123 curin
682 2062 749 2138 pari
769 2078 864 2124 causa
884 2080 946 2124 non
968 2063 1053 2138 paria

52 2161 111 2219 gna
125 2144 257 2205 criminis
267 2147 478 2221 reperiunturt
489 2146 550 2207 Sed
562 2145 704 2220 quoniam
714 2145 870 2207 Cornelius
883 2147 952 2220 ipse
962 2146 1052 2207 etiarn

52 2244 106 2288 unc
119 2229 159 2287 de
176 2227 339 2289 indicando
355 2231 478 2301 dubitat,
494 2238 528 2290 ut
539 2229 652 2300 dicitis,
669 2229 812 2289 informat
832 2229 931 2288 adhuc
946 2229 1049 2288 adurn-

52 2319 142 2372 atum
156 2310 299 2371 indicium
314 2313 383 2387 filii,
405 2312 478 2388 quid
492 2313 614 2376 tandem
628 2313 667 2372 de
684 2312 739 2371 illa·
749 2320 838 2372 nocte
854 2311 941 2382 dicit,
958 2326 1050 2384 quarn

53 2402 100 2454 ter
121 2392 263 2454 falcarios
283 2396 323 2455 ad
337 2396 377 2455 Μ.
389 2397 519 2455 Laecam
540 2404 630 2457 nocte
652 2411 704 2465 ea,
726 2410 804 2468 quae
826 2401 991 2453 consecuta
1004 2401 1052 2452 est

52 2485 180 2536 >aterum
193 2476 274 2536 diem
287 2477 391 2538 Nonas
404 2479 591 2539 Novembres
613 2494 661 2537 me
675 2477 816 2547 consule,
839 2474 983 2535 Catilinae
998 2477 1050 2537 de·

52 2558 216 2619 rneiatione
231 2561 393 2621 convenil?
411 2578 489 2635 quae
505 2578 566 2621 nox
583 2560 716 2621 omnium
727 2568 896 2634 temporum
911 2558 1049 2619 coniura-

52 2642 114 2701 rnis
127 2641 275 2702 acerrima
292 2645 346 2703 init
368 2651 460 2717 atque
483 2645 688 2705 acerbissima.
730 2642 804 2703 Tum
819 2641 962 2702 Catilinae
983 2640 1050 2703 dies

52 2725 238 2799 mundilam
252 2725 381 2787 caeteris
392 2727 532 2787 manandi
545 2726 693 2796 condicio,
707 2734 772 2786 turn
780 2725 945 2799 descriptio
957 2735 1050 2786 totam

52 2823 77 2867 rr
101 2807 209 2868 urbem
236 2810 340 2870 caedis
361 2815 453 2885 atque
477 2809 683 2870 incendiorum
711 2808 874 2868 constituta
900 2815 962 2867 est=
986 2817 1050 2867 tum

52 2899 201 2966 deputer,
218 2892 347 2965 Corneli,
366 2891 398 2952 id
416 2892 498 2966 quod
514 2891 634 2951 tandem
649 2889 813 2963 aliquando
829 2889 997 2957 confltetur,
1014 2889 1049 2947 il-

52 2991 80 3033 m
101 2972 162 3034 sibi
183 2974 352 3035 officiosam
379 2973 567 3048 provinciam
586 2972 785 3046 depoposcit,
807 2972 930 3031 ut'eum
953 2969 1050 3042 prima

52 3072 88 3117 ne
104 3057 262 3117 consulem
282 3057 443 3117 mutatum
462 3054 596 3129 veniret,
615 3053 808 3115 intromissus
828 3067 896 3111 meo
921 3068 1005 3111 more
1019 3061 1050 3112 et

52 3156 85 3199 re
105 3137 256 3200 amicitiae
277 3155 327 3199 me
347 3137 377 3197 in
395 3153 464 3197 meo
491 3137 570 3196 lecto
599 3135 772 3196 trucidaret
814 3132 891 3195 XIX.
910 3132 960 3195 53.
982 3135 1049 3195 Hoc

52 3238 172 3299 mpure,
196 3239 289 3297 quum
310 3220 430 3280 arderet
448 3217 594 3279 acerrime
611 3216 794 3291 contrane,
816 3232 908 3291 quum
923 3216 1049 3278 Catilina

52 3305 215 3371 redemtor
232 3306 271 3364 ad
295 3302 476 3375 exercitum,
502 3301 649 3361 Lentulus
669 3299 701 3361 in
720 3299 795 3361 urbo
818 3298 1049 3375 relinqueretur,

52 3387 145 3448 resins
161 3387 327 3459 incendiis,
344 3385 495 3460 Cethegus
517 3383 605 3445 caedi
628 3391 882 3459 praeponeretur,
898 3381 1048 3445 Autronio
