2356 3854
53 240 61 249 ,
115 169 180 233 aaa
229 198 234 213 ι
324 121 329 141 ’
374 126 448 228 uuo
466 167 522 226 cu.
536 164 699 226 PLAltclo
722 161 876 230 ouulro.

120 323 307 381 fortunarum
323 326 452 390 tuarum,
476 317 532 377 sed
549 315 689 383 comitem
704 314 884 391 sociumque
894 315 1081 391 'profitebom
1099 325 1131 376 al·

118 419 188 478 que,
205 408 238 462 ut
250 416 352 476 spero,
366 416 454 459 nemo
468 400 523 460 erit
534 408 593 460 tam
606 399 720 460 crudeli
731 400 832 459 auimo
846 406 970 474 tamque
985 398 1133 459 inhumano

119 502 175 545 uec
191 494 251 544 tam
268 483 424 543 immemor
439 498 500 543 uon
517 482 615 542 dicam
634 497 768 542 meorum
790 480 820 540 iu
841 482 944 542 bonos
964 482 1133 556 meritorum,

120 569 176 628 sed
191 566 340 626 bonorum
355 565 385 624 in
400 581 465 636 me,
484 565 536 640 qui
553 582 571 625 a
586 580 633 623 me
648 563 707 624 mei
724 571 913 624 servatorem
930 564 1042 641 capitis
1057 565 1134 626 divel-

30 686 35 699 ι
118 652 159 709 lat
178 665 214 708 ac
236 648 390 709 distrahet
433 648 498 707 Non
521 663 579 723 ego
600 647 677 707 meis
694 655 831 707 ornatum
851 628 1014 709 beneficiis
1030 664 1049 707 a
1063 651 1136 710 vobis

119 733 285 805 deprecor,
306 730 438 804 iudices,
460 731 515 791 sed
536 731 693 790 custodem
712 730 817 791 solutis
839 746 942 791 meae:
963 747 1028 791 noa
1043 731 1137 808 opibus
1169 746 1174 765 ²

120 814 290 886 contendo,
304 830 365 873 nou
381 815 572 884 auctoritate,
586 829 649 872 non
664 813 775 886 gratia,
792 814 848 873 sed
863 814 1023 887 precibus,
1041 815 1094 875 sed
1106 817 1137 873 lu·

121 895 238 970 crimis,
260 897 315 956 sed
335 896 561 957 misericordta=
580 902 760 969 mecumque
774 912 832 956 vos
847 897 939 957 simul
952 897 1005 956 hic
1023 897 1137 958 miserri-

118 996 186 1040 mus
204 986 234 1039 et
249 980 382 1054 optimus
397 980 564 1040 obtestatur
578 993 691 1054 parens
708 986 739 1037 et
753 994 809 1053 pro
820 995 880 1039 uno
894 979 958 1039 filio
972 980 1037 1040 duo
1053 990 1139 1055 patres

119 1062 339 1137 deprecamur.'
373 1061 442 1122 103.
457 1061 564 1135 Nolite,
579 1060 707 1133 iudices,
724 1077 859 1136 perros,
874 1078 932 1137 per
945 1064 1088 1124 fortunas
1100 1080 1138 1122 ve

119 1154 208 1217 stras‚
222 1160 279 1220 per
293 1144 405 1205 liberos
421 1153 556 1216 vestros,
570 1142 699 1204 inimicis
712 1144 797 1217 meis,
813 1143 850 1203 iis
865 1146 1062 1220 praesertim,
1077 1160 1139 1221 quos

119 1242 176 1300 ego
189 1243 245 1301 pro
257 1235 359 1287 vestra
371 1228 466 1286 salute
478 1226 617 1302 suscepi,
632 1227 706 1286 dare
718 1226 859 1307 laetitiam
880 1228 1086 1303 gloriantibus
1096 1244 1139 1288 vos

120 1309 179 1368 iam
194 1308 306 1368 oblitos
321 1309 380 1368 mei
397 1310 502 1369 salutis
517 1310 592 1382 eius,
607 1326 625 1369 a
640 1324 701 1384 quo
718 1325 784 1370 mea
798 1311 882 1370 salus
898 1320 1086 1372 conservata
1097 1318 1140 1382 est

118 1391 224 1450 hostes
239 1389 409 1451 exstitisset
425 1391 518 1451 nolite
532 1391 662 1452 animum
677 1407 775 1453 meum
791 1393 949 1454 debilitare
962 1394 1060 1470 quum
1074 1396 1141 1455 luctu

101 1474 182 1534 'tum
203 1473 292 1533 etiem
313 1482 395 1533 metu
414 1483 614 1534 commutatae
625 1482 745 1535 vestrae
759 1476 923 1536 voluntatis
938 1494 1017 1553 erga
1032 1495 1092 1537 me:
1111 1475 1140 1536 si·

121 1556 183 1616 nite
197 1571 261 1630 me,
277 1557 359 1631 quod
374 1557 462 1617 vobis
478 1559 572 1617 fretus
586 1557 656 1617 huic
668 1574 762 1633 saepe
780 1558 919 1632 promisi,
937 1559 969 1620 id
989 1557 1139 1620 avobis
1118 1575 1140 1618 er

119 1641 306 1714 persolvere.
351 1636 420 1700 104
434 1640 546 1715 Teque,
564 1641 594 1700 C.
605 1641 727 1737 Flave,
722 1657 777 1701 oro
796 1650 825 1702 et
836 1643 986 1716 obtestor,
1004 1644 1057 1719 qui
1071 1658 1140 1702 mco·

120 1739 187 1784 rum
201 1722 422 1784 consiliorum'
414 1741 445 1784 m
462 1724 621 1784 consulatu
634 1723 747 1796 socius,
763 1722 970 1799 periculorum
990 1726 1177 1802 particeps,

119 1822 235 1879 rerum,
256 1823 333 1881 quas
347 1806 445 1882 gessi,
466 1807 586 1867 adiutor
599 1805 697 1878 luisti
716 1823 827 1882 meque
848 1825 908 1868 non
923 1811 1022 1870 modo
1037 1810 1139 1870 salvum

120 1904 257 1964 semper,
281 1890 447 1950 sedetiam
469 1898 606 1951 ornatum
623 1889 843 1965 florentemque
865 1907 937 1952 esse
959 1892 1139 1964 voluisti,ut

23 2000 28 2013 ,
120 1972 190 2030 nrihi
207 1988 262 2045 per
277 1971 334 2032 hos
349 1978 515 2033 conserves
531 1989 618 2043 eum,
647 1988 702 2047 per
725 1989 815 2047 quem
836 1990 883 2034 me
900 1974 955 2034 tibi
974 1985 1007 2036 et
1021 1977 1067 2034 liis
1080 1990 1136 2033 cou-

99 2062 273 2119 servatum
294 2055 390 2115 vides.
433 2056 522 2115 Plura
543 2073 581 2115 ne
602 2055 699 2115 dicam
724 2063 793 2116 tuae
815 2073 863 2117 me
890 2057 984 2117 etiam
1013 2057 1149 2129 lacrima,

121 2135 290 2212 impediunt
307 2145 498 2213 vestraeque,
511 2139 637 2212 iudices,
653 2155 713 2198 nou
730 2142 828 2200 solum
846 2157 948 2200 meae=
968 2140 1079 2217 quibus
1091 2151 1133 2211 ego

122 2235 232 2294 magno
252 2218 282 2279 in
300 2229 380 2280 metu
397 2237 465 2282 meo
481 2222 581 2282 subito
597 2221 725 2281 inducor
741 2222 770 2282 in
787 2239 888 2298 spem,
904 2240 965 2282 vos
982 2220 1132 2285 eosdemiu
1170 2264 1177 2274 „

120 2301 180 2362 hoc
196 2304 409 2364 conservando
425 2307 557 2376 futuros,
578 2304 630 2378 qui
652 2303 768 2365 fueritis
793 2307 821 2365 in
837 2323 899 2377 me,
919 2309 1065 2382 quoniam
1082 2301 1132 2363 istis

124 2385 235 2445 vestris
251 2387 379 2447 lacrimis
397 2389 436 2447 de
453 2388 511 2448 illis
525 2388 680 2461 recordor,
696 2405 773 2463 quas
788 2406 844 2462 pro
858 2405 906 2449 me
923 2402 1021 2466 saepe
1035 2398 1064 2450 et
1075 2383 1130 2446 mul·

122 2474 184 2526 tum
199 2470 386 2541 profudistis.
