2356 3854
331 200 553 265 Muuouuiuum
570 200 668 249 VITAE
679 158 851 250 xCICERONIS

253 510 310 548 cum
326 498 421 562 populo
439 499 481 562 egi
498 498 590 558 liceret,
610 499 642 548 de
657 499 725 549 ceelc
739 508 858 559 servsret,
875 496 900 549 ὃ.
921 499 954 547 de
971 499 1024 549 col-

207 622 212 630 „
252 568 326 634 legiis
344 567 504 616 restituendis
521 568 644 629 novisque
661 567 835 624 instituendis,
851 564 879 618 4.
895 581 929 616 ue
948 581 1024 629 quem

252 649 369 685 censores
381 636 406 684 in
422 643 512 684 senatu
526 635 632 700 legendo
648 636 809 700 praeterirent
818 649 939 697 uereque
951 636 1024 700 ignc-

252 705 328 754 minis
340 703 480 761 allicerent,
489 703 540 752 uisi
551 704 595 766 qui
604 704 673 768 apud
687 718 733 753 ecs
747 711 877 752 accusstus
892 711 917 752 ct
929 706 1024 754 utrius·

250 788 300 836 que
317 773 428 822 censoris
446 773 570 820 sententia
584 773 715 829 damnatus
729 779 805 820 esset.
839 772 971 820 Praeterea
986 771 1023 822 le-

251 856 309 906 gem
326 842 396 900 tulit,
413 848 453 899 ut,
478 840 521 901 qui
539 841 619 890 civem
636 841 777 890 Romanum
794 840 966 889 indemnatum
983 842 1023 890 in·

253 912 401 967 teremisset‚
418 909 443 956 ci
459 921 525 970 eque
544 916 568 958 et
586 910 639 974 igni
658 909 856 959 interdiceretur.
882 909 937 968 Quo
954 909 1022 960 fecto

251 977 336 1029 Gicerc
349 984 445 1026 vestem
459 983 548 1036 mutst,
565 985 589 1026 et
603 977 746 1027 sordidatus
760 976 853 1042 pupulo
867 976 1020 1041 supplicet.¹

251 1047 322 1096 Multi
345 1053 474 1095 senatores
498 1052 523 1093 et
545 1044 594 1095 XX
612 1045 683 1096 milio
700 1045 830 1095 homiuum
849 1045 968 1104 eliorum,
994 1048 1021 1095 in

249 1117 337 1181 primis
357 1114 454 1176 equites
469 1112 522 1162 lere
540 1129 636 1175 omues,
655 1116 773 1165 vestitum
785 1115 908 1163 mutent.¹
934 1114 1021 1163 Cicero

248 1198 334 1232 meuse
346 1181 437 1231 ldertio
455 1183 648 1234 extremollrbc
666 1183 757 1233 centu*
776 1182 836 1231 Post
853 1182 910 1230 eius
926 1183 1021 1232 disces·

248 1266 304 1300 sum
328 1250 430 1301 Clodius
447 1249 480 1299 de
498 1251 554 1300 eius
573 1252 663 1301 exsilic
682 1252 715 1300 ud
733 1251 855 1316 populum
873 1250 950 1300 refert
966 1251 1020 1299 edi-

247 1328 364 1383 ctumque
380 1319 513 1386 proponit,
535 1327 563 1368 ut
579 1320 616 1368 illi
634 1335 700 1383 equa
717 1328 741 1368 et
757 1320 811 1384 igni
829 1319 1021 1369 interdiceretur

245 1397 272 1438 et
283 1403 316 1438 ne
330 1390 394 1438 intre
409 1387 591 1452 quadringente
602 1389 674 1438 millu
687 1402 810 1452 passuum
820 1388 844 1435 el
853 1386 938 1459 liceret
952 1401 1019 1437 esse.

246 1457 342 1507 Deinde
355 1456 484 1506 ciceronis
503 1457 606 1506 domum
624 1459 650 1507 in
663 1456 776 1514 Palatio,
794 1457 856 1504 item
870 1455 956 1504 villum
970 1455 1019 1504 ‘lir-
1092 1483 1098 1488 -

246 1527 374 1575 eculanum
389 1532 414 1574 et
427 1525 582 1574 Fcrrniensm
592 1525 710 1586 incendit,
725 1525 792 1573 boue
801 1523 913 1588 diripit.⁴
932 1524 1020 1574 Gicerc

246 1595 384 1652 Vibonem,
401 1591 534 1652 Thurium,
551 1593 700 1653 intentum,
718 1591 880 1641 Brundisium
897 1594 974 1657 petit,
994 1601 1021 1642 et

246 1662 278 1712 X.
293 1663 348 1712 llul.
363 1663 417 1710 lun.
433 1660 638 1712 'liressclcuicem
653 1661 747 1712 venit.⁸
767 1661 827 1709 lude
844 1675 901 1711 cum
920 1662 944 1710 ci
959 1675 1020 1726 spes

244 1731 341 1781 reditus
358 1728 425 1780 tacte
442 1739 518 1791 esset,
537 1729 717 1796 Dyrrhachium
736 1729 801 1778 redit
819 1729 885 1778 circu
901 1729 944 1778 Vl.
961 1730 1018 1779 llal.

244 1799 306 1850 Dec.
335 1799 364 1861 Q.
381 1799 458 1848 irater
475 1807 532 1848 unte
546 1799 601 1852 Kal.
612 1800 693 1849 Maius
708 1798 769 1848 Asia
785 1798 917 1862 provincie
932 1798 1019 1848 deces-

244 1869 286 1927 sit,
305 1882 381 1930 quum
398 1879 444 1931 per
461 1868 597 1918 triennium
616 1868 764 1919 obtinuerat.

247 1941 250 1945 ’
279 1935 397 1985 Cicerone
411 1935 526 1999 expulso,
540 1935 645 1986 Clodius
658 1935 741 2001 legem
753 1934 810 1983 tulit
825 1934 856 2008 de
864 1933 1017 1992 Ptolemaeo,

180 2020 183 2024 ·
244 2017 304 2066 rege
322 2002 404 2069 Cypri,
423 2011 450 2051 ut
468 2004 533 2052 bone
552 2007 607 2068 eius
625 2004 812 2068 publicarentur
829 2009 854 2051 et
871 2016 978 2067 regnum
991 2003 1016 2050 in

244 2072 388 2134 provinciae
412 2069 517 2121 formum
541 2072 708 2137 redigeretur3
733 2070 802 2135 quod
827 2071 961 2135 negocium
979 2069 1015 2118 M.

245 2137 332 2189 Catoni
350 2138 494 2188 mundatum
511 2147 557 2189 est.

176 2193 210 2247 ⁶7
245 2206 316 2257 (loss.
353 2207 385 2257 P.
405 2207 532 2258 Cornelius
553 2207 674 2258 Lentulum
692 2205 819 2271 Spinther,
843 2207 875 2269 Q.
894 2207 1016 2258 caecilius
1051 2205 1087 2255 5⁰

346 2274 463 2326 Metellus
480 2275 574 2341 Nepos.

276 2342 396 2394 Kalendis
413 2345 534 2394 lenusriis
551 2345 672 2407 Lentulus
690 2342 809 2412 Spinther
826 2356 879 2394 cos.
894 2343 927 2393 de
943 2357 1016 2392 rcvc·

244 2411 323 2462 cundo
340 2411 459 2462 Cicerone
476 2413 503 2462 iu
520 2423 609 2464 senatu
627 2427 703 2480 egere
721 2415 819 2479 ccepit,
837 2412 1015 2462 adiuvantibus

244 2479 297 2530 iere
316 2481 432 2531 omnibus
450 2480 558 2531 inlunis
574 2480 672 2549 piebis,
690 2483 716 2531 ln
734 2483 824 2547 primis
841 2480 869 2530 Ρ.
889 2478 971 2530 Sestio
990 2488 1027 2545 et¹

243 2548 274 2598 Τ.
293 2549 376 2600 tinnio
391 2547 491 2598 ldllcue.
528 2549 573 2600 llis
596 2551 688 2601 studiis
707 2550 823 2601 effectum
845 2556 897 2608 est,
917 2556 945 2598 ut
962 2548 1014 2612 pri·

243 2632 312 2667 mum
327 2617 419 2668 Sctum
437 2617 507 2667 fleret
525 2618 556 2668 de
574 2619 629 2668 eius
647 2617 744 2678 salute,
763 2617 855 2668 deinde
871 2615 915 2665 lex
933 2615 965 2665 de
983 2631 1013 2665 ec

242 2687 384 2737 revocando
399 2685 433 2734 sd
442 2685 562 2753 populum
571 2685 621 2737 lete
629 2687 696 2752 prid.
705 2683 887 2737 uocasuexui.
901 2685 1013 2734 omniunt
1034 2730 1037 2737 .

243 2755 412 2806 centuriarum
429 2767 552 2804 consensu
567 2755 663 2820 perlate
680 2755 742 2805 est!
759 2754 855 2805 Eodem
871 2752 912 2802 die
927 2751 1013 2802 Cicero

242 2819 395 2886 Dyrrimchic
407 2821 537 2887 proiectus
546 2823 626 2873 Nouis
639 2821 728 2874 Sextil.
740 2820 922 2872 luchenstuli
934 2821 1012 2870 Bruc-

243 2890 421 2943 disiumvenit.
439 2889 499 2940 lude
514 2906 560 2957 per
573 2891 670 2942 ltaliam
684 2892 795 2941 omnium
807 2890 1012 2954 municipiorum,

241 2957 468 3022 praefecturarum,
500 2959 653 3011 coloniarum
676 2974 776 3019 summe
799 2957 966 3024 gmtuleticne
988 2964 1013 3005 et

241 3026 333 3093 pleusu
348 3035 467 3094 exceptus
480 3026 588 3079 Romam
600 3028 675 3077 licuit
686 3028 752 3095 prid.
762 3027 829 3079 Nou.
838 3024 910 3090 Sept.
919 3025 1013 3074 Postri-

242 3095 283 3144 die
305 3097 418 3153 seuetui‚
444 3094 534 3146 deiude
557 3095 669 3163 populo,
693 3098 808 3147 contione
830 3110 845 3144 u
867 3092 1012 3144 consulibus

268 3233 288 3283 ¹l
302 3233 350 3279 cir.
366 3234 393 3276 sd
408 3238 454 3280 stt.
470 3236 510 3281 lli.
529 3238 560 3281 15.
590 3238 612 3290 2)
628 3248 668 3289 prc
681 3236 757 3281 sntio
773 3237 807 3281 lt.
835 3236 857 3285 d)
872 3234 964 3275 Omnem
978 3244 1011 3274 rs·

241 3287 321 3327 liccem
336 3288 388 3329 tacti
403 3293 425 3329 et
439 3291 525 3331 consilii
540 3292 573 3330 sul
590 3293 695 3342 exposuit
709 3288 788 3333 cicero
794 3298 839 3384 gro
849 3286 909 3331 sat.
924 3287 1010 3333 lu-ii.

256 3339 372 3384 rul‘lsuc.
387 3341 476 3387 tit-oi.
493 3346 514 3385 lu
529 3344 632 3385 Pisonem
647 3343 668 3388 9.
702 3344 725 3396 d)
739 3355 779 3397 pro
812 3344 856 3385 esi.
870 3341 913 3390 24η
943 3351 968 3380 ¹⁰
982 3341 1009 3385 c·

225 3416 228 3427 ,
273 3391 328 3432 lrlrlc
345 3395 377 3438 17.
417 3396 440 3447 ll)
459 3407 500 3449 pro
518 3396 694 3441 vissedun.
735 3399 757 3449 fi)
779 3406 819 3450 pro
834 3392 896 3440 sesi.
911 3353 1011 3440 δι’-41.

239 3443 327 3488 Μ-ῡδ.
343 3447 431 3506 ou-tn,
448 3451 470 3489 ln
483 3449 588 3490 Pisonem
604 3450 638 3494 15.
974 3480 976 3484 ·
