2356 3854
14 247 20 255 Χ
109 166 152 231 oa
324 159 913 226 rnc.vn..nnnmxcrnmatv.
983 206 992 220 .

108 317 265 412 intemplo
277 312 449 375 clarissimo
462 312 577 385 populo
592 312 728 370 Romano
744 318 969 372 monumentum
991 325 1069 370 suae
1082 327 1116 370 so

108 399 224 463 cietatis
239 395 448 489 amicitiaeque
464 409 534 453 esse
549 392 710 463 voluisset,
733 392 764 451 id
784 392 840 452 sibi
861 393 891 452 C
898 388 1037 453 Verrem
1061 394 1113 454 abs

106 481 229 544 tulisse
250 480 289 539 de
311 475 436 536 caeteris
459 477 602 551 operibus
624 491 663 533 ex
678 491 752 534 auro
769 486 799 536 et
812 477 952 550 gemmis,
977 493 1060 550 quae
1075 493 1116 536 sut

105 579 202 639 penes
219 561 302 622 illurn
316 566 433 630 essent,
453 575 487 617 se
502 575 562 618 non
579 559 730 618 laborare:
746 558 805 617 hoc
821 557 879 616 sibi
895 557 970 630 eripi
984 558 1116 618 miserum

105 662 177 707 esse
203 653 233 704 et
257 643 422 715 indignum.
453 641 488 700 ld
507 642 563 700 etsi
584 650 672 700 antea
695 641 754 699 iam
774 650 874 700 mente
898 649 928 700 et
942 641 1116 714 cogitatione

105 734 162 789 s'ua
176 727 337 799 fratrisque
354 725 400 784 sui
417 731 626 784 consecratum
642 732 738 795 esset,
759 732 858 781 tamen
879 730 1007 794 tumse,
1030 723 1061 782 in
1074 725 1116 784 illc

105 807 259 871 conventu
279 806 390 866 civium
406 809 625 877 Romanorum,
652 807 738 875 dare,
760 806 889 877 donare,
912 804 1030 876 dicare,
1054 822 1116 865 con-

105 909 227 955 secrare
245 890 310 951 lovi
330 889 443 963 optimo
464 891 594 948 maximo
616 896 784 963 testemque
804 888 903 962 ipsum
925 888 1030 947 lovem
1051 905 1116 949 suae

105 973 268 1037 voluntatis
282 988 319 1032 ac
333 971 489 1046 religionis
506 972 659 1030 adhibere.

31 1084 34 1091 ·
81 1058 90 1073 ’
187 1057 275 1116 ΧΧΧ.
308 1054 391 1127 Quae
406 1071 482 1126 vox,
503 1070 581 1128 quae
600 1056 706 1125 latera,
730 1069 808 1127 quae
824 1051 906 1113 vires
924 1051 1015 1112 huius
1035 1052 1114 1113 unius

105 1138 236 1201 criminis
253 1137 480 1212 'querimoniam
500 1145 631 1210 possunt
657 1135 827 1196 sustineret
852 1137 919 1196 Rex
944 1137 1110 1206 Antiochus,

104 1222 157 1297 qui
170 1223 286 1282 Romae
300 1228 369 1279 ante
385 1221 490 1281 oculos
506 1219 639 1278 omnium
656 1226 791 1278 nostrum
813 1218 969 1278 biennium
990 1221 1050 1278 lere
1067 1233 1108 1276 co·

102 1302 210 1364 mitatu
223 1302 309 1376 regio
323 1312 413 1377 atque
431 1310 538 1362 ornatu
552 1302 674 1373 fuisset,
697 1302 724 1360 is
740 1317 831 1376 quum
847 1302 963 1361 amicus
979 1310 1008 1361 et
1020 1301 1105 1362 socius

102 1385 210 1460 populi
225 1385 354 1446 Romani
369 1392 465 1456 esset,
482 1383 664 1444 amicissimo
681 1392 780 1458 patre,
795 1400 864 1457 avo,
879 1385 1050 1455 maioribus,
1064 1399 1102 1442 an·

64 1503 69 1515 ·
101 1466 282 1542 liquissimis
296 1476 326 1527 et
341 1466 515 1527 clarissimis
529 1466 666 1540 regibus,
688 1460 917 1541 opulentissimo
939 1476 972 1528 et
992 1466 1101 1526 maximo

99 1566 213 1626 regno,
236 1567 385 1625 praeceps
414 1549 570 1624 provincia
591 1549 695 1623 populi
716 1552 843 1610 Romani
868 1551 1043 1611 exturbatus
1059 1552 1098 1608 est

101 1633 152 1695 68.
167 1634 451 1707 Quemadmodum
466 1633 524 1691 hoc
541 1641 719 1707 accepturas
735 1633 873 1694 nationes
886 1642 1016 1709 exteras,
1032 1644 1098 1706 quam

101 1717 142 1776 ad
163 1717 286 1776 modum
306 1715 396 1775 huius
418 1715 461 1775 tui
477 1714 546 1774 lacti
562 1717 669 1774 lamam
687 1714 717 1774 in
734 1733 828 1790 regna
844 1716 971 1777 aliorum
985 1728 1067 1792 atque
1078 1713 1097 1770 it

100 1798 220 1860 ultimas
236 1809 332 1858 terras
347 1807 558 1873 perventuram
575 1797 699 1873 putasti,
724 1817 814 1873 quum
829 1799 982 1872 audirent,
1003 1808 1097 1874 aprab

38 1934 44 1945 .
101 1889 168 1942 tore
184 1883 288 1955 populi
303 1881 431 1941 Romani
445 1883 475 1941 in
491 1881 647 1956 provincia
660 1881 804 1942 violatum
820 1899 937 1957 regem,
961 1882 1096 1959 spoliatum

51 1998 56 2011 ·
100 1963 266 2039 hospitem,
295 1966 422 2023 eiectum
445 1965 561 2024 socium
584 1965 688 2039 populi
706 1966 833 2026 Romani
859 1975 949 2042 atque
972 1965 1097 2026 amioum?

81 2049 84 2054 '
99 2047 216 2106 Nomen
232 2054 364 2106 vestrum
379 2046 545 2120 populique
558 2047 685 2107 Romani
703 2048 773 2109 odio
788 2057 879 2123 atque
894 2048 1044 2109 acerbitati
1056 2043 1096 2105 sci·

99 2136 163 2207 tote
178 2127 350 2189 nationibus
366 2130 486 2202 exteris,
499 2129 625 2198 iudices,
642 2131 785 2204 futurum,
803 2131 829 2191 si
843 2131 930 2191 istius
946 2133 1020 2193 haec
1036 2135 1097 2190 tam

20 2224 23 2230 ’
100 2210 211 2273 iniuria
224 2211 369 2286 impunita
384 2210 569 2271 discesserit.
603 2210 653 2270 Sic
668 2230 772 2273 omnes
784 2213 1013 2287 arbitrabuntur,
1031 2225 1096 2289 prat-

44 2313 46 2317 ’
102 2294 204 2355 sertim
230 2311 324 2369 quum
343 2295 418 2353 haec
434 2295 512 2353 lama
533 2296 571 2352 de
592 2303 762 2357 nostrorum
783 2297 935 2357 hominum
952 2297 1096 2357 avaritiact

101 2376 265 2451 cupiditate
285 2377 518 2451 percrebruerit,
539 2394 599 2436 non
619 2377 706 2439 istius
721 2380 816 2440 solius
832 2381 890 2440 hoc
905 2398 976 2442 esse
992 2381 1095 2445 lacinus,

101 2459 159 2520 sed
172 2476 277 2520 corum
297 2458 400 2531 etiam,
423 2460 475 2534 qui
489 2460 694 2534 approbarint.
724 2463 806 2523 Multi
829 2480 932 2538 reges,
957 2456 1096 2523 multaci-

99 2541 191 2602 berae
203 2542 348 2614 civitates,
364 2542 448 2602 multi
462 2542 570 2616 privati
585 2545 718 2617 opulenti
729 2562 764 2604 ae
776 2555 916 2620 potentes
928 2549 1037 2606 habent
1046 2557 1095 2619 pro

100 2625 180 2685 lecto
197 2625 228 2684 in
250 2624 348 2683 animo
364 2623 541 2701 Capitolium
556 2625 599 2685 sie
614 2643 736 2701 ornare,
756 2637 789 2687 ut
803 2629 903 2703 templi
920 2629 1046 2704 dignitas
1058 2627 1095 2686 in·

99 2708 237 2782 perlique
259 2705 354 2766 nostri
377 2723 485 2766 nomen
507 2707 672 2769 desiderat:
696 2709 787 2786 quisi
808 2711 1008 2773 intellexerint
1026 2712 1096 2770 inter·

99 2803 189 2849 uerso
210 2790 269 2849 hoc
289 2788 383 2862 regali
398 2790 478 2850 dono
494 2793 624 2865 graviter
639 2810 694 2853 vos
709 2793 829 2867 tulisse,
850 2803 934 2869 grata
949 2798 1013 2856 lore
1028 2789 1096 2854 vobis

98 2874 292 2968 populoque
290 2873 426 2932 Romano
444 2890 501 2933 sua
521 2874 620 2937 studia
638 2891 673 2934 ac
695 2877 775 2936 dona
797 2878 1026 2950 arbitrabuntur
1058 2872 1096 2934 Sin

97 2952 157 3014 hoc
174 2973 229 3016 vos
245 2956 275 3014 in
289 2971 361 3029 rege
376 2962 434 3014 tam
452 2956 559 3029 nobili,
573 2973 606 3016 re
621 2966 680 3018 tam
694 2959 818 3035 eximia,
833 2961 942 3021 iniuria
957 2971 1016 3022 tam
1031 2970 1096 3020 acer·

95 3033 137 3095 ba
152 3038 325 3113 neglexisse
342 3038 479 3111 audient,
501 3057 562 3100 non
578 3050 665 3104 erunt
678 3051 738 3102 tarn
754 3052 905 3117 amentes,
926 3054 959 3105 ut
981 3056 1095 3120 operam,

98 3133 216 3192 curam,
238 3120 398 3196 pecuniam
420 3122 623 3197 Impendant
616 3142 646 3184 tn
663 3143 715 3186 eas
729 3142 794 3200 res,
817 3144 892 3202 quas
912 3127 999 3190 vobis
1013 3133 1095 3204 gratas

97 3200 163 3261 iore
178 3220 238 3262 non
256 3203 399 3266 arbitrent
388 3213 444 3266 t.ur

179 3285 280 3344 xxxi.
312 3287 362 3348 69
393 3289 458 3349 Hoc
477 3291 562 3363 loco,
583 3291 615 3363 Q.
626 3248 754 3363 Catule,
776 3299 805 3351 te
827 3295 958 3367 appello.
989 3295 1096 3368 Loquor

94 3367 175 3426 enim
195 3367 266 3427 det
254 3376 306 3455 tuo
328 3371 494 3432 clarissimo
522 3373 786 3459 pulcherrimoque
812 3385 1024 3472 monumento.
1049 3385 1096 3435 non
