2356 3854
111 185 132 249 8
270 137 803 250 raosnx.aosc10A1ttEu1N0
826 185 978 247 ORATIO.

109 339 160 401 iile
182 356 236 414 per
237 296 391 410 timuerat,
408 302 443 399 ut
462 337 539 398 mori
558 339 661 399 malfet
679 343 770 412 quarn
791 338 830 397 de
849 337 896 396 his
917 336 1012 399 rebus
1027 294 1139 400 Sullam

109 422 224 484 doceri.
246 422 393 482 Homines
410 419 542 496 antiqui,
567 423 619 496 qui
639 438 678 481 ex
693 427 750 481 sua
764 430 879 506 natura
889 427 1030 484 caeteros
1045 424 1137 499 flage-

41 519 44 529 ’
109 513 191 582 rent,
209 523 302 587 quum
320 507 370 566 ilie
391 506 584 566 confirmaret
605 520 676 566 sese
693 498 803 567 nomen
823 503 895 564 Sex'.
911 505 1018 566 Roscii
1040 507 1096 566 de
1097 515 1136 569 ta·

108 591 189 652 bulis
210 601 434 667 exemptarum,
460 590 586 667 praedia
606 606 705 650 vacua
725 589 787 650 tilio
809 588 1004 686 traditurum,
1033 607 1134 666 quum·

111 692 171 752 que
191 674 223 735 id
244 677 284 736 ita
305 677 349 736 fut
338 685 436 737 urum
455 676 487 734 Τ
502 674 636 736 Roscius
653 673 775 749 Capito,
796 671 892 750 quiin
909 673 1134 749 decernfegatrs

102 766 175 820 erat
181 759 450 835 ,appromitteret‚
465 758 673 820 crediderunt·
697 758 849 817 Ameriam
864 773 897 816 re
907 756 1027 817 morata
1036 772 1132 817 rever

49 901 51 911 ,
109 851 217 916 terunt.
251 844 297 903 Aa
313 843 411 919 primo
433 860 497 904 rem
515 840 638 901 differre
660 840 772 902 cotidie
788 857 825 901 ac
840 839 1068 914 procrastinare
1089 838 1132 899 isti

111 937 289 1002 coeperunt:
309 926 421 999 deinde
435 928 590 1001 aliquanto
604 924 732 998 lentina,
754 923 827 983 nihil
841 940 932 997 agere
946 931 1039 997 atque
1055 914 1131 982 deiu-

67 1082 74 1094 '
110 1011 198 1070 deret
214 1019 370 1085 postremo
384 1010 472 1068 —id
488 1009 572 1084 quod
588 1007 699 1068 facile
690 1017 735 1068 rnt
724 1008 825 1068 tellect
813 1015 876 1067 tum
891 1013 993 1066 est-
1008 1005 1131 1066 insidias

108 1092 189 1154 vitae
203 1094 331 1154 huiusce
344 1092 415 1153 Sex.
425 1091 531 1154 Roscii
542 1109 667 1167 parare,
686 1107 788 1164 neque
803 1106 874 1150 sese
888 1089 1028 1149 arbitrari
1042 1102 1131 1163 posse

110 1176 227 1241 diutius
240 1177 370 1236 alienam
385 1174 548 1250 pecuniam
562 1173 685 1234 domino
701 1172 844 1232 incolumi
856 1172 1003 1232 obtinere
1035 1171 1072 1230 X
1086 1166 1130 1232 at
1155 1170 1159 1182 '

110 1259 198 1331 Quod
220 1258 269 1318 hio
287 1259 485 1334 simulatque
503 1257 612 1330 sensit,
638 1257 676 1316 de
692 1255 858 1316 amicorum
876 1262 1131 1330 cognatorumque

110 1341 259 1402 sententia
272 1342 399 1402 Romam
416 1340 552 1415 confugit
571 1348 601 1400 et
615 1356 685 1401 sese
700 1341 741 1399 ad
755 1337 916 1415 Caeciliam
938 1337 1083 1414 [Nepotis
1102 1338 1131 1397 ff-

108 1424 206 1501 liam]‚
221 1420 312 1500 quarn
326 1425 453 1486 honoris
466 1440 559 1484 causa
574 1422 711 1495 nomino,
729 1421 868 1495 contulit,
884 1437 946 1496 qua
958 1429 1047 1499 pater
1060 1436 1132 1482 usus

109 1514 174 1567 erat
186 1508 362 1582 plurimum:
377 1508 408 1567 in
425 1525 485 1583 qua
496 1505 637 1579 muliere,
652 1505 784 1578 iudices,
797 1505 991 1579 etiamnunc,
1006 1504 1039 1564 id
1054 1504 1133 1580 quod
1167 1526 1172 1581 ι

110 1606 219 1650 omnes
231 1588 635 1666 semper‘existimaverunt,
649 1588 739 1665 quasi
752 1587 883 1663 exempli
899 1604 993 1648 causa
1009 1586 1133 1662 vestigia
1170 1590 1172 1599 '

109 1672 225 1749 antiqui
239 1675 330 1735 officii
346 1683 524 1744 remanent„
535 1675 585 1733 fia
600 1673 673 1734 Sex.
688 1672 835 1733 Roscium
852 1672 989 1746 inopem,
1007 1671 1133 1731 eiectum

109 1757 200 1822 domo
222 1766 314 1834 atque
336 1760 559 1834 expulsumex
582 1757 647 1817 sais
668 1756 773 1828 bonis,
801 1754 965 1829 fugientem
986 1755 1134 1815 latronum

49 1910 52 1915 ,
107 1840 169 1902 tela
181 1848 211 1900 et
224 1840 321 1903 minas
333 1841 583 1916 recepitdomum
597 1840 774 1915 hospitique
786 1855 937 1914 oppresso
953 1838 1013 1898 iam
1025 1839 1133 1914 despe-
1148 1903 1149 1906 Ἴ

107 1931 237 1997 ratoque
257 1926 294 1984 ab
318 1925 624 2000 omnibusopitulata
639 1932 695 1985 est.
723 1923 797 1983 Eius
814 1922 940 1995 virtute,
969 1922 1046 1992 fide,
1071 1921 1134 1997 uui-

110 2006 211 2079 gentia
225 2008 411 2080 factumest,
432 2015 465 2067 ut
479 2007 528 2066 hic
543 2009 646 2082 potius
667 2006 757 2067 vivus
772 2005 802 2065 in
817 2023 888 2066 reos
906 2009 997 2080 quain
1013 2005 1135 2066 occisus

108 2086 139 2147 in
155 2088 345 2163 proscriptos
362 2090 535 2155 referretur,
576 2087 627 2152 28.
649 2091 723 2149 Nam
738 2097 901 2164 postquam
916 2088 966 2149 isti
980 2089 1135 2150 intellexe-

107 2178 178 2230 runt
192 2187 309 2230 summa
323 2171 479 2247 diligentia
490 2171 581 2232 vitam
593 2172 665 2233 Sex.
679 2173 786 2233 Roscii
801 2172 947 2233 custodiri
962 2189 1063 2247 neque
1079 2172 1137 2234 sibi

107 2254 199 2312 uliam
215 2255 318 2316 caedis
336 2257 497 2316 faciundae
512 2263 694 2332 potestatem
710 2257 789 2328 dari,
813 2256 975 2316 eonsilium
988 2266 1138 2333 ceperunt

107 2338 231 2411 plenum
252 2338 378 2400 sceleris
401 2347 431 2401 et
444 2339 607 2414 audaciae,
631 2348 664 2400 ut
683 2357 795 2399 nomen
810 2340 900 2400 huius
919 2340 957 2398 de
972 2339 1136 2414 parricidio

108 2419 274 2494 deferrent,
303 2431 337 2482 ut
364 2423 404 2482 ad
429 2440 496 2483 eam
521 2441 584 2483 rem
608 2425 741 2498 aliquem
766 2430 976 2484 accusatorem
1002 2429 1137 2483 veterem

108 2513 334 2578 compararent,
356 2505 409 2580 qui
424 2508 463 2566 de
477 2524 515 2568 ea
529 2525 563 2567 re
578 2515 688 2581 posset
703 2507 808 2566 dicere
824 2505 957 2581 aliquid,
978 2505 1009 2565 in
1027 2523 1090 2581 qua
1104 2524 1137 2568 re

108 2586 191 2644 nufla
213 2587 357 2663 subesset
377 2589 529 2664 suspicio,
551 2589 685 2665 denique
702 2598 749 2662 ut,
773 2592 917 2664 quoniam
932 2588 1057 2650 'crimine
1074 2608 1136 2651 non

106 2675 262 2742 poterant,
279 2677 416 2744 tempore
432 2671 501 2747 ipso
518 2681 696 2748 pugnarent.
718 2674 763 2734 lta
777 2672 863 2748 loqui
876 2673 1031 2733 homines:
1057 2675 1140 2751 qaod

107 2752 219 2812 marcac
236 2758 295 2812 tom
315 2754 367 2813 diu
385 2754 472 2825 facta
491 2772 551 2815 non
562 2767 670 2830 essent,
692 2759 886 2818 condemnari
905 2773 971 2816 eum
990 2764 1137 2832 oportere,

106 2837 159 2909 qai
169 2838 288 2911 primus
309 2839 340 2895 in
354 2838 495 2898 audaciam
510 2840 656 2900 adductas
669 2850 755 2900 essct.
751 2862 758 2876 ·
785 2841 921 2900 huict
870 2847 921 2899 aut
922 2856 970 2899 em
988 2848 1136 2913 patronos

106 2927 231 3012 propter
246 2917 438 2994 Chrysogoni
460 2920 587 2996 gratias
598 2922 770 2983 defuturos·
803 2924 841 2984 de
856 2924 1006 2983 bonorum
1029 2922 1135 2984 vendi-

106 2997 187 3060 tione
208 3010 238 3062 et
260 3003 299 3062 de
319 3001 381 3062 ista
403 3003 550 3064 societate
570 3006 697 3066 verbum
716 3022 787 3067 esse
804 3009 952 3068 facturum
967 3005 1134 3085 neminem:

53 3131 62 3139 ,
105 3078 175 3154 ipso
202 3086 324 3146 nomine
351 3085 506 3160 parricidii
533 3095 563 3148 et
590 3090 746 3150 atrocitate
769 3089 903 3150 criminis
926 3092 1007 3162 fore,
1031 3098 1064 3150 ut
1085 3089 1135 3151 hic

104 3164 187 3222 nullo
203 3168 331 3239 negocio
347 3171 518 3243 tolleretur,
534 3188 626 3245 quum
641 3173 679 3232 ab
695 3175 778 3234 nuflo
793 3175 940 3234 defensus
955 3181 1048 3234 esset.
1083 3172 1134 3234 29.

69 3249 73 3259 ’
102 3245 185 3306 Hoc·
192 3250 319 3310 consitio
341 3261 433 3327 atque
457 3254 535 3315 adeo
560 3257 618 3316 hac
639 3257 769 3317 amentia
791 3256 929 3332 impulsi,
960 3271 1051 3330 quem
1073 3254 1135 3331 ipsi

65 3350 66 3355 ¹
104 3344 197 3404 quum
224 3341 370 3404 cuperent
389 3353 451 3397 uon
472 3346 636 3413 potuerunt
656 3339 814 3425 occidere,
841 3356 911 3400 eum
934 3339 1134 3440 iugulandum

103 3411 193 3472 vobis
210 3413 408 3478 tradiderunt.
1168 3445 1170 3448 ·
