2356 3854
130 175 173 239 co
342 130 858 247 incvnaauuncnuurn.
876 179 928 238 1v.

49 384 51 390 ,
131 324 299 394 visoribus,
322 332 356 383 ut
366 331 488 396 praetor
498 324 725 398 renunciarere,
740 324 865 399 dedisti,
880 332 1142 404 nxxxaccusatori,

132 424 170 468 ne
191 407 243 467 tibi
264 405 391 466 odiosus
412 415 508 478 esset,
531 423 567 465 ea
587 422 621 464 re
642 409 808 468 contemnis
828 418 1002 483 equestrem
1018 411 1140 473 ordinem

132 499 162 551 et
182 488 337 563 despicis?
365 505 402 548 ea
421 505 455 548 re
476 487 529 548 tibi
543 490 698 563 indignum
712 491 811 551 visum
826 501 873 551 est
888 492 1057 568 quidquam
1072 495 1138 568 quod

131 572 184 634 tibi
199 573 334 646 placeret
349 572 493 630 Calidium
507 574 609 646 potius
625 573 736 632 habere
755 591 845 647 quarn
859 582 911 634 te?

166 696 170 703 -
209 656 289 713 ·XXl.
305 653 354 714 46.
377 655 471 714 lactat
484 671 518 713 se
533 654 592 714 iam
609 656 723 714 dudum
737 657 776 715 de
791 656 920 716 Calidio:
943 666 1046 718 narrat
1059 657 1135 719 omni

130 740 188 799 bus
209 739 321 797 emisse
342 753 385 796 se.
420 738 497 796 Num
520 737 609 798 etiam
630 739 669 797 de
690 738 723 797 L.
741 738 882 812 Papinio,
909 740 976 800 viro
1000 740 1134 815 primario,

130 820 273 894 locupleti
305 820 496 894 honestoque
536 819 637 894 equite
662 822 816 893 Romano,
847 822 1017 883 turibulum.
1035 822 1135 883 emistll
1169 854 1172 872 ι

132 904 182 978 qui
198 921 252 977 pro
270 903 440 962 testimonio
456 901 531 962 dixit
543 912 586 975 te,
603 920 695 977 quum
706 903 928 977 inspiciendum
940 905 1133 980 poposcisset.

131 988 236 1047 evulso
259 987 438 1046 emblemate
459 982 631 1045 remisisse:
651 995 684 1046 ut
698 985 871 1060 intelligatis
885 986 915 1046 in
930 987 1053 1047 homine
1065 987 1131 1047 intel

130 1070 288 1144 ligantiam
302 1085 388 1138 esse,
415 1085 476 1127 non
497 1067 667 1139 avaritiam,
695 1068 813 1129 artificii
831 1070 996 1143 cupidum,
1024 1087 1083 1130 non
1098 1085 1132 1128 ar-

34 1164 37 1174 “
130 1153 211 1226 genti
232 1153 336 1211 luisse.
372 1151 433 1210 Nec
453 1152 552 1210 solum
569 1151 598 1208 in
614 1151 737 1224 Papinio
753 1151 809 1211 luit
822 1151 878 1210 hac
892 1151 1086 1212 abstinentias
1101 1161 1131 1210 te

67 1236 74 1248 ⁴
130 1236 194 1294 nuit
207 1235 265 1293 hoc
280 1232 446 1292 institutum
461 1233 491 1291 in
506 1233 644 1293 turibulis
660 1234 816 1306 omnibus,
838 1249 1049 1309 quaecumque
1062 1231 1130 1292 inst

130 1317 198 1376 eilia
218 1318 346 1376 suerunt.
388 1315 567 1376 Incredibile
591 1323 636 1375 est
656 1324 756 1376 autern
779 1334 869 1390 quarn
893 1319 985 1376 multa
1005 1326 1035 1378 et
1060 1328 1129 1391 quan

130 1402 285 1474 praeclara
301 1397 420 1458 luerint.
457 1398 554 1458 Credo
569 1407 645 1470 turn,
668 1401 761 1472 quum
777 1398 879 1458 Sicilia
896 1399 1027 1459 florebat
1041 1399 1130 1474 opibus

130 1490 161 1542 et
183 1480 297 1556 copiis,
325 1497 433 1554 magna
454 1481 580 1541 artificia
601 1479 697 1540 fuisse
712 1481 742 1539 in
757 1499 794 1542 ea
808 1480 916 1541 insula.
954 1482 1028 1541 Nam
1043 1483 1129 1542 donat
1152 1540 1156 1545 .

130 1574 193 1624 erat
217 1572 285 1624 ante
306 1563 397 1637 istum
418 1575 588 1637 praetorem
608 1566 690 1623 nulla
711 1566 811 1637 paullo
833 1564 1021 1638 locupletior,
1042 1561 1130 1638 quain

130 1650 220 1707 domo
235 1648 310 1706 haec
325 1664 385 1706 non
403 1656 521 1718 essent,
540 1648 629 1707 eliam
641 1647 667 1705 si
678 1647 919 1722 praetereanihil
931 1655 1015 1707 esset
1026 1641 1130 1720 argeul',

31 1761 36 1799 ς
69 1783 72 1787 .
129 1732 240 1805 patella
260 1730 383 1804 grandis
406 1746 474 1790 cunr
499 1729 605 1804 sigillis
625 1746 661 1789 ac
685 1729 854 1790 simulacris
875 1731 1016 1801 deorum,
1037 1737 1130 1804 patera

130 1831 190 1888 qua
204 1813 345 1873 mulieres
359 1814 400 1872 ad
416 1830 465 1873 res
479 1813 597 1873 divinas
609 1821 771 1884 uterentur,
793 1812 966 1872 turibulum.
1005 1814 1084 1871 Haec
1093 1825 1132 1868 au·

128 1908 189 1957 tem
208 1897 308 1956 omnia
328 1896 452 1969 antiquo
476 1913 569 1970 opere
591 1905 620 1955 et
639 1912 755 1955 summo
776 1895 903 1956 artificio
925 1896 1019 1954 lactat
1040 1902 1072 1954 ut
1088 1893 1131 1950 hoc
1153 1890 1158 1947 ζ

131 1982 233 2038 liceret
243 1978 403 2052 suspicari,
414 1977 510 2039 luisse
526 1979 689 2052 aliquando
704 1978 787 2052 apud
796 1977 916 2038 Siculos
929 1993 1080 2052 peraeque
1090 1987 1135 2054 pm„

129 2060 268 2135 portione
283 2068 417 2133 caetera,
436 2063 492 2120 sed
504 2060 614 2138 quibus
625 2064 717 2120 multa
728 2063 849 2122 fortuna
859 2060 1034 2133 ademisset,
1050 2067 1144 2118 tamon

130 2144 212 2217 apud
227 2159 282 2202 eos
296 2141 482 2202 remansisse
496 2159 548 2215 ea,
572 2159 650 2218 quae
665 2142 771 2218 religio
786 2143 970 2205 retinuisset.
1003 2141 1054 2205 47.
1070 2137 1132 2211 Diri,

130 2225 261 2297 iudices,
291 2227 383 2285 multa
404 2223 500 2285 luisse
525 2227 588 2291 lere
608 2228 691 2301 apud
711 2243 817 2287 omnes
839 2225 977 2287 Siculos:
997 2242 1054 2300 ego
1070 2225 1133 2283 idom

131 2309 291 2381 confirmo,
315 2324 395 2368 nunc
410 2325 448 2367 ne
464 2325 558 2368 unurn
570 2306 691 2382 quidem
703 2326 783 2370 esse.
819 2308 966 2382 Quidhoc
978 2315 1046 2369 est?
1067 2301 1133 2381 quod
1160 2326 1164 2331 ·

26 2433 33 2448 t
130 2391 188 2451 hoc
211 2399 393 2463 monstrum,
423 2393 506 2465 quod
530 2393 702 2467 prodigium
724 2391 755 2452 in
780 2392 968 2467 provinciam
992 2389 1134 2450 misimuat

129 2472 234 2532 Nonne
247 2473 336 2534 vobis
354 2474 385 2534 id
402 2474 503 2548 egisse
520 2474 648 2547 videtur,
668 2484 700 2536 ut
717 2492 778 2535 non
795 2476 885 2535 unius
899 2475 1069 2548 libidinem,
1087 2484 1133 2531 uon

130 2572 204 2615 suos
226 2558 349 2630 oculos,
371 2558 427 2616 sed
451 2557 583 2616 oninium
604 2557 869 2633 cupidissimorum
885 2556 1036 2630 insanias,
1060 2567 1135 2635 quun

129 2640 255 2698 Romam
275 2640 465 2713 revertisset,
487 2642 642 2714 expleret?
675 2640 732 2714 Qui
747 2642 836 2700 simul
851 2650 943 2714 atque
957 2638 987 2699 in
1006 2639 1135 2715 oppidum
1170 2682 1172 2703 ;

131 2721 296 2796 quodpiam
320 2730 464 2795 venerat,
497 2724 731 2784 immittebantur
754 2724 797 2782 illi
822 2723 963 2784 continuo
991 2716 1137 2798 Cibyratici
1170 2718 1172 2739 ²

130 2822 236 2877 canes,
260 2803 312 2879 qui
325 2804 547 2886 investigabant
558 2816 588 2866 et
599 2808 866 2880 perscrutabantur
879 2805 988 2866 omnia.
1023 2805 1056 2864 Si
1068 2798 1138 2879 quod

129 2897 193 2967 erat
216 2889 330 2963 grande
348 2906 408 2953 ,vas
429 2898 459 2950 et
474 2891 571 2950 maius
589 2906 667 2964 opus
683 2889 853 2962 inventum,
875 2888 944 2947 laeti
959 2888 1139 2947 adserebant:

130 2971 156 3030 si
178 2972 276 3051 minus
294 2970 457 3033 eiusmodi
473 2971 627 3047 quippiam
644 2972 749 3032 venari
764 2979 940 3047 potuerant,
962 2971 1013 3030 illa
1029 2970 1140 3044 quiden

130 3063 211 3114 certe
222 3072 277 3129 pro
289 3056 456 3130 lepusculis
469 3054 674 3129 capiebantur,
696 3058 841 3130 patellae,
859 3061 997 3128 paterae,
1013 3052 1142 3112 turibula.

129 3134 185 3192 Hic
205 3154 283 3211 quos
305 3137 416 3212 putatis
436 3136 528 3198 fletus
549 3137 722 3210 mulierum,
745 3154 822 3214 quas
840 3136 1071 3196 lamentationes
1088 3129 1145 3194 lieri

131 3216 236 3276 solitas
254 3234 324 3280 esse
339 3219 369 3280 in
386 3220 471 3280 hisce
487 3221 601 3281 rebus?
623 3237 701 3297 quae
717 3222 843 3281 forsitan
855 3219 944 3279 vobis
956 3235 1071 3293 parvae
1083 3231 1146 3276 esse

131 3297 304 3373 videantur,
332 3304 388 3362 sed
412 3319 552 3377 magnum
577 3312 607 3364 et
631 3303 773 3364 acerbum
796 3304 931 3362 dolorem
952 3307 1148 3368 commovent,

130 3381 312 3442 mulierculis
330 3387 523 3460 praesertim,
544 3403 636 3461 quum
651 3386 820 3461 eripiuntur
834 3402 850 3443 e
866 3383 1006 3444 manibus
1021 3399 1074 3457 ea,
1089 3381 1149 3459 qui·
