2356 3854
365 200 427 278 rna
444 221 552 280 anuos
569 229 717 284 uranum.

194 525 274 589 peius·
286 531 393 592 captum¹
403 524 536 578 interfecit.
571 528 699 576 Postremo
715 527 826 589 reliquos
842 526 968 578 Marianae

135 631 141 635 .
196 593 312 642 lectionis
335 593 426 652 ducem
454 591 610 655 Cariuatem,
633 595 827 660 Damasippum,
852 594 879 645 G.
904 597 968 646 hiar-

195 661 262 709 oium
280 659 446 710 Censorinum
463 676 520 710 cum
542 664 619 713 sociis
640 664 736 726 ingenti
752 678 839 729 pugne
855 672 967 729 superat.

195 728 251 787 Quo
274 728 341 778 lacta
358 730 384 777 in
403 728 494 778 Urbem
510 732 577 780 redit
595 741 619 780 et
637 745 729 795 magna
747 732 838 780 civium
856 731 968 781 multitu-

195 797 254 845 dine
279 795 453 846 crudelissime
472 799 598 848 trucidata
620 800 728 849 memor
747 798 779 848 ab
797 799 919 865 interrege
937 800 967 848 L.

194 864 297 914 Valerio
308 864 398 914 Flacco
415 864 472 929 lege
487 867 521 915 ad
534 867 656 931 populum
675 867 727 917 lata
744 869 871 926 creatur;¹
893 882 968 930 quam

194 932 345 982 dictaturam
362 947 408 998 per
429 932 525 994 aliquot
549 950 627 985 annos
645 943 725 995 tenet,
750 933 867 987 consules
883 943 967 984 tamen

43 1034 47 1041 -
195 1002 278 1050 crccri
295 1015 397 1066 passus.

33 1062 77 1118 873
122 1060 158 1114 81
193 1068 264 1118 Coss.
292 1069 333 1118 M.
356 1066 450 1119 Tulliae
467 1070 571 1135 Deculo,
593 1071 637 1120 On.
661 1070 789 1120 Cornelius
806 1069 947 1121 Dolabella.
1000 1064 1035 1119 26

227 1136 297 1185 Sulla
314 1152 367 1186 rem
388 1137 514 1201 publicam
531 1139 604 1187 novis
623 1138 722 1203 legibus
746 1139 883 1188 constituit.
921 1137 965 1187 Cn.
1131 1150 1135 1156 ·

192 1204 342 1268 Pompeius,
367 1205 431 1254 bello
456 1207 481 1254 in
506 1206 592 1256 Africa
614 1222 672 1256 cum
693 1204 803 1255 Domitio
827 1215 851 1255 et
868 1207 966 1256 diiarba

192 1287 252 1337 rege
271 1272 404 1322 Numidiae
423 1272 551 1334 conlecto,
574 1275 667 1331 XXVI.
687 1289 766 1324 annos
791 1283 863 1323 natus
888 1290 965 1337 eques

191 1340 338 1405 triumphat.

226 1406 311 1458 Bicera
329 1410 467 1458 orationem
483 1409 559 1458 habet
573 1424 623 1472 pro
640 1411 673 1458 P.
693 1409 812 1472 Quinctio.

33 1468 77 1525 574
118 1458 157 1521 80
193 1474 265 1526 coss.
292 1476 326 1592 pr
348 1477 477 1527 merrae
495 1477 567 1527 suu
585 1478 637 1538 rr,
655 1478 687 1540 Q.
706 1478 829 1528 caesum
847 1477 965 1528 Meterius
1000 1468 1034 1522 il

319 1559 366 1594 aaa.

227 1610 313 1662 Cicero
331 1611 445 1663 defendit
461 1612 521 1663 Sex.
537 1615 657 1664 Roscium
670 1615 818 1662 Amerinum
836 1612 965 1675 parricidii

190 1682 289 1729 reum!

34 1738 72 1796 lic
119 1735 156 1792 79
193 1748 272 1798 Coss..
299 1748 333 1796 P.
351 1746 471 1799 Serviliae
493 1752 570 1799 Vatia
590 1748 736 1806 Isauricus,
759 1748 827 1809 App.
847 1747 966 1797 Claudiae
1000 1736 1034 1788 28

295 1816 415 1871 Pulcher.

226 1881 295 1931 Sulla
311 1899 339 1934 se
359 1884 481 1933 dictatura
497 1884 606 1933 abdicat.

226 1949 311 2000 Cicero
327 1953 460 2001 Arretinae
477 1952 592 2000 mulieris
610 1949 749 1999 libertatem
768 1955 853 1998 eontra
869 1947 964 1998 Guttam

140 2026 145 2035 ·
192 2017 328 2068 delendit.⁸
352 2018 448 2070 Deinde
466 2020 634 2084 proficiscitur
650 2018 676 2067 in
695 2017 832 2067 Graeciam.
859 2017 964 2066 Athenis

192 2087 315 2138 Antiocho
334 2088 493 2138 Ascalonitae
512 2098 615 2153 operum
632 2087 691 2144 dat3
714 2085 857 2135 Phaedrum
879 2095 903 2134 et
921 2086 965 2134 Ze·

65 2186 70 2201 .
191 2169 282 2205 nauem
300 2156 437 2220 Epicureos
456 2158 571 2207 audit.⁴'

34 2217 70 2275 ⁷6
117 2212 155 2267 78
192 2222 262 2274 Coss.
297 2222 338 2272 M.
357 2224 476 2275 Aenritiaa
491 2225 615 2289 Lepidus,
636 2223 667 2285 Q.
683 2224 800 2273 Latum
820 2223 929 2273 Cumae.
999 2209 1033 2263 29

223 2292 254 2344 L.
274 2289 406 2346 Cornelius
428 2291 498 2343 Sulla
514 2293 644 2343 moritur.⁵
683 2291 716 2340 Μ.
735 2291 846 2356 Lepidus
866 2304 917 2338 cos.
939 2290 963 2336 in

192 2359 297 2409 Galliam
312 2362 469 2425 provinciam
487 2364 537 2412 sibi
550 2364 676 2412 decretam
690 2360 819 2424 proiectus
839 2366 894 2407 acta
908 2355 963 2404 Sul·

190 2427 230 2478 lae
247 2430 391 2479 rescindere
408 2438 432 2478 et
449 2432 603 2496 proscriptos
620 2444 739 2478 revocare
756 2435 874 2487 coumur,
892 2440 963 2475 exer-

191 2499 241 2547 citu
264 2498 296 2546 ad
317 2497 407 2547 Urbem
431 2499 545 2559 admoto;
567 2497 634 2547 unde
658 2512 673 2546 a
697 2495 785 2546 Catulo
803 2509 854 2545 cos.
875 2503 900 2542 et
918 2492 961 2541 Cn.

193 2565 310 2628 Pompeio
328 2565 446 2630 repulsus
462 2568 534 2617 exsul
550 2569 576 2616 in
593 2565 711 2616 Sardinia
728 2565 842 2614 moritur.

158 2662 163 2666 -
224 2632 310 2684 Cicera
324 2633 431 2683 Athenis
447 2636 515 2701 apud
526 2636 681 2685 Demetrium
696 2633 786 2698 Syrum
799 2631 898 2681 dicendi
911 2644 963 2677 ma-

190 2703 282 2766 gitrum
303 2710 439 2752 exercetur.
482 2704 579 2754 Deinde
602 2704 690 2752 Asiam
713 2708 830 2766 peragrat
849 2713 963 2763 operam-

108 2765 113 2774 ’
190 2785 238 2831 que
256 2770 300 2820 dat
310 2771 428 2835 Menippo
448 2769 636 2829 Stratonicensi,
655 2770 761 2819 Xeuoeli
774 2768 962 2831 Adramytteno,

190 2837 312 2904 Aeschylo
326 2836 426 2896 Gnidio,
440 2839 560 2905 Dionysia
579 2839 690 2902 Magneti
706 2837 854 2886 rhetoribus.
881 2834 964 2882 Rhodi

190 2907 258 2970 apud
274 2905 436 2970 Apollonium
455 2908 580 2958 Molonem
602 2906 696 2956 Graece
714 2906 857 2954 declamitat
874 2912 898 2951 et
915 2902 962 2949 Po-

169 2973 317 3030 ‚sidonium
334 2972 516 3041 philosophum
533 2975 646 3026 Stoicum
665 2975 760 3025 audit.⁶

35 3026 71 3083 77
119 3025 154 3081 77
190 3040 261 3095 coss.
296 3042 335 3157 p
357 3042 446 3094 lunias
468 3045 579 3103 amm,
604 3043 684 3092 Mam.
708 3041 827 3090 renarra
849 3035 963 3098 nepam
997 3017 1032 3070 3⁰

320 3125 425 3160 amanus.

224 3175 268 3225 Cn.
287 3179 422 3242 Pompeius
441 3180 546 3227 mittitur
562 3189 647 3228 contra
667 3176 817 3226 Sertorium.

100 3352 104 3359 ,
222 3310 244 3359 1)
264 3305 506 3362 delegassnfflst.
555 3305 577 3355 Bt
592 3305 656 3347 Brut.
671 3303 706 3347 90.
722 3303 764 3345 cin.
781 3299 809 3341 dc
824 3298 868 3343 OB.
884 3299 912 3343 ΙΙ.
929 3299 963 3344 1⁴.

188 3358 270 3456 Qprc
285 3362 350 3406 esec.
366 3362 402 3406 ³3.
443 3361 465 3412 4)
485 3359 597 3402 Bruttii.
615 3356 706 3401 deFtn.
722 3353 776 3400 nc.
802 3352 836 3395 Da
851 3353 963 3405 mysteriis

152 3458 155 3467 Ι
211 3412 268 3457 leuc.
284 3414 324 3459 cir.
341 3414 369 3455 dc
382 3413 441 3466 legg.
456 3414 482 3457 ll.
501 3413 533 3456 lt.
555 3413 577 3464 a)
593 3411 620 3451 de
635 3409 699 3452 Bulla
712 3409 752 3451 cir.
769 3408 797 3450 dc
808 3407 858 3477 sm·
875 3406 913 3448 ΙΙΙ.
927 3405 962 3450 22.

191 3466 234 3510 OB.
250 3466 275 3508 ll.
292 3466 328 3512 28.
344 3468 371 3508 ds
385 3467 444 3521 lagg.
459 3463 487 3511 u.
502 3467 537 3510 ii.
582 3465 606 3518 a)
621 3465 684 3509 Brut.
698 3463 734 3507 Bi.
