2356 3854
422 172 700 234 ARGUMENTUM.
1007 123 1087 244 341Ι
1131 122 1134 131 Ι

56 326 141 387 quites
171 321 400 371 condemnaverunt
426 323 497 381 XIII.
527 322 687 372 absolverunt
701 325 748 372 lV:
781 325 874 374 tribuni
896 328 986 376 aerarii
1011 344 1071 378 eon-

56 399 225 442 cmnaverunt
239 389 310 448 xltl,
333 390 492 441 absolverunt
516 390 557 441 111.
591 392 746 442 Videbantur
760 407 810 442 non
828 394 957 457 ignorasse
976 396 1072 448 iudices

57 461 122 511 scio
141 457 235 507 Milone
252 459 325 525 Initio
342 458 501 508 vulneratum
519 472 574 508 esse
591 458 719 524 Clodium,
736 461 782 509 sed
799 471 985 524 compererant,
1002 474 1071 529 post-

56 543 116 578 ram
134 525 280 575 vnlneratus
298 533 378 586 esset,
397 528 468 576 iussu
487 525 587 575 Milonis
603 528 723 576 occisum.
759 529 868 577 Fuerunt
886 531 929 592 qui
944 532 1072 582 crederent

56 632 63 646 .
85 594 197 645 Catonia
221 596 343 644 sententia
368 610 425 661 eum
444 609 500 644 essa
525 594 679 643 absolutum:
703 609 761 644 uam
783 604 807 644 et
825 597 889 646 bene
906 613 963 646 oum
981 615 1007 649 re
1024 614 1071 665 pu·

57 667 106 714 ica
133 668 218 711 actum
240 676 296 711 esse
320 670 399 717 morte
413 663 440 712 P.
458 661 540 711 Clodii
561 677 612 711 non
630 663 844 722 dissImularerat,
865 671 889 712 et
909 667 1024 717 studebat
1044 669 1070 717 iu

56 733 164 783 stitione
183 730 327 781 consulatus
345 730 441 788 Miloni,
459 739 483 781 et
498 745 541 780 reo
553 731 677 780 adfuerat.
704 730 881 781 Nominevemt
897 748 996 796 quoque
1013 751 1070 784 euru

56 813 127 851 ,cero
145 807 304 864 praesentem
320 807 344 848 et
358 805 463 849 testatus
478 806 529 848 erat
545 799 646 849 audisse
655 813 676 847 ¹a
691 798 725 852 M.
742 799 861 860 Favonio,
877 802 1009 852 antediem
1022 810 1070 853 ter-

56 884 102 920 rm
129 880 208 929 quam
227 866 316 917 caedes
334 865 401 915 iacta
424 875 477 916 erat
492 865 607 917 clodium
632 867 729 916 dixitne
746 867 885 930 peritnmm
903 882 958 917 esse
981 885 1010 919 eo
1028 872 1071 920 tri-

55 953 84 987 ιο
113 934 246 984 Milonem.
287 933 337 983 Sed
362 934 461 983 Milonis
486 949 586 998 quoque
609 943 693 984 notam
722 935 853 983 audaciam
874 938 984 985 amoveri
1008 952 1023 986 a
1043 954 1070 987 re

56 1003 142 1055 rblica
158 1001 220 1051 utile
237 1003 318 1051 visum
338 1011 393 1050 est:
413 1004 478 1051 aoIre
492 1012 575 1051 tamen
586 1017 660 1051 nemo
676 1016 795 1064 umquem
808 1003 898 1067 potuit,
914 994 996 1052 utiam
1014 1019 1070 1054 san-

56 1074 144 1122 ntiam
165 1071 276 1119 tulissett
301 1071 445 1120 demnatum
467 1078 549 1119 autem
573 1085 649 1134 opera
667 1072 776 1119 maxime
790 1071 871 1134 Appii
894 1069 992 1120 Claudii
1013 1086 1071 1136 pro-

56 1141 189 1192 sociatum
210 1148 255 1188 sat.
292 1138 352 1188 Milo
376 1145 478 1202 postero
495 1139 535 1188 die
553 1137 635 1190 lactus
652 1152 710 1188 reus
735 1139 843 1188 ambitus
864 1140 932 1203 apud
950 1139 1069 1189 Manlium

56 1217 197 1271 arquatum
215 1208 305 1257 absens
324 1207 456 1258 damnatus
472 1212 519 1256 est.
554 1207 601 1257 Illa
618 1221 717 1269 quoque
732 1207 787 1271 lege
805 1214 934 1257 aecusator
950 1207 999 1258 luit
1016 1209 1070 1258 eius

56 1279 142 1343 ppius
158 1274 291 1336 claudius,
316 1282 340 1324 et
362 1288 439 1338 quum
463 1275 485 1322 ei
502 1276 641 1338 praemium
665 1274 722 1340 lege
738 1277 848 1334 daretur,
873 1277 973 1341 negavit
994 1291 1022 1326 ae
1040 1293 1070 1327 eo

56 1348 84 1398 ri.
102 1362 114 1371 ·
125 1341 328 1408 SubsorIpserunt
353 1350 378 1392 et
399 1343 426 1391 in
443 1342 551 1393 ambitus
564 1343 658 1393 iudicio
673 1344 701 1393 P.
719 1343 837 1392 Valerius
848 1343 900 1393 Leo
916 1352 939 1392 et
957 1342 1002 1395 (ln.
1020 1344 1070 1395 Do-

56 1413 143 1471 itins,
165 1411 210 1464 Cn.
228 1411 254 1464 F.
287 1412 347 1461 Post
362 1424 455 1475 paucos
479 1411 534 1460 dles
552 1426 651 1474 quoque
666 1410 726 1460 Milo
747 1412 815 1476 apud
832 1412 970 1462 Favonium
993 1427 1069 1475 qnae·

56 1495 136 1532 orem
160 1480 191 1530 de
215 1478 344 1530 sodaliciis
367 1480 575 1543 damnatuserr,
599 1487 731 1529 accusante
745 1479 773 1533 P.
794 1480 881 1530 Fulvio
899 1479 1004 1540 Nerato,
1029 1481 1069 1530 cui

56 1566 96 1615 gc
114 1549 256 1613 praemium
272 1549 357 1598 datum
374 1556 421 1601 est.
442 1547 540 1599 Deinde
553 1548 621 1613 apud
637 1548 667 1601 L.
684 1548 787 1597 Fabium
804 1548 962 1611 quaestorem
980 1551 1069 1598 iterum

56 1631 132 1669 >sens
150 1616 283 1669 damnatus
302 1622 339 1664 est
357 1616 388 1666 de
404 1617 438 1664 vi.
472 1616 606 1665 Accusavit
623 1616 655 1668 L.
677 1615 823 1665 Cornificius
843 1625 867 1663 et
884 1615 913 1672 Q.
930 1617 1067 1668 Patulcius.

56 1687 100 1736 ilo
120 1687 147 1734 iu
164 1684 279 1737 exsilium
297 1685 362 1732 intra
377 1683 547 1747 paucissimos
563 1683 617 1732 dies
634 1683 763 1747 proiectus
780 1690 827 1736 est.
843 1681 919 1734 .Bona
938 1685 992 1732 eina
1010 1696 1068 1748 pro-

55 1764 98 1806 ter
115 1752 193 1804 alieni
209 1753 276 1802 aeris
289 1751 489 1816 magnitudinem
508 1751 644 1799 semiuncia
659 1751 799 1804 venierunt.

105 1822 167 1870 Post
183 1821 300 1870 Mllouam
322 1818 410 1869 audem
425 1818 482 1882 lage
498 1818 617 1880 Pompeia
638 1819 736 1882 primus
755 1827 793 1866 est
808 1823 939 1866 aecusatus
953 1817 986 1866 M.
1005 1817 1068 1866 Sau-

56 1892 121 1951 cius,
139 1888 174 1942 M.
193 1889 236 1947 P„
256 1889 299 1951 qul
316 1888 367 1936 dux
384 1886 466 1936 luerat
482 1887 508 1936 in
524 1886 692 1950 expugnanda
704 1886 808 1934 taberna
824 1884 928 1935 Bovillis
943 1893 967 1934 et
983 1883 1069 1936 Clodio

56 1957 188 2015 anideudo·
215 1958 403 2009 accusaverunt
417 1969 475 2004 enm
491 1955 522 2007 L.
540 1953 650 2014 Cassius,
666 1952 696 2005 L.
715 1952 862 2015 Fulcinius,
879 1952 906 2007 C.
924 1953 962 2013 tt,
978 1953 1006 2003 G.
1018 1955 1069 2004 Va·

56 2030 135 2085 erius:
153 2024 318 2076 defenderunt
332 2024 365 2072 M.
385 2021 484 2083 Cicero,
495 2023 537 2076 M.
553 2019 660 2083 Caelius,
676 2022 885 2083 obtinueruntque
900 2030 928 2071 ut
945 2037 996 2072 una
1013 2036 1069 2071 sen-

56 2097 120 2146 entis
140 2093 320 2143 absolveretur.
354 2089 587 2140 condemnaverunt
608 2095 735 2139 senatores
755 2089 793 2153 X,
815 2087 974 2140 absolverunt
996 2089 1069 2140 VIII:

56 2164 271 2214 ondemnavernnt
290 2160 387 2222 equites
403 2158 510 2207 Romani
526 2157 577 2218 IX,
596 2156 756 2208 absolverunt
773 2157 838 2207 VIII.
866 2154 917 2209 Sed
936 2172 968 2207 ex
989 2160 1069 2208 tribu·

56 2234 81 2283 is
96 2229 200 2280 aerariis
214 2228 238 2277 x
252 2228 421 2291 absolverunt,
440 2228 474 2275 Vl
490 2227 679 2284 damnaverunt,
695 2224 904 2288 manliestumque
917 2225 1002 2274 odium
1013 2225 1070 2276 Clo·

56 2302 77 2353 ii
103 2299 180 2350 saluti
196 2293 299 2347 Sauleio
322 2295 382 2355 fuit,
407 2309 484 2356 quum
498 2295 602 2345 einsvel
619 2296 690 2359 peior
708 2309 783 2344 causa
801 2308 875 2356 quern
894 2293 994 2344 Milonis
1007 2293 1069 2343 luis·

56 2377 88 2429 et,
111 2365 180 2433 quod
198 2372 284 2429 aperte
306 2365 361 2416 dux
377 2363 458 2413 luerat
477 2365 660 2430 expugnandae
680 2364 807 2413 tabernae.
831 2363 961 2425 Repetitus
979 2362 1069 2412 deinde

57 2444 102 2486 ost
124 2447 220 2499 paucos
242 2433 297 2481 dies
315 2433 382 2498 apud
399 2430 544 2483 Considium
560 2440 717 2495 quaestorem
737 2437 775 2479 est
797 2430 853 2495 lege
871 2429 970 2480 Plautia
988 2432 1069 2491 ‹ie-vi,

56 2503 225 2569 ubsoriptlone
244 2515 287 2566 ea,
311 2500 379 2562 quod
398 2499 454 2549 loca
468 2501 599 2566 superiora
616 2506 764 2564 occupasset
779 2506 803 2547 et
822 2513 884 2553 cum,
896 2497 947 2548 telo
963 2497 1068 2549 inisset:

56 2586 101 2623 m
117 2603 222 2623 ......
242 2581 373 2632 operarum
386 2566 493 2618 Milonis
511 2570 697 2618 Accusoverunt
712 2564 739 2620 G.
759 2567 855 2631 Fidius,
872 2564 915 2617 Gn.
927 2565 1069 2633 apponius,
1122 2561 1127 2570 '

56 2642 87 2690 m.
104 2638 144 2698 la,
162 2638 196 2687 M.
214 2633 296 2694 Seius.
312 2633 371 2686 Sex.
386 2635 427 2685 li:
446 2636 608 2686 dalenderuut
625 2638 659 2690 M.
678 2635 771 2698 Cicero,
787 2635 820 2685 M.
836 2636 968 2685 Terentius
987 2637 1068 2686 Varro

56 2707 133 2761 libbe.
167 2703 305 2756 Absolutus
329 2711 368 2753 eat
390 2705 519 2755 sententiis
540 2704 739 2768 pleniusquarn
758 2707 829 2768 prins
838 2706 850 2750 ι’
867 2718 957 2769 graves
981 2703 1069 2753 habuit

56 2772 120 2832 ΗΧ,
139 2771 347 2825 absolutoriaall
367 2778 391 2820 et
407 2770 493 2829 XXX,
515 2772 560 2822 ssd
582 2788 597 2821 e
619 2774 742 2823 sonuerio
766 2772 845 2822 hoca
869 2774 953 2839 priore
976 2772 1069 2820 iudicio

56 2842 149 2897 ocidit:
171 2842 268 2907 equites
297 2841 363 2890 anim
384 2853 414 2889 ac
446 2847 574 2889 senatores
592 2855 648 2900 eum
672 2840 844 2895 absolverunt,
863 2839 964 2888 tribuni
981 2837 1071 2886 aerarii

56 2907 233 2963 amusement.

109 2978 175 3037 Sex.
188 2985 277 3028 autem
295 2973 406 3033 Clodius,
428 2988 476 3036 quo
496 2981 595 3023 auctora
612 2988 704 3038 corpus
722 2973 802 3023 Clodii
817 2975 843 3021 iu
862 2973 955 3022 curiam
971 2969 1068 3020 illatum

56 3048 99 3103 ets.
108 3046 285 3101 mamnubm
294 3041 324 3094 G.
334 3042 471 3094 Caesennio
480 3041 594 3102 Philone,
605 3043 638 3094 M.
650 3041 760 3096 Aufidio,
770 3039 920 3090 defendente
927 3037 1069 3099 Flacconio,
1108 3067 1110 3080 ·

56 3129 139 3183 muno
156 3127 280 3167 sumansu
296 3112 428 3163 damnatus
445 3118 490 3169 ast,
509 3110 639 3161 sententiis
651 3110 687 3160 vl
705 3117 729 3158 et
748 3106 808 3158 XL:
822 3107 988 3157 absolutorias
998 3106 1071 3167 qnin-

56 3198 94 3251 quc
112 3183 214 3237 omnlno
231 3180 328 3240 babuit,
344 3179 407 3237 dues
423 3185 574 3242 sanatorum,
590 3185 641 3226 tres
659 3177 779 3241 equitum.
796 3174 885 3226 -Multi
902 3181 1032 3240 praeterea
1046 3183 1072 3224 et

56 3259 189 3305 mantea
202 3247 242 3312 dt}
262 3252 339 3310 quu'm
354 3247 420 3297 citati
435 3259 485 3295 non
502 3245 704 3313 respondissent,
723 3243 834 3295 damnmi
851 3253 916 3303 sunt,
935 3243 1071 3309 exquibus

56 3321 158 3375 mxima
171 3332 232 3387 pars
243 3308 296 3366 'luit
312 3314 495 3365 Modisnomm.
