2356 3854
316 126 742 240 cuiusquam-aa
1005 162 1046 228 55
1083 154 1086 168 '

62 325 116 368 um
148 306 233 381 quod
252 305 283 365 in
306 323 363 367 suo
387 316 511 382 argento
526 310 639 368 Verres
657 309 790 372 haberet.
828 313 879 372 Ait
899 277 950 372 ille
967 312 1047 374 idem

62 392 78 449 ti
94 388 210 449 videri.
241 390 285 450 lta
298 389 471 465 Pamphilus
488 391 624 467 scyphos
638 393 769 466 optimos
784 397 889 454 autent.

107 511 161 574 33.
190 512 229 571 Et
242 508 413 574 mehercule
429 530 485 589 ago
498 524 612 587 antea,
635 516 828 576 tametsihoc
849 515 952 578 nescio
974 518 1046 591 quid

62 595 220 671 tgatorium
233 596 366 655 sciebam
383 613 468 670 esse,
484 598 542 658 ista
557 597 736 672 intelligere,
759 607 865 658 tamen*
878 598 976 657 mirari
997 616 1046 659 so·

62 697 126 738 sam
141 677 233 737 istum
246 677 334 738 initis
351 679 427 753 ipsis
439 680 530 740 rebus
542 681 673 755 aliquem
686 698 807 739 sensum
820 683 940 752 babere,
957 698 1046 755 quem

63 764 138 820 irem
165 761 248 819 nulia
269 760 298 818 in
320 778 354 820 ra
376 761 538 835 quidquam
563 763 660 821 simile
680 761 810 822 hominis
831 764 952 829 habore.
980 765 1044 823 XV.
1069 824 1074 831 ,

62 862 100 904 rm
129 841 259 917 primum
282 842 416 903 intellexi
438 845 476 902 ad
501 861 566 902 eam
582 862 645 904 rem
664 844 740 904 istos
767 847 874 904 iratres
890 845 1045 921 Cibyratas

63 927 141 998 isse,
156 930 190 983 ut
203 923 261 984 iste
276 923 306 982 in
322 927 448 986 iurando
464 927 602 986 manibus
618 928 690 999 suia,
708 927 803 986 oculis
818 927 934 986 illorum
948 936 1045 987 uterc-

64 1026 86 1066 r.
113 1011 154 1066 At
168 1006 210 1065 ita
226 1007 382 1067 studiosus
396 1016 442 1068 est
457 1008 545 1068 buius
561 1011 733 1082 praeclarae
748 1008 992 1080 existimationis,
1012 1017 1045 1068 ut

62 1099 150 1151 ttetur
167 1088 197 1147 in
212 1087 297 1148 hisce
310 1090 401 1149 rebus
416 1089 586 1164 intelligens
606 1094 690 1164 essb,
714 1099 747 1151 ut
767 1083 863 1164 n'uper
884 1123 927 1134 —
945 1089 1046 1151 videto

62 1172 159 1232 aminis
184 1172 343 1230 amentiam
368 1205 409 1232 -.
437 1182 545 1246 postea
570 1190 658 1247 quam
684 1182 731 1243 est
751 1173 1049 1247 comperendinatus,

62 1253 199 1313 numiam
215 1269 269 1326 pro
290 1255 429 1314 damnato
447 1263 624 1329 mortuoque
639 1250 734 1326 esset,
757 1256 836 1314 ludis
855 1255 1044 1315 Circensibus
1086 1279 1092 1283 ·

62 1352 120 1395 tane
138 1335 221 1409 apud
236 1336 270 1394 L.
292 1335 464 1408 Sisennam,
490 1338 587 1397 'virum
612 1337 800 1412 primarium,
828 1355 918 1412 quum
942 1344 1046 1397 essent
1072 1374 1084 1381 -

62 1418 156 1477 iclinia
177 1425 270 1477 strata
291 1427 506 1494 argentumque
527 1420 697 1494 expositum
724 1419 753 1478 in
780 1419 922 1491 aedibus,
952 1434 1044 1492 quum

62 1518 90 1560 ro
105 1496 248 1574 dignitate
264 1500 296 1557 L.
313 1499 460 1560 Sisennae
480 1503 587 1561 domus
603 1509 685 1561 essct
706 1504 795 1576 plena
817 1502 967 1561 hominum
989 1502 1043 1558 ho-

62 1582 287 1653 estissimorum,
319 1583 453 1642 accessit
475 1585 514 1641 ad
540 1593 708 1657 argentum,
735 1576 929 1657 contemplari
953 1598 1043 1641 unum

62 1665 166 1739 uidque
181 1658 286 1723 oci'ose
302 1672 332 1723 et
350 1665 542 1724 considerare
563 1665 671 1738 coepit.
703 1664 804 1723 Mirari
819 1664 970 1723 stultitiam
985 1661 1043 1734 alii,

62 1746 114 1805 uod
127 1745 158 1805 in
173 1746 243 1820 ipso
258 1745 369 1804 iudicio
385 1746 449 1804 cius
464 1745 561 1819 ipsius
577 1746 762 1818 cupiditatis,
786 1746 872 1804 cuius
894 1745 1044 1802 insimula-

62 1835 125 1899 etur,
138 1827 344 1901 suspicionem
362 1835 499 1901 augeret,
516 1828 566 1886 alii
582 1827 754 1898 amentiam,
776 1826 824 1884 cui
839 1823 1043 1898 comperendi-

62 1918 115 1984 ato,
141 1927 234 1984 quum
256 1918 314 1968 tam
336 1910 420 1968 multi
440 1917 533 1968 testes
555 1908 717 1979 dixissent,
744 1907 908 1987 quidquam
929 1907 1046 1965 illorum

62 1991 165 2052 enisset
179 1992 210 2053 in
228 2001 366 2051 mentem.
398 1991 485 2050 Pueri
506 1998 604 2049 autem
621 1990 783 2061 Sisennae,
808 1991 899 2048 credo
921 1988 971 2063 qui
994 2004 1046 2047 au·

62 2075 146 2133 issent
161 2073 283 2148 quaein
299 2073 388 2133 istum
403 2072 572 2132 testimonia
586 2072 664 2131 diota
679 2077 797 2146 essent,
814 2072 920 2132 oculos
938 2072 976 2130 de
987 2070 1045 2129 isto

62 2170 179 2230 nsquam
196 2155 326 2214 deiicere
344 2171 443 2230 neque
460 2156 497 2214 ab
512 2163 636 2228 argento
653 2156 775 2229 digitum
797 2154 965 2213 discedere.
996 2149 1046 2210 34.

62 2246 87 2297 st
106 2239 177 2298 boni
199 2236 312 2296 iudicis
323 2238 423 2312 parvis
448 2254 487 2296 ex
506 2239 597 2297 rebus
612 2236 814 2297 coniecturam
836 2237 937 2294 iacere
956 2231 1046 2292 unius

62 2319 179 2394 tiusque
209 2327 239 2379 et
264 2319 435 2394 cupiditatis
458 2328 487 2378 et
513 2319 722 2379 continentiae.
754 2317 810 2390 Qut
829 2333 901 2374 reus
927 2324 956 2375 et
975 2330 1046 2373 reus

62 2416 99 2474 tge
115 2402 414 2477 comperendinatus,
437 2419 470 2460 re
494 2409 523 2460 et
546 2401 687 2476 opinione
711 2399 863 2459 hominum
884 2414 981 2471 paene
995 2397 1047 2454 da-

62 2492 165 2558 tnatuS,
180 2492 349 2558 temperare
370 2501 430 2543 non
454 2483 583 2558 potuerit
603 2483 731 2542 maximo
753 2488 904 2539 conventu
926 2479 997 2555 quin
1013 2477 1046 2537 L.

62 2563 180 2626 isennae
197 2574 352 2640 argentum
373 2574 513 2626 tractaret
534 2575 563 2625 et
584 2565 804 2635 consideraret,
829 2563 908 2622 bunc
930 2569 1047 2637 praeto·

62 2662 97 2708 em
111 2649 140 2709 in
161 2648 318 2722 provincia
336 2647 497 2722 quisquam
514 2649 628 2722 putabit
642 2664 661 2706 a
675 2646 844 2706 Siculorum
859 2654 981 2719 argento
997 2658 1048 2702 cu-

63 2726 185 2792 iditatem
205 2726 376 2791 aut‘manus
391 2730 542 2790 abstinere
565 2730 723 2804 potuisse?

116 2855 194 2914 XVI.
227 2850 277 2914 35.
308 2854 436 2926 Verum,
463 2854 506 2914 uti
525 2853 717 2930 Lilybaeum,
741 2852 821 2912 unde
842 2849 981 2922 digressa
1002 2851 1050 2904 est

64 2935 144 3011 ratio,
168 2946 369 3009 revertamur,
393 2937 514 2997 Diocles
542 2945 602 3008 est,
623 2934 770 3009 Pamphili
789 2949 881 3007 gener
912 2927 1005 2996 illius,
1031 2941 1050 3019 a

62 3034 98 3086 ¹tto
110 3018 218 3096 hydria
233 3020 332 3079 ablata
344 3029 405 3091 est,
428 3017 574 3093 Popillius
590 3016 778 3092 cognomine.
812 3014 860 3072 Ab
881 3013 938 3068 hoo
964 3008 1051 3066 abaci

62 3114 111 3160 asa
133 3101 247 3174 omnia,
272 3112 305 3163 ut
330 3101 470 3176 exposita
486 3101 628 3172 luerunt,
654 3097 785 3158 abstulit.
823 3093 910 3165 Dicat
930 3106 964 3151 se
979 3088 1050 3149 licet

62 3179 161 3244 misses
183 3184 292 3246 etenim
307 3185 355 3244 bic
372 3192 496 3258 propter
510 3179 742 3254 magnitudinem
757 3175 827 3236 lurti
843 3182 912 3234 sunt
927 3173 1050 3243 litterae,
1129 3183 1133 3191 ’

62 3269 77 3319 tl
87 3265 203 3340 opinor,
224 3270 332 3329 tactae.
365 3266 455 3327 lussit
467 3261 684 3322 Timarchidem
704 3259 864 3319 aestimare
886 3263 1050 3331 argentum.

62 3337 104 3412 2110
117 3352 228 3412 modol
251 3367 310 3426 quo
328 3348 380 3425 qui
394 3360 537 3422 umquam
551 3340 727 3405 tenuissime
740 3339 772 3399 in
790 3338 985 3414 donationem
1006 3330 1054 3394 bl·
