2356 3854
46 263 55 271 ,
129 197 193 264 ast
358 195 477 255 naor.
493 175 767 254 anmoinnoua
784 193 964 259 canno„

129 346 210 422 giam
232 316 490 418 paeue'co'nlecit
540 343 590 406 38.
618 344 695 418 puto
716 342 815 403 simile
837 342 985 404 Milonis?
1013 345 1141 414 cuiusvis

130 429 227 490 omnis
243 427 320 487 haee
335 442 456 501 semper
470 425 534 499 luit,
551 444 590 487 ne
604 427 635 484 P.
654 427 777 487 Clodius
793 441 886 501 quum
903 427 934 485 in
949 427 1091 490 iudicium
1103 437 1140 496 de
1173 484 1177 515 r

127 510 205 572 ualli
219 526 280 569 uon
297 515 419 584 posset,
442 510 471 567 vi
489 526 670 585 oppressam
687 509 839 569 civitatem
853 517 982 571 teneret.
1028 513 1141 587 poena
1172 546 1175 589 1

127 593 299 654 interlicere
326 592 495 663 voluisset,
522 600 653 667 quantae
678 591 820 666 quotiens
843 593 1050 676 occasioneS,
1073 617 1142 677 quan
1176 601 1178 615 “

128 678 305 752 praeclarae
319 675 452 733 luerunt!
473 673 625 748 Potuitne,
640 691 731 748 quum
747 675 869 733 domum
884 690 923 733 ac
941 676 1022 737 deos
1039 691 1143 754 penales
1173 732 1177 757 ἱ

129 775 204 819 suos
225 758 276 818 illo
298 763 495 836 oppugnante
515 758 707 830 detenderet,
728 757 793 817 iure
815 772 849 816 se
869 756 1006 818 ulcisci?
1032 767 1144 837 patmon

131 841 191 901 civi
207 840 330 916 egregio
347 848 377 899 et
391 839 456 898 viro
474 839 650 913 fortissimo,
664 840 696 898 P.
713 839 822 912 Sestio,
839 839 961 914 collega
977 859 1046 915 suo,
1062 850 1143 908 vulne

27 924 29 928 '
131 931 220 984 ratot
236 922 373 998 potuitne
388 921 421 995 Q.
433 921 582 994 Fabricio,
598 924 663 982 viro
682 918 804 996 optimo,
821 937 914 995 quum
931 924 973 982 de
986 927 1083 989 reditu
1094 946 1143 990 met
1171 914 1175 935 “

88 1008 92 1015 “
127 1009 226 1081 legem
249 1008 348 1078 ferret,
370 1005 476 1078 pulso,
499 1005 708 1065 crudelissima
728 1004 758 1063 in
779 1005 846 1063 loro
864 1006 968 1066 caede
989 1008 1087 1070 laetat
1104 1029 1143 1087 po
1172 1000 1176 1025 i

127 1086 222 1150 tuitne
232 1089 266 1148 L.
275 1086 404 1159 Caecilii,
416 1086 799 1160 iustissimilortissimique
808 1086 974 1161 praetoris,
989 1102 1142 1169 oppugnata
1176 1088 1178 1097 ⁴

129 1173 241 1231 domot
259 1170 394 1245 potuitne
411 1168 463 1229 illo
479 1169 543 1244 die,
563 1187 654 1244 quum
670 1167 717 1230 est
731 1171 790 1229 leta
805 1171 854 1227 lex
870 1170 911 1229 de
926 1180 1004 1231 met
1016 1192 1101 1250 quun
1112 1184 1142 1237 tn

129 1253 188 1313 tius
199 1252 303 1313 ltaliae
319 1267 498 1325 concursus,
524 1248 615 1327 duem
629 1269 696 1313 mea
708 1253 792 1313 salus
804 1251 984 1327 concitarat,
1003 1257 1141 1320 lactiillius
1165 1312 1174 1337 ,

129 1335 253 1408 gloriam
265 1334 363 1394 libens
375 1334 561 1409 agnovisset,
573 1343 615 1409 ut,
630 1335 718 1396 etiam
735 1334 761 1395 si
774 1334 807 1394 id
820 1334 892 1394 Milo
905 1336 1045 1413 lecisset,
1058 1350 1141 1402 cuncta
1166 1340 1178 1419 .'‘

130 1417 235 1476 civitas
248 1433 314 1476 eam
325 1417 445 1476 laudem
461 1433 515 1492 pro
533 1434 590 1479 sua
600 1418 788 1478 vindicarett
800 1418 866 1476 XV.
882 1415 934 1477 39.
949 1423 993 1482 At
1008 1425 1140 1498 quoderat
1163 1428 1171 1499 J,

129 1506 271 1574 tempust
289 1497 480 1559 clarissimus
497 1508 526 1559 et
542 1500 725 1561 fortissimus
741 1501 863 1570 consul,
886 1499 1034 1566 inimicus
1051 1505 1139 1577 Clodio,
1173 1566 1174 1584 ,

129 1582 159 1640 P.
170 1583 324 1656 Lentulus,
341 1583 422 1641 ultor
438 1582 563 1643 sceleris
574 1583 664 1655 illius,
681 1590 892 1659 propugnator
903 1595 1045 1662 senatus
1059 1590 1137 1651 delen
1173 1585 1174 1590 ’

129 1682 181 1724 sor
192 1675 311 1726 vestrae
322 1665 495 1737 voluntatis,
511 1674 659 1740 patronus
677 1665 792 1741 publici
807 1681 996 1742 consensus,
1010 1672 1136 1733 restitutor
1174 1673 1176 1701 ¹

129 1747 234 1809 salutis
251 1748 351 1808 mea'er
367 1757 484 1824 septem
498 1756 664 1823 praetores,
678 1757 747 1809 octo
765 1747 876 1808 tribuni
891 1751 1007 1823 plebei,
1021 1752 1135 1821 illiusad

132 1831 270 1905 versarii,
296 1833 476 1911 defensores
490 1831 564 1891 mei:
587 1831 638 1890 Cn.
653 1830 833 1905 Pompeius,
855 1838 966 1892 auctor
983 1843 1013 1894 et
1028 1831 1135 1898 duxnei
1160 1897 1162 1914 Ι

129 1915 262 1986 reditus,
280 1914 361 1974 illius
376 1914 489 1987 hostis,
508 1913 594 1974 cuius
613 1913 790 1975 sententiam
805 1923 932 1974 senatus
949 1917 1052 1978 omnis
1063 1920 1096 1979 de
1107 1932 1134 1977 ae
1171 1978 1172 1981 ,

127 1996 189 2054 late
210 2012 276 2055 mea
297 1997 508 2070 gravissimam
529 2005 559 2056 et
576 1999 798 2057 ornatissimam
813 2006 939 2058 secutus
957 2009 1021 2072 est,
1044 2001 1134 2078 quipe

127 2078 231 2151 pulum
245 2080 412 2139 Romanum
428 2087 476 2139 est
490 2079 679 2140 cohortatus:
701 2080 753 2155 qui
774 2097 866 2154 quum
889 2081 1049 2144 decretum
1065 2085 1134 2144 deu
1176 2093 1178 2102 ·

129 2159 249 2235 Capuae
266 2161 350 2233 lecit,
372 2161 439 2235 ipse
455 2170 583 2221 cunctae
596 2162 699 2222 ltaliae
717 2162 851 2236 cupienti
873 2163 989 2226 eteius
1005 2166 1134 2228 fidente

127 2245 257 2318 ploranti
270 2244 388 2318 signum
401 2244 492 2318 dedit,
506 2252 539 2303 ut
550 2246 588 2303 ad
600 2261 648 2305 me
660 2246 878 2306 restituendum
892 2246 1027 2309 Romam
1038 2260 1134 2310 coactu

97 2393 99 2397 ⁸
127 2324 247 2386 renent:
270 2327 371 2387 omnia
392 2336 454 2387 tum
475 2327 607 2402 denique
626 2327 658 2386 in
681 2327 764 2388 illum
785 2327 857 2388 odia
877 2327 995 2393 civium
1020 2333 1135 2393 ardebatl
1168 2326 1178 2403 *ff

69 2434 72 2443 ·
128 2407 282 2470 desiderio
298 2410 366 2483 mei,
384 2427 472 2483 quem
487 2410 538 2485 qui
555 2419 614 2470 tum
626 2411 838 2481 interemisset,
854 2427 917 2471 non
932 2414 973 2474 de
988 2414 1136 2490 impunitate

128 2489 212 2561 eius,
237 2493 293 2551 sed
308 2494 346 2552 de
362 2492 504 2566 praemiis
526 2493 716 2568 cogitaretur.
758 2492 809 2554 40.
824 2493 939 2554 Tamen
955 2513 992 2558 se
1007 2498 1076 2559 Milo
1089 2510 1136 2558 eon·
1173 2573 1177 2583 ¹

127 2570 214 2631 tinuit
229 2574 298 2633 etP.
315 2574 450 2634 Clodium
465 2575 496 2635 in
511 2576 653 2637 iudicium
668 2576 731 2650 bis,
751 2578 790 2636 ad
805 2578 867 2635 vim
884 2593 1059 2654 numquam
1073 2592 1136 2641 toll·
1172 2592 1178 2666 ξ

127 2654 178 2733 vit.
222 2656 329 2728 Quidt'
342 2657 458 2730 privato
475 2657 586 2718 llllilone
610 2669 639 2720 et
659 2674 711 2719 reo
729 2662 768 2719 ad
783 2661 935 2734 populum
951 2672 1107 2726 accusante
1115 2658 1136 2719 ll
1173 2667 1174 2670 ’

129 2737 243 2810 Clodio,
259 2756 351 2814 quum
367 2739 398 2798 in
413 2740 465 2799 Cn.
481 2740 657 2817 Pompeium
671 2759 727 2816 pro
738 2741 852 2802 Milone
863 2741 1024 2807 dicentem
1037 2747 1138 2824 inpetu

127 2823 226 2882 lactus
238 2830 300 2893 est,
323 2839 401 2897 quae
416 2832 477 2884 tum
495 2841 556 2885 non
572 2825 662 2885 modo
679 2823 818 2899 occasio,
833 2826 890 2885 sed
906 2827 1006 2890 etiam
1023 2825 1138 2892 causali
1175 2843 1178 2869 ¹

127 2904 186 2963 lius
210 2905 399 2979 opprimendi
422 2906 500 2966 luitt
518 2908 621 2981 Nuper
641 2924 714 2968 vero
740 2924 832 2983 quum
846 2909 887 2969 Μ.
904 2911 1066 2975 Antonius
1084 2924 1137 2974 stt·

127 3001 205 3055 mam
224 3006 310 3062 spem
326 2989 432 3049 salutis
453 2989 543 3049 bonis
566 2989 707 3052 omnibus
720 2992 870 3052 attulisset
884 2995 1139 3068 gravissimamque

127 3071 308 3132 adolescens
326 3071 533 3132 nobilissimus
553 3074 597 3133 rei
619 3073 759 3148 publicae
777 3082 893 3150 partem
909 3077 1137 3141 fortissimam·

86 3153 275 3228 ‘cepisset
297 3164 388 3230 atque
410 3155 489 3214 illam
511 3156 647 3233 beluam,
673 3156 777 3217 iudicii
798 3157 1139 3231 laqueos-deelinantem
1167 3165 1171 3194 '⁴

127 3227 186 3291 iam
204 3235 346 3298 irretitam
357 3247 481 3309 teneret,
498 3240 550 3313 qui
562 3241 657 3312 locus,
673 3240 756 3317 quod
767 3247 887 3314 tempus
898 3241 987 3317 illud,
1005 3247 1038 3306 di
1048 3247 1138 3306 intuli

126 3315 219 3388 tales,
235 3319 305 3379 iuitt
330 3337 422 3392 quum
437 3337 472 3380 se
489 3321 539 3381 ille
554 3322 675 3397 lugiens
689 3322 720 3383 in
745 3324 894 3384 scalatum
919 3329 1066 3389 tenebras
1079 3317 1137 3387 cbtl't
1165 3352 1167 3361 ·

1165 3281 1178 3350 l

129 3394 240 3470 disset,
256 3405 396 3476 magnum
413 3403 518 3463 Miloni
537 3404 591 3465 luit
605 3407 756 3466 conficere
771 3406 851 3466 illam
870 3417 995 3483 pestem
1009 3412 1088 3471 nullo
1099 3415 1135 3464 ⁸¹¹
1176 3431 1178 3445 ·
