2356 3854
254 254 263 262 ,
281 202 360 266 cAP.
373 210 503 265 tta—aa.
524 209 549 269 S·
562 208 728 266 lat-lad.
955 207 1018 272 293

70 352 135 412 ibus
155 352 303 413 machinis
327 368 363 413 ac
380 351 551 426 tormentis,
569 351 617 427 vi,
637 355 787 426 exercitu,
804 353 901 430 copiis
917 372 1016 432 oppu·

70 451 117 508 er,
139 435 262 495 denno
284 434 438 510 sagittario
462 452 511 495 me
533 434 619 510 queri
641 437 812 498 convenire.
849 440 927 499 Acta
947 455 1015 499 mea

71 519 107 580 ait
120 517 292 593 displicere.
320 516 394 590 Quis
408 518 527 578 nescit?
544 519 596 593 qni
610 520 706 592 legem
722 536 818 580 meam
833 530 1013 592 contemnat,

70 616 76 659 t
97 600 228 661 dilucide
249 607 330 660 vetat
350 600 534 675 gladiatores
554 600 694 675 biennio,
720 619 781 676 quo
807 603 875 677 quis
894 604 1016 677 petierit

70 684 206 757 petiturus
223 683 277 758 sit,
299 683 394 744 daret
425 681 502 746 lat·
522 683 713 760 loquacius
730 684 926 747 temeritatem
940 685 1014 747 satis

70 768 107 842 ri,
123 765 259 842 iudices,
275 783 335 826 non
352 784 442 841 queo.
478 767 563 827 Facit
578 765 770 842 apertissime
784 777 888 828 contra
901 770 1014 844 legem:

83 850 126 922 is,
149 849 203 924 qui
222 865 323 924 neque
346 851 427 909 elabi
446 867 485 911 ex
507 849 621 911 iudicio
642 849 828 910 iucunditate
843 867 900 910 sua
915 868 1014 926 neque

70 931 84 991 i
104 931 202 1006 gratta
223 940 327 1006 potest
346 949 448 1008 neque
469 933 579 1008 opibus
597 941 627 993 et
642 932 776 1007 potentia
789 933 874 1007 leges
889 949 925 992 ac
939 933 1014 992 iudi-

70 1016 261 1088 perfringere.
298 1015 381 1088 Quae
402 1033 453 1078 res
475 1015 627 1075 hominem
642 1014 782 1089 impellit,
796 1024 829 1074 ut
843 1016 882 1075 sit
896 1023 955 1075 tam
970 1013 1013 1073 in·

70 1104 188 1158 crans?
209 1101 230 1174 †
251 1098 313 1157 lste
329 1099 422 1158 nimia
439 1100 551 1173 gloriae
567 1097 731 1173 cupiditate
745 1096 886 1157 familiam
900 1095 1012 1171 gladia·
1071 1134 1074 1139 -

70 1198 111 1256 m,
133 1180 243 1253 credo,
263 1188 371 1241 nactus
392 1189 439 1240 est
458 1180 648 1256 speciosam,
668 1181 815 1253 nobilem,
839 1181 1013 1255 gloriosam.

71 1271 83 1324 t
103 1264 205 1325 studia
220 1263 341 1339 populi,
357 1263 479 1323 videbat
500 1266 647 1324 clamores
660 1272 692 1325 et
706 1280 873 1325 concursus
888 1264 1014 1324 tuturos.

80 1347 311 1422 exspectatione
331 1348 427 1421 elatus
448 1347 539 1406 homo
561 1347 695 1422 flagrans
715 1346 878 1423 cupiditate
899 1346 1014 1422 gloriae

70 1446 93 1489 'e
105 1448 140 1491 se
151 1447 214 1490 non
230 1429 335 1505 potuit,
351 1429 424 1505 quin
438 1446 493 1491 eos
507 1431 690 1504 gladiatores
704 1430 869 1502 induceret,
886 1446 1014 1504 quorum

70 1514 158 1589 ·.ipse
173 1511 403 1589 pulcherrimus.
437 1511 471 1573 Si
484 1513 522 1573 ob
537 1529 604 1574 eam
619 1529 743 1573 causam
758 1522 900 1588 peccaret
913 1521 944 1573 et
957 1528 1013 1587 pro

70 1597 103 1658 rti
126 1597 232 1673 populi
246 1597 375 1657 Romani
395 1597 425 1656 in
446 1610 481 1656 se
502 1595 651 1656 beneficio
674 1596 814 1670 populari
838 1594 938 1655 studio
954 1597 1013 1655 ela-

75 1690 177 1741 tamen
199 1680 373 1754 ignosceret
394 1695 500 1738 nemo=
526 1694 619 1752 quum
640 1695 713 1738 vero
736 1695 776 1737 ne
794 1679 833 1737 de
856 1676 1016 1737 venalibus

70 1779 113 1823 am
124 1763 263 1823 homines
274 1763 398 1836 electos,
414 1763 469 1821 sed
483 1777 522 1820 ex
537 1760 697 1836 ergastutis
712 1767 831 1833 emptos
844 1757 1016 1818 nominibus

72 1846 180 1908 atoriis
198 1845 310 1906 ornarit
325 1853 356 1906 et
370 1845 476 1905 sortito
492 1843 570 1903 alios
585 1843 751 1913 Samnites,
773 1841 850 1901 alios
867 1856 1015 1915 provoca·

70 1948 73 1987 t
93 1929 216 2001 lecerit,
239 1937 322 1990 tanta
345 1926 480 1999 licentia,
500 1934 583 1986 tanta
597 1928 698 2000 legum
716 1923 898 1998 contemptio
913 1938 1017 1985 nonne

70 2031 80 2073 r
103 2014 244 2073 habitura
264 2011 303 2072 sit
322 2010 435 2074 exitum
456 2008 660 2084 pertimescite
683 2004 753 2068 135.
781 2006 843 2068 Sed
857 2006 950 2067 habet
963 2007 1016 2067 de-

71 2112 150 2156 ones
166 2097 258 2155 duas=
275 2093 420 2170 primum:
434 2094 496 2167 Do,
511 2088 816 2168 inquit‚bestiarios=
837 2090 888 2150 lex
902 2089 1018 2165 scripta

70 2178 273 2247 {adlatoribus
289 2211 330 2222 —-
344 2176 474 2237 Festive.
503 2173 640 2249 Accipite
652 2173 767 2250 aliquid
781 2171 871 2235 etiam
886 2173 1015 2234 acutius.
1118 2242 1121 2248 ‚

70 2270 129 2322 tse
142 2277 204 2323 non
223 2259 422 2336 gladiatores,
445 2260 500 2320 sed
518 2275 610 2318 unum
625 2257 821 2332 gladiatorem
838 2257 911 2317 dare
925 2263 955 2316 et
970 2265 1017 2316 to·

70 2343 250 2404 aedilitatem
264 2342 294 2403 in
310 2360 419 2404 munus
433 2343 492 2403 hoc
508 2339 707 2402 transtulisse.
742 2338 902 2401 Praeclara
913 2336 1019 2399 aedili-

77 2427 165 2487 Unus
180 2429 245 2498 leo,
267 2427 390 2487 ducenti
409 2425 553 2486 bestiarii.
581 2425 695 2483 Verum
715 2430 816 2483 utatur
832 2408 1016 2483 hac'dolen-

70 2524 93 2568 ιε
115 2511 208 2584 cupio
230 2524 299 2568 eum
313 2526 389 2570 suae
403 2524 514 2569 causae
529 2508 694 2569 confidere.
730 2505 814 2567 Solet
831 2504 911 2567 enim
926 2505 1020 2566 tribu-

77 2592 176 2667 plebis
198 2593 354 2667 appellare
368 2601 398 2652 et
410 2592 443 2650 vi
457 2590 600 2651 iudicium
615 2589 801 2663 disturbare,
824 2605 917 2664 quum
938 2587 1018 2649 ditt-

77 2674 171 2748 Quem
189 2690 251 2734 non
266 2682 325 2735 tam
341 2674 488 2747 admiror,
509 2676 594 2748 quod
608 2690 706 2734 meam
723 2675 821 2747 legem
843 2672 1018 2745 contemnit,

70 2757 125 2817 inis
140 2757 267 2830 inimici,
290 2774 379 2832 quam
394 2757 478 2829 quod
492 2756 537 2833 sie
555 2757 669 2829 statuit,
688 2755 809 2818 omnino
826 2757 1019 2818 consularem

70 2858 93 2900 n
114 2842 227 2901 nullam
251 2850 367 2916 putare.
399 2838 558 2898 Caeciliam
581 2837 714 2909 Didiam,
737 2837 883 2899 Liciniam
902 2835 1019 2907 Iuniam

70 2925 188 3000 enrpsit.
218 2923 354 2995 Etiamne
376 2921 458 2994 eius,
480 2937 570 2996 quem
592 2937 648 2981 sua
664 2921 732 2994 lege
748 2927 778 2980 et
795 2937 851 2980 suo
868 2915 1019 2979 beneficio

72 3015 141 3078 tum,
158 3007 312 3077 munitum,
328 3012 474 3065 armatum
489 3006 566 3064 solet
579 3001 710 3078 gloriari,
725 3000 1021 3073 c.caesa1tslegem

72 3090 190 3150 ecuniis
204 3087 381 3165 repetundis
398 3103 459 3149 non
475 3093 560 3160 putat
574 3102 646 3145 esse
660 3084 780 3158 legemr
792 3083 830 3143 ltt
846 3082 929 3142 aiunt
941 3080 1019 3143 alios

76 3219 83 3245 ,
104 3174 157 3248 qui
178 3181 246 3233 acto
261 3170 400 3232 Caesaris
420 3168 611 3238 rescindant,
632 3182 724 3241 quum
747 3166 824 3251 baec
839 3164 953 3239 optima
968 3165 1021 3225 lex

70 3255 84 3314 b
107 3256 159 3317 illo
183 3271 292 3317 socero
313 3252 379 3314 eius
397 3261 427 3313 et
441 3253 479 3312 ab
493 3251 553 3311 hoc
567 3249 712 3309 adsecula
727 3248 917 3322 negligaturr
931 3247 1020 3308 LXV.

70 3339 198 3399 obortari
213 3354 307 3398 ausus
322 3346 370 3397 est
386 3343 546 3396 accusator
562 3332 593 3392 in
609 3331 781 3391 hac'causa
804 3347 876 3405 vos,
894 3330 1021 3403 iudices,
1075 3398 1078 3403 ,

70 3420 207 3498 liquando
223 3418 335 3481 essetis
349 3418 458 3491 severi,
471 3415 635 3492 aliquando
649 3413 829 3475 medicinam
840 3413 1023 3475 adhiberetis
