2356 3854
95 187 138 252 00
206 252 208 258 ,
244 186 431 281 0000010.
451 138 589 246 aoscru
611 182 785 265 Annamo
806 185 957 244 001010.
1051 202 1074 239 ⁴.

96 339 152 401 tias
167 337 237 416 agit
260 336 391 410 denique
414 344 447 396 ut
462 335 677 410 perliberaliter
702 344 841 411 ageretur
856 335 986 395 honoris
999 335 1081 410 aliqui

94 421 218 481 haberi?
234 419 293 479 Gur
304 420 359 479 tria
371 418 495 493 praedia
507 427 605 478 bintae
620 419 767 493 pecuniae
782 419 880 478 statim
893 419 1031 492 Capitoni
1041 422 1081 479 dar

93 511 162 565 tunt
184 504 242 562 Cur
265 518 344 576 quae
364 501 480 576 reliqua
503 510 573 562 sunt
600 501 658 561 iste
675 502 806 562 Roscius
821 501 920 560 omnia
937 517 1006 560 cum
1021 502 1081 580 Cim

95 603 212 660 soguno
224 585 420 645 communiter
430 584 588 658 possidet?
597 585 703 644 Nonne
714 584 909 659 perspicuum
918 593 974 656 est,
986 584 1080 645 iudice

89 669 151 728 *h'as
168 669 324 728 manubias
336 667 457 735 Rosciis
471 668 701 744 Chrysogonum
716 667 882 740 recognita
897 668 1081 728 concessisse

92 751 251 811 XXXVltl.
270 750 339 811 109.
359 750 449 811 Venit
464 750 494 810 in
512 752 617 808 decem
634 750 738 824 primis
754 752 872 823 legatus
892 748 921 808 in
944 759 1044 809 castra
1057 751 1081 810 Cr

95 835 169 909 pito.
202 835 304 894 Totam
325 834 427 907 vitam,
448 841 584 893 naturam
604 849 765 907 inanesque
783 832 913 892 hominis
930 848 970 891 ex
985 834 1054 907 ipsa
1067 835 1081 892 lt

93 918 213 992 gaticne
230 917 414 992 cognoscite.
449 916 512 974 Nisi
529 915 750 984 intellexeritis,
766 914 892 984 iudices,
909 916 1024 975 nullum
1042 932 1081 975 ess

35 993 42 1017 ⁸
92 1000 234 1072 osticium,
253 1002 366 1059 nullum
384 999 431 1058 ius
447 1005 504 1057 tam
520 1007 655 1058 sanctum
667 1006 759 1072 atque
776 997 932 1071 integrum,
949 999 1035 1072 quod
1049 1015 1081 1058 no

92 1083 159 1143 eius
171 1085 271 1143 scelus
289 1091 380 1155 atque
392 1081 520 1155 perfidia
536 1081 655 1140 violarit
670 1080 901 1153 etimminuerit,
919 1080 1016 1140 virum
1034 1090 1081 1156 opt

4 1195 6 1199 ·
91 1183 173 1226 mum
189 1182 260 1239 esse
276 1182 345 1224 eum
360 1163 532 1240 iudicatote.
554 1161 624 1224 110.
640 1163 857 1236 Impedimentc
873 1172 920 1223 est
931 1181 993 1237 quo
1011 1164 1081 1223 minu

92 1250 132 1307 de
153 1246 201 1306 his
219 1249 310 1307 rebus
325 1247 409 1306 Sulla
424 1248 584 1306 doceatur=
600 1255 787 1305 caeterorum
798 1248 964 1319 legatorum
983 1247 1081 1306 consili

91 1338 122 1390 et
137 1332 321 1390 voluntatem
339 1330 538 1406 Chrysogono
554 1329 708 1388 enunciat:
731 1337 832 1388 monet
845 1337 878 1387 ut
894 1329 1081 1402 provideatn

90 1414 191 1486 palam
208 1429 258 1472 res
276 1421 395 1486 agatur:
418 1411 558 1483 ostendit,
575 1412 601 1470 si
617 1412 734 1471 sublata
751 1412 790 1471 sit
803 1411 937 1471 venditio
949 1411 1081 1472 bonorun

90 1495 173 1554 illum
190 1495 349 1569 pecuniam
365 1495 510 1569 grandem
525 1494 716 1565 amissurum,
733 1511 804 1553 sese
822 1493 929 1568 capitis
942 1495 1081 1568 periculut

90 1580 254 1638 aditurum:
272 1578 355 1637 illum
369 1593 488 1648 acuere,
504 1577 576 1650 hus,
595 1576 647 1650 qui
662 1576 750 1636 simul
768 1586 853 1636 erant
868 1577 970 1648 missi,
989 1579 1081 1636 saliere

62 1660 63 1667 ’
89 1659 171 1720 illum
191 1661 364 1720 idemtidem
381 1675 504 1719 monere
530 1667 564 1719 ut
586 1668 721 1732 caveret,
751 1660 836 1718 bisce
858 1659 1007 1719 insidiose
1023 1677 1081 1734 sper

89 1745 195 1804 falsam
213 1745 387 1804 ostendere:
405 1759 472 1802 cum
488 1743 540 1802 illu
556 1749 659 1802 contra
679 1743 737 1801 hos
750 1741 826 1800 inire
841 1741 981 1812 consilia,
1001 1744 1081 1804 bonu

89 1828 216 1887 consilia
226 1828 267 1887 itti
279 1828 455 1888 enunciare:
475 1843 542 1885 cum
553 1825 604 1885 illo
618 1832 731 1900 paroem
744 1840 827 1884 suam
840 1825 1005 1898 depacisci,
1023 1824 1081 1884 hisc

88 1909 190 1983 aliqua
211 1912 388 1970 iactamora
405 1925 646 1984 semperxomnes
661 1908 761 1967 aditus
778 1909 816 1966 ad
833 1906 947 1966 Sullam
967 1908 1081 1969 interclr

87 1992 177 2050 dere:
192 2000 347 2066 postremo
363 1992 422 2050 isto
438 1992 600 2062 hortatore,
615 1999 746 2061 auctore,
768 1989 1026 2050 intercessoread
1039 1990 1081 2050 Su'

87 2075 144 2130 lam
157 2073 246 2146 legati
258 2090 318 2131 non
331 2074 482 2132 adierunt:
500 2073 587 2132 istius
599 2074 659 2132 fide
674 2089 710 2131 ac
721 2072 823 2147 potius
835 2072 964 2147 pertidia
976 2075 1081 2147 decept

87 2155 117 2213 id
133 2157 216 2229 quod
235 2172 274 2215 ex
288 2156 366 2230 ipsis
382 2171 570 2233 cognoscere
587 2155 738 2229 poteritis,
761 2155 787 2215 si
802 2164 963 2216 accusator
976 2157 1081 2216 voluer

85 2238 287 2298 testimonium
301 2237 347 2297 eis
362 2237 561 2316 denunciare,
591 2255 645 2312 pro
665 2255 698 2298 re
720 2246 800 2297 certa
823 2255 910 2312 spem
928 2240 1036 2299 salsam
1051 2239 1081 2297 de

65 2344 67 2349 ·
84 2337 166 2379 mum
182 2324 367 2381 rettulerunt.
410 2319 479 2381 111.
497 2323 529 2379 10
548 2320 672 2394 privatis
686 2321 778 2381 rebus
794 2320 886 2395 siqui
907 2338 970 2380 rem
982 2321 1081 2380 manda

85 2409 146 2462 tam
163 2421 222 2462 nun
238 2405 330 2463 modo
351 2403 529 2464 malitiosius
553 2403 702 2477 gessisset
723 2405 770 2463 sui
793 2413 937 2477 quaestus
953 2413 1006 2464 aut
1023 2421 1081 2464 com

85 2485 167 2544 modi
178 2501 280 2559 causa,
295 2502 401 2545 verum
413 2487 501 2546 etiam
512 2487 721 2561 negligentius,
734 2503 801 2545 eum
812 2487 942 2547 maiores
954 2502 1081 2549 summur

85 2568 247 2629 admisisse
261 2570 396 2629 dedecus
414 2569 632 2629 existimabant.
675 2570 780 2642 Itaque
802 2570 946 2648 mandati
959 2571 1081 2631 constitu

84 2660 147 2712 tum
157 2658 204 2710 cst
217 2651 360 2711 indicium
372 2669 431 2712 non
443 2653 542 2713 minus
558 2661 646 2727 turpe
658 2669 748 2726 quam
760 2652 838 2725 furti,
851 2654 953 2725 credo,
965 2663 1081 2728 propter

84 2750 121 2793 ea
142 2735 224 2807 quod
252 2734 361 2812 quibus
384 2736 414 2793 in
433 2737 525 2796 rebus
546 2735 606 2809 ipsi
626 2734 774 2794 interesse
790 2752 850 2794 non
874 2751 1054 2809 possumus,
1071 2735 1080 2793 i

83 2817 131 2876 his
147 2834 259 2893 operae
274 2826 397 2878 nostrae
413 2817 527 2878 vicaria
541 2818 619 2876 tides
633 2816 796 2876 amicorum
809 2818 1000 2891 supponitur,
1013 2835 1081 2893 quar

84 2901 135 2975 qui
151 2902 250 2973 laedit,
271 2909 426 2976 oppugnat
438 2900 569 2961 omnium
586 2915 744 2959 commune
761 2900 945 2975 praesidlum
963 2914 992 2962 et
1008 2918 1081 2977 quan

82 2992 145 3042 tum
159 2984 189 3043 in
204 2984 273 3060 ipso
289 2993 336 3044 est
350 2984 498 3043 disturbat
512 2983 591 3041 vitae
606 2982 790 3044 societatem.
812 2983 878 3042 Non
894 2983 974 3043 enim
989 3000 1081 3059 possu

83 3081 150 3131 mus
165 3069 264 3147 omnia
280 3084 334 3141 per
355 3083 412 3126 nos
427 3082 532 3140 agere:
561 3064 639 3124 alius
660 3064 690 3124 in
706 3065 827 3137 aliaest
842 3082 875 3125 re
891 3066 990 3140 magis
1004 3067 1081 3128 utilis

82 3145 195 3207 idcirco
213 3148 361 3210 amicitiae
376 3155 595 3222 comparantur,
611 3156 643 3207 ut
659 3162 816 3208 commuue
831 3150 1081 3213 commodummu

82 3229 142 3288 tuis
161 3231 270 3290 officiis
287 3234 479 3306 gubernetur.
513 3227 581 3290 112.
594 3231 670 3303 Quid
685 3231 796 3306 recipis
811 3233 993 3305 mandatum,
1011 3232 1037 3292 si
1052 3249 1081 3290 ar

82 3313 274 3385 neglecturus
297 3323 348 3375 aut
370 3315 410 3374 ad
429 3322 512 3374 tunm
537 3315 726 3374 commodum
743 3330 948 3390 cerrversurus
964 3322 1021 3374 est
1049 3331 1081 3375 cu

82 3393 154 3454 mibi
168 3403 198 3454 te
215 3395 309 3457 offers
324 3413 361 3457 ac
376 3396 451 3459 meis
473 3396 641 3457 commodis
664 3396 765 3459 0111010
790 3396 928 3458 simulato
951 3396 1053 3457 cilicis
1071 3411 1081 3456 ε
