2356 3854
8 257 11 263 ,
96 187 159 253 144
187 189 225 248 nt
238 187 493 249 ncnnnrnan
508 184 619 245 onir.
632 184 667 243 n.
689 184 771 245 cna.
789 192 831 244 ιι
844 189 1060 250 ream-29.

95 347 192 416 peret
229 337 315 412 Quod
332 337 480 411 reliquum
493 343 554 406 est,
577 334 636 394 iam
651 351 711 394 non
730 349 857 409 possum
873 332 1015 403 oblivisci
1029 349 1105 395 mean

94 423 175 482 hane
192 437 263 481 esse
279 421 420 496 patriam,
437 434 485 478 me
499 419 607 478 horum
623 433 694 478 esse
709 418 881 490 eonsutem,
904 416 979 477 mihi
993 425 1043 478 ant
1056 434 1105 478 eun

93 505 144 566 tris
156 504 323 564 vivendum
337 511 389 562 aut
402 518 457 577 pro
472 501 520 561 his
535 516 606 562 esse
620 500 822 561 moriendum·
847 498 955 560 Nutius
970 509 1018 562 est
1032 501 1105 576 portis

92 596 211 658 eustos,
228 588 329 647 nuilus
344 585 505 645 insidiator
521 583 604 644 viae:
621 584 648 644 si
666 582 717 657 qui
732 583 816 643 exire
830 582 946 655 vo'tunt,
961 584 1105 645 ¹connivere

94 686 241 746 possum:
259 669 312 745 qui
325 685 400 730 vero
412 685 447 729 se
459 667 489 728 in
500 668 576 728 urbe
593 667 798 740 commoverit,
815 666 976 742 auiu'sego
991 684 1049 727 non
1059 683 1105 726 mo·

92 755 137 813 do
149 755 269 826 tactum,
284 753 341 813 sed
352 753 507 827 inceptum
523 753 616 811 uttam
628 752 810 810 conatumve¹
820 752 927 810 eontra
935 750 1058 827 patriam
1068 749 1104 808 dt-

15 907 28 920 !
93 836 297 910 prehendero,
315 835 424 896 sentiet
437 835 467 894 in
483 835 540 894 hae
547 830 620 894 urbe
628 848 699 896 esse
711 833 855 894 eonsules
867 832 1037 909 vigilantes,
1053 847 1104 892 esst

95 921 238 995 'egregios
255 917 461 993 magistratus,
477 933 547 978 esse
563 918 670 977 iortem
686 925 839 990 senatum,
856 932 929 976 esse
945 933 1037 991 arma,
1052 930 1103 975 esse

92 1019 267 1075 carcerem,
295 1014 384 1076 quem
401 1000 550 1060 vindicem
566 997 748 1073 nefariorum
763 1017 799 1058 ae
815 1001 1043 1061 manifestorum
1055 1014 1101 1059 soe

32 1117 42 1127 -
94 1086 191 1145 terum
206 1084 337 1145 maiores
355 1083 452 1144 nostri
468 1099 539 1144 esse
553 1085 722 1144 voluerunt.
777 1144 780 1149 ,

1 1205 3 1213 ·
179 1168 256 1226 Xlll.
279 1165 329 1227 ts.
357 1171 460 1242 Atque
479 1167 556 1226 haee
577 1166 678 1226 omnia
695 1165 739 1226 sio
754 1172 896 1241 agentur,
923 1164 1064 1239 Quirites,
1082 1170 1103 1223 nt

1 1262 3 1266 ’
92 1251 245 1310 maximae
259 1265 309 1308 res
324 1249 446 1309 minimo
463 1257 563 1322 motu,
590 1249 725 1325 pericula
745 1265 862 1311 summa
875 1248 961 1320 nullo
978 1248 1101 1327 tumultu,

95 1333 209 1394 betium
227 1332 401 1392 intestinum
417 1349 454 1392 ac
470 1332 668 1392 domesticum
689 1341 759 1407 post
773 1331 929 1392 hominum
950 1330 1102 1393 memoriam

92 1415 339 1493 crudelissimum
360 1423 390 1475 et
406 1414 570 1475 martimum
589 1431 637 1474 me
652 1433 712 1475 uno
730 1423 833 1490 togato
855 1416 933 1475 duee
950 1420 981 1476 et
996 1414 1102 1489 impert·

92 1506 162 1559 tore
177 1499 309 1558 sedetur.
333 1499 421 1572 Quod
435 1512 493 1572 ego
510 1497 554 1558 sie
566 1497 793 1572 administrabo,
810 1495 950 1571 Quirites,
969 1505 1010 1572 ut,
1026 1496 1102 1558 sitit

96 1583 188 1642 modo
204 1580 273 1640 fieri·
293 1581 419 1656 poterit,
447 1597 486 1640 ne
505 1576 809 1656 improbus‘quidetn
829 1581 994 1656 quisquam
1016 1580 1049 1640 in·
1063 1581 1103 1639 hit

93 1665 171 1725 urbe
188 1680 320 1740 poenam
337 1663 384 1725 sui
402 1665 527 1724 sceleris
545 1664 685 1726 sufferat:
703 1665 759 1725 sed
775 1664 801 1724 si
816 1663 864 1723 vis
881 1663 1103 1730 moisestaeau

93 1748 220 1820 daciae,
241 1747 268 1808 si
284 1747 467 1823 impendens
490 1746 605 1822 patriae
627 1748 793 1823 perieulum
816 1764 864 1808 me
885 1740 1105 1808 neeessariodi

85 1831 153 1891 -hao
167 1830 260 1892 animi
273 1832 394 1891 ienitate
411 1829 584 1901 deduxerit,
606 1831 680 1891 iliud
694 1831 831 1906 proiecto
849 1828 1026 1905 perficiam,
1041 1810 1105 1904 quod

95 1914 125 1974 in
140 1922 222 1975 tanto
238 1922 344 1975 ettam
362 1913 511 1974 insidioso
529 1915 609 1974 bello
625 1914 676 1974 vix
691 1913 855 1989 optandum
870 1914 1006 1988 videtur,
1023 1921 1054 1974 ut
1067 1925 1103 1971 ne

97 2013 157 2071 que
173 1998 271 2056 bonus
283 1994 446 2072 quisquam
457 1995 584 2057 intereat
599 2011 827 2073 paucorumque
840 2012 1007 2072 poenavos
1019 2008 1103 2058 omnes

44 2137 57 2147 ,,
97 2079 174 2138 salvi
191 2094 261 2139 esse
276 2078 414 2153 possitis.
448 2079 498 2140 29.
525 2079 607 2152 Quae
630 2079 752 2155 quidem
769 2092 827 2155 ego
843 2097 945 2155 neque
966 2097 1034 2142 mea
1051 2074 1102 2154 pru·

96 2161 197 2222 dentia
209 2177 311 2235 neque
321 2159 606 2223 humauisoonsitiis
615 2165 709 2223 fretus
718 2163 866 2237 polticeor
876 2163 975 2235 vobis,
984 2162 1103 2238 Quirites

97 2246 153 2305 sed
167 2243 269 2305 munis
284 2252 315 2304 et
328 2260 390 2304 non
407 2244 507 2304 dubiis
522 2246 649 2306 deorum
669 2246 878 2307 immortalium
896 2240 1102 2323 signiii'o'aiioni·

95 2327 163 2401 bus,
179 2328 289 2403 quibus
300 2344 359 2403 ego
375 2328 502 2388 ducibus
514 2329 544 2387 in
558 2329 637 2390 hane
649 2347 734 2404 spem
748 2329 989 2406 sententiamque
1000 2329 1101 2396 sumit

95 2426 238 2484 gressusz
257 2411 309 2486 qui
326 2410 386 2470 iam
401 2428 461 2472 non
478 2413 601 2488 procui,
624 2422 658 2473 ut
674 2415 828 2488 quondam
844 2415 1000 2490 sotebant,
1018 2415 1053 2476 ab
1065 2424 1102 2472 ex·

95 2501 181 2554 terno
200 2494 288 2553 hoste
306 2501 397 2568 atque
411 2494 588 2570 longinquo,
607 2496 723 2556 sedhic
740 2505 917 2572 praesentes
931 2508 989 2559 suo
1002 2494 1102 2559 numine

95 2583 188 2651 atque
204 2575 318 2636 auxilio
335 2595 391 2639 sua
407 2579 519 2653 templa
534 2585 626 2653 atque
640 2580 725 2640 urbis
741 2588 819 2641 tecta
833 2581 1010 2643 detendunt.
1038 2580 1102 2654 Quot

96 2674 167 2732 vos,
183 2658 328 2732 Quirites,
341 2662 475 2734 precari,
489 2658 638 2722 'venerari
652 2672 742 2738 atque
756 2663 918 2738 implorare
933 2664 1102 2735 denotant

96 2757 186 2816 quam
197 2743 302 2808 urbem
313 2743 543 2817 pulcherrimam
550 2744 857 2822 florentissimamque
869 2763 941 2808 esse
955 2749 1101 2810 voluerunt

95 2825 189 2898 bano,
219 2824 360 2885 omnibus
374 2827 507 2888 hostium
529 2829 626 2903 copiis
649 2838 728 2890 terra
748 2832 884 2906 marique
909 2828 1068 2906 superatis,
1088 2839 1101 2882 t

91 2908 367 2982 perditissimorum
385 2910 494 2971 civium
510 2912 624 2974 nefario
644 2915 760 2974 scetere
775 2915 948 2975 detondant.

503 3200 692 3214 b—
