2356 3854
301 152 306 167 ἱ
359 182 747 260 8188-1111-18
1003 190 1067 263 105
1087 215 1094 277 ’.

60 342 179 404 uicscit.
207 343 251 403 lta
271 359 372 417 neque
394 360 433 404 cx
454 353 542 418 portu
563 360 663 420 neque
683 360 724 404 ex
743 343 879 407 decumis
901 361 1003 420 neque
1025 362 1065 405 ex

60 427 193 502 criptura
207 427 336 500 vectigal
348 429 524 487 conservari
537 436 650 502 potest:
667 445 728 501 qua
738 444 771 488 re
783 443 877 503 saepe
887 428 980 489 totius
992 429 1064 493 anni

60 520 155 571 uetus
177 524 240 569 uno
260 526 382 575 rumore
403 511 530 584 periculi
552 520 644 585 atque
663 528 724 571 nno
742 511 812 570 belli
828 520 942 572 terrore
957 512 1064 575 amitti·

60 611 92 653 rr.
125 592 177 655 16.
204 592 270 664 Quo
292 594 413 653 tandem
428 593 517 667 igitur
534 594 633 653 animo
650 611 720 653 esse
735 592 912 655 existimatis
929 604 1063 666 antece,

62 677 91 736 ui
110 674 274 749 vectigalia
288 674 376 734 nobis
391 677 544 750 pensitant
553 680 566 750 ,’
584 687 720 748 amcos,
745 677 797 750 qui
813 686 958 738 exercent
972 687 1064 752 atque

60 761 177 834 xigunt,
199 775 291 832 quum
313 760 373 818 duo
394 775 484 834 reges
506 776 574 820 cnm
596 759 735 820 maximis
756 761 852 832 copiis
873 769 997 834 propter
1011 761 1065 822 ad·

60 845 116 904 loti
140 859 234 917 quum
254 858 315 903 una
336 842 478 903 excursio
501 845 652 917 equitatus
666 843 807 916 perbrevi
822 852 958 916 tempore
973 844 1066 904 totius

61 926 106 985 nui
129 925 259 999 vectigal
277 926 397 986 auferre
412 928 531 1000 possit?
552 945 644 1000 quum
658 926 811 1000 publicani
828 925 955 985 familias
971 927 1065 985 maxi-

60 1027 119 1083 tas,
140 1008 262 1083 quasin
279 1010 404 1069 saltibus
419 1009 545 1082 habent,
569 1010 690 1084 quasin
706 1009 902 1083 agris„quas
917 1009 946 1068 in
961 1019 1065 1083 portu·

60 1110 96 1151 us
115 1101 205 1166 atque
227 1090 391 1163 custodiis,
409 1109 520 1165 magno
539 1095 672 1167 periculo
690 1110 724 1153 se
738 1093 851 1153 habere
867 1092 1067 1153 arbitrentur?
1103 1119 1120 1167 j

60 1175 193 1237 'unusne
206 1191 264 1237 vos
278 1175 338 1234 illis
352 1175 444 1234 rebus
460 1176 516 1234 frui
533 1193 642 1257 posse,
666 1176 725 1236 nisi
739 1193 809 1248 888,
831 1176 883 1251 qui
897 1176 986 1236 vobis
1005 1178 1065 1237 fru-

60 1258 105 1319 ctui
123 1266 208 1330 sunt,
235 1258 450 1319 conservaritis
472 1275 532 1317 non
554 1262 668 1330 solum,
693 1269 727 1320 ut
746 1269 815 1319 ante
838 1259 914 1330 dixi,
944 1260 1065 1320 calami·
1125 1280 1128 1287 ·

60 1349 118 1413 alc,
129 1343 185 1402 sed
200 1340 289 1401 etiam
305 1340 482 1401 calamitatis
498 1343 659 1403 formidine
673 1342 837 1402 liberatos?
865 1344 930 1401 Vll.
947 1341 997 1405 17.
1019 1347 1065 1403 Α8

60 1440 83 1484 rc
96 1425 166 1485 illud
182 1424 305 1498 quidem
323 1423 414 1484 vobis
429 1425 642 1500 negligendum
659 1435 721 1496 est,
747 1427 829 1500 quod
846 1425 918 1485 mihi
937 1443 994 1501 ego
1012 1444 1065 1486 ex-

60 1524 162 1568 remum
180 1524 410 1582 proposueram,
429 1526 520 1582 quum
535 1526 636 1569 essem
651 1511 689 1570 de
704 1510 774 1569 belli
790 1526 901 1584 genere
918 1510 1064 1581 dicturus

60 1593 123 1664 ruod
141 1593 180 1650 ad
200 1592 362 1651 multorum
378 1593 459 1651 bona
475 1592 586 1652 civium
600 1595 806 1654 Romanorum
822 1592 965 1666 pertinet,
989 1610 1064 1667 quo-

60 1689 105 1734 um
120 1674 209 1735 vobis
228 1691 283 1748 pro
299 1685 401 1736 vestra
415 1675 578 1748 sapientia,
603 1676 748 1749 Quirites,
769 1675 911 1733 habenda
926 1683 973 1734 881
987 1674 1064 1734 11118

60 1755 206 1832 litigenter.
248 1758 322 1817 Nam
344 1768 373 1818 81
396 1758 723 1831 111118111,’118111188
743 1756 951 1816 honestissimi
973 1765 1066 1831 atque
1139 1798 1144 1813 ,

60 1840 231 1912 malissimi,
249 1859 321 1901 suas
336 1840 471 1900 rationes
486 1850 515 1900 et
529 1840 635 1916 copias
650 1843 680 1899 in
696 1841 775 1899 illam
792 1839 977 1912 provinciam
993 1855 1065 1898 con·
1107 1888 1111 1896 f

61 1925 177 1996 ulerunt,
193 1941 320 1998 quorum
338 1924 475 1998 ipsorum
491 1939 545 1997 per
560 1940 658 1983 seres
674 1933 703 1984 81
720 1927 856 1983 fortunae
871 1922 959 1982 vobis
975 1938 1066 1983 curae

60 2021 110 2067 ase
127 2008 249 2068 debent.
292 2007 410 2068 Etenim
432 2006 458 2066 si
475 2006 636 2081 vectigalia
651 2024 763 2067 nervos
780 2006 908 2066 8888181
926 2005 1066 2081 publicae

60 2105 162 2166 temper
178 2091 337 2163 duximuS,
359 2108 427 2150 eum
445 2099 526 2150 certe
542 2092 691 2162 ordinem,
715 2089 767 2165 qui
786 2098 909 2149 exercet
926 2091 990 2159 illa,
1015 2089 1065 2149 fir-
1125 2120 1128 2129 ·

60 2183 220 2235 ramentum
235 2183 422 2234 caeterorum
438 2171 577 2234 ordinum
592 2183 673 2234 18818
688 2190 758 2233 8888
774 2173 920 2233 dicemus.
944 2171 993 2233 18.
1007 2173 1065 2231 De
1144 2184 1151 2207 ⁴

60 2258 107 2316 lde
120 2274 160 2316 ex
176 2256 305 2317 caeteris
321 2257 477 2317 ordinibus
491 2257 629 2317 homines
641 2256 731 2331 gnavi
742 2265 833 2330 atque
845 2254 984 2314 industrii
997 2271 1068 2328 par·¹

60 2337 87 2397 'm
107 2339 220 2413 ipsi'in
236 2339 310 2399 Asia
324 2339 537 2412 negociantur,
558 2338 670 2414 quibus
685 2357 742 2399 vos
761 2338 938 2399 absentibus
955 2353 1066 2399 consu-

60 2434 98 2480 ere
113 2423 249 2493 debetis,
266 2422 375 2496 partim
390 2439 494 2482 eorum
509 2422 539 2481 11
555 2439 591 2482 81
607 2421 765 2495 provincia
780 2420 924 2495 pecunias
939 2437 1066 2494 magnas

60 2505 202 2564 ollocatas
224 2505 344 2565 habent.
377 2506 431 2564 Est
454 2505 544 2580 igitur
564 2504 756 2575 humanitatis
778 2513 901 2563 vestrae
922 2521 1065 2578 maguum
1126 2518 1132 2531 “

61 2603 193 2648 umerum
211 2604 315 2648 eorum
331 2587 442 2647 civium
458 2589 624 2649 calamitate
639 2587 817 2662 prohibere,
839 2587 1007 2662 sapientiae
1021 2587 1065 2646 vi-

60 2685 108 2730 ere
127 2673 291 2733 multorum
316 2671 424 2731 citium
446 2673 644 2732 calamitatem
666 2689 684 2730 a
705 2688 738 2731 re
761 2670 881 2745 publica
899 2671 1067 2730 seiunctam

60 2770 107 2812 sse
121 2771 182 2815 non
200 2770 303 2828 posse.
342 2754 459 2814 Etenim
475 2757 602 2830 primum
617 2755 691 2814 illud
707 2754 793 2828 parvi
808 2755 914 2825 refert,
938 2769 995 2813 nos
1011 2769 1065 2826 pu-

61 2835 164 2896 licanis
177 2836 299 2897 amissis
314 2837 474 2911 vectigalia
489 2848 598 2913 postea
611 2837 737 2897 victoria
747 2853 940 2912 recuperare.
959 2836 1067 2908 Neque

61 2919 117 2978 nim
134 2919 245 2979 iisdem
259 2921 427 2980 redimendi
444 2923 571 2981 facultas
587 2921 643 2980 erit
657 2928 783 2995 propter
799 2919 996 2979 calamitatem
1013 2933 1066 2975 ne·
1107 2922 1110 2931 ’

60 3019 97 3072 Ι18
118 3002 186 3062 aliis
208 3003 357 3063 voluntas
373 3012 497 3078 propter
512 3003 658 3064 timorem.
702 3001 750 3062 19.
778 3002 894 3061 Deinde
911 3001 993 3073 quod
1008 3016 1067 3058 nos

60 3086 146 3146 adem
161 3087 238 3146 Asia
258 3085 349 3161 atquc
371 3087 451 3146 idem
472 3086 529 3147 iste
543 3087 731 3145 Mithridates
753 3084 837 3144 initlo
852 3080 923 3141 belli
939 3081 1066 3142 Asiatici

60 3168 150 3242 locuit,
165 3177 248 3230 certe
263 3168 295 3228 id
310 3170 432 3244 quidem
446 3168 613 3227 calamitate
626 3168 707 3227 docti
718 3166 863 3226 memoria
873 3165 1002 3224 retinere
1014 3167 1066 3225 de-

60 3265 154 3313 81118.
193 3253 268 3313 Nam
289 3261 367 3326 tum,
390 3267 483 3326 quum
498 3251 528 3310 11
542 3251 619 3310 Α811
633 3264 684 3309 188
702 3265 826 3323 magnas
841 3248 980 3325 permulti
994 3249 1067 3308 ami·

60 3344 156 3407 1811111,
178 3335 293 3396 scimus
307 3337 423 3396 Romae
447 3333 598 3414 solutione
615 3332 760 3407 impedita
775 3332 866 3392 fidem
884 3332 1068 3393 concidisse,

60 3413 105 3474 lon
121 3418 201 3479 enim
216 3427 348 3495 possunt
361 3434 422 3479 nna
436 3416 603 3491 incivitate
617 3415 701 3476 multi
711 3430 775 3476 reru
787 3432 823 3477 ac
835 3417 970 3479 fortunas
984 3413 1068 3476 amit-

1051 3568 1122 3632 1
