2356 3854
224 196 305 256 CAP-
319 204 416 258 4-6.
439 201 465 261 S·
481 203 543 257 9—
555 203 597 256 tl.
876 194 939 260 149

73 347 124 406 ille
142 346 242 406 subito
261 347 377 406 scelere
395 346 521 406 demens
537 353 650 420 quanta
667 344 874 406 conscientiae
890 347 938 406 vis
1006 336 1009 349 '

60 431 150 490 audit.
178 431 252 488 Nam
269 446 361 503 quum
376 428 407 488 id
424 437 532 504 posset
548 428 685 501 infitiari,
706 437 832 504 repente
850 446 935 504 prae-

60 530 147 573 onem
159 512 291 573 omnium
306 515 469 572 confessus
485 520 541 572 est
559 513 603 572 lta
618 526 687 571 eum
702 529 763 572 non
783 513 874 573 modo
891 512 937 572 in-

63 597 126 656 llud
145 605 177 656 et
192 595 312 679 dicendi
330 595 523 668 exercitatio,
546 612 608 668 qua
623 611 746 669 semper
763 595 865 668 valuit,
881 595 938 656 sed

60 687 140 753 >pter
155 679 214 738 vim
227 679 352 738 sceleris
368 678 519 738 manifesti
533 687 624 751 atque
640 678 823 751 deprehensi
839 679 937 753 impu-

60 780 114 837 qua
136 763 301 838 superabat
321 779 443 834 omnes,
465 761 706 835 improbitasque
724 761 843 823 deiecit.
888 760 937 820 ta.

60 864 85 907 ts
112 862 184 906 vero
212 845 312 906 subito
334 845 449 905 litteras
470 843 599 920 proferri
621 851 713 918 atque
728 844 840 918 aperiri
855 845 939 905 iubet

60 932 64 988 t
81 945 100 989 a
116 930 243 989 Lentulo
261 931 301 987 ad
316 928 471 988 Catilinam
488 928 574 988 datas
590 943 661 1002 esse
675 925 804 988 dicebat.
834 929 939 1002 Atque

60 1011 238 1072 nenessime
255 1013 448 1086 perturbatus
468 1012 614 1071 Lentulus
645 1018 744 1076 tamen
768 1019 799 1072 et
818 1011 938 1084 signum

60 1115 74 1155 u
91 1113 177 1156 suam
189 1096 342 1170 cognovit.
367 1097 461 1155 Erant
471 1103 572 1154 autem
583 1093 715 1168 scriptae
728 1094 794 1154 sine
805 1092 938 1165 nomine,

60 1181 129 1250 Quis
153 1184 208 1240 sim
233 1184 307 1240 scies
327 1197 366 1238 ex
383 1197 432 1252 eo,
457 1195 541 1253 quem
554 1179 598 1237 ud
609 1185 636 1238 te
649 1181 724 1238 misi.
747 1180 827 1238 Cura
841 1183 874 1238 ut
892 1180 939 1236 uir

60 1266 110 1323 ritu
122 1281 206 1338 quem
221 1267 252 1323 in
266 1267 360 1323 locum
370 1266 411 1322 sis
421 1279 605 1338 propraetor,
619 1269 648 1322 et
657 1264 723 1322 vide
736 1264 809 1337 quid
821 1263 938 1321 tabitam

60 1366 91 1419 e,
103 1355 214 1407 etcuru
232 1356 264 1406 ut
275 1348 464 1407 omniumttba'
475 1347 763 1419 emandationem,
781 1349 868 1405 etium
885 1347 936 1404 in-

83 1393 231 1489 Gabinius
248 1429 359 1489 deinde
374 1430 527 1490 introduct
515 1439 577 1500 tus,
603 1447 696 1504 quum
720 1430 816 1524 primo
840 1428 937 1502 impu·

60 1514 221 1586 spondere
236 1513 404 1597 coepisset,
422 1514 526 1573 adteri
514 1522 641 1573 tremum
653 1513 726 1571 nihil
741 1512 838 1581 exiis,
858 1527 938 1586 quae

60 1597 237 1669 imulabant,
255 1598 384 1671 negavit.
421 1596 469 1656 13.
494 1595 626 1655 Acmihi
644 1596 780 1669 quidem,
798 1593 938 1666 Quirites,

60 1699 71 1740 ι
88 1681 256 1740 certissima
270 1680 338 1738 visa
361 1688 431 1738 sunt
444 1685 620 1752 argumenta
636 1685 727 1751 atque
745 1677 857 1735 indicia
871 1692 937 1735 see-

60 1765 157 1836 tellae,
181 1763 283 1838 signa,
306 1779 435 1833 manus,
450 1760 582 1835 denique
598 1761 687 1819 unius
703 1761 851 1831 cuiusque
867 1774 937 1818 con-

60 1846 314 1906 nmultocertiora
325 1845 384 1916 illa,
401 1845 495 1916 color,
513 1842 602 1915 oculi,
616 1844 728 1915 vultus,
742 1840 939 1901 taciturnitas.

82 1931 316 2004 obstupuerant,
345 1929 390 1987 sic
406 1935 517 1986 terram
533 1926 740 1997 intuebantur,
770 1924 816 1984 sic
838 1923 938 1985 iurtim

61 2030 150 2086 quam
164 2013 241 2072 inter
256 2029 327 2072 sese
344 2009 542 2085 aspiciebant,
562 2019 670 2071 utnon
685 2010 745 2069 iam
759 2009 797 2069 ab
814 2007 881 2068 aliis
895 2008 939 2066 in·

60 2098 90 2156 ad
105 2096 243 2155 indicare
259 2111 294 2155 se
314 2094 374 2169 ipsi
396 2094 576 2154 viderentur.
627 2112 629 2117 ⁴

60 2180 198 2243 ¹Iudiciis
212 2178 362 2252 expositis
377 2184 468 2251 atque
484 2177 573 2237 editis
589 2184 726 2236 senatum
748 2173 887 2248 consului
901 2173 939 2232 de

60 2262 212 2337 epublica
224 2261 296 2335 quid
314 2260 380 2320 fieri
399 2262 541 2335 placeret.
577 2261 682 2321 Dictae
699 2268 771 2320 sunt
790 2276 808 2318 a
827 2255 939 2351 princi-

60 2346 184 2412 errimae
199 2361 235 2404 ae
248 2344 432 2405 fortissimae
446 2343 623 2415 sententiae,
642 2360 718 2418 quas
738 2350 825 2402 senat
825 2358 862 2399 us
874 2339 940 2399 sine

60 2435 136 2489 etate
152 2436 200 2488 est
217 2437 350 2489 secutus
385 2428 422 2488 Et
437 2427 588 2507 quoniam
597 2428 730 2487 nondum
749 2435 797 2486 est
810 2423 940 2509 perscri-

60 2521 134 2572 tatus
151 2513 336 2584 consultum,
361 2527 400 2570 ex
416 2510 563 2570 memoria
577 2510 680 2580 vebia,
704 2500 940 2582 Quirites,qui'd

60 2593 205 2655 ensuerit
219 2611 381 2670 exponam.
400 2592 449 2656 14.
471 2593 601 2653 Primum
620 2593 692 2652 mihi
707 2593 821 2668 gratiae
837 2589 948 2658 verbis

60 2680 108 2738 nis
122 2687 262 2774 aguntur,
278 2679 362 2752 quod
378 2679 496 2750 virtute,
511 2677 650 2751 consilio,
668 2676 836 2751 provident
829 2692 859 2734 ra
873 2689 941 2732 mea

61 2780 97 2821 ca
117 2761 258 2821 maximis
274 2760 419 2836 periculis
435 2760 474 2821 sit
489 2761 629 2821 liberata
644 2760 799 2820 deindeL
811 2760 940 2818 Flaccus

60 2846 176 2919 rptinus
194 2853 365 2918 praetores,
383 2846 467 2918 quod
481 2860 586 2903 eorum
601 2860 696 2918 opera
713 2842 782 2902 forti
797 2838 941 2935 iidelique

60 2945 110 2997 a‚m
128 2928 234 2987 merito
248 2943 284 2986 ac
300 2928 365 2986 iure
381 2928 549 3000 laudantur,
564 2936 657 3001 atque
673 2926 762 2986 etiam
779 2923 845 2982 viro
862 2918 940 2997 lorti,
1003 2942 1005 2961 ι

62 3028 146 3082 meo,
164 3011 250 3070 laus
243 3011 426 3083 impertitur,
443 3011 527 3084 quod
541 3026 612 3082 eos,
628 3026 680 3082 qur
672 3008 785 3067 huius
803 3002 940 3064 coniura-

60 3094 181 3168 rticipes
198 3094 343 3163 luissent,
366 3109 384 3150 a
400 3091 464 3152 suis
480 3100 510 3153 et
525 3091 570 3150 rei
587 3091 728 3166 publicae
744 3086 880 3149 consiliis
894 3102 939 3144 re-

60 3180 210 3252 ‚Atque
225 3177 267 3236 ita
282 3182 482 3245 censuerunt,
509 3175 585 3233 utP.
607 3174 768 3242 Lentulus,
796 3187 893 3266 quum
907 3185 941 3228 se

64 3261 254 3329 abdicasset,
273 3259 304 3316 in
320 3256 491 3317 custodiam
505 3257 689 3317 traderetum
705 3257 838 3331 itemque
853 3250 894 3314 uti
910 3252 940 3311 C

68 3345 135 3415 ‚.L
155 3342 306 3413 Statilius,
331 3342 362 3398 P.
379 3339 540 3411 Gabinium
569 3340 621 3412 qui
637 3355 743 3400 omncs
762 3355 892 3414 praesen
895 3345 941 3396 tes

60 3443 64 3484 ι
80 3427 251 3486 custodiam
266 3426 472 3485 traderenturr
498 3431 592 3497 atque
607 3422 688 3484 idem
707 3423 767 3485 boc
788 3424 943 3484 decretum
