2356 3854
78 159 144 239 ΒΜ
352 158 428 219 PRO
443 159 500 218 CN.
515 157 675 218 PLANCIO
692 157 846 218 ORATIO.

39 368 43 391 ,
82 324 212 371 necesse
227 315 275 367 est
288 307 415 380 gradum
439 309 534 370 cedat
544 309 698 369 consulari
712 310 817 382 generi
834 307 988 385 praeterint

80 391 246 465 contendat
264 405 332 449 cum
354 391 506 464 praetorio
532 391 653 452 nomine
677 401 823 466 equester
845 395 943 452 locus.
983 392 988 448 t

82 481 153 549 sunt
170 471 285 543 studia,
304 472 471 533 exstinctae
488 473 737 549 suffragationes,
765 476 867 534 nullae
893 482 988 535 coutet

82 558 164 617 nulia
185 557 306 615 libertas
323 555 427 630 popuii
452 556 482 617 in
504 558 683 617 mandandis
697 558 936 631 magistratibus,
962 575 988 617 nt

80 640 230 714 spectatio
247 637 476 713 suffragiorumr
502 640 590 712 nihii,
612 649 644 700 ut
657 643 837 715 pierumque
852 640 967 715 evenit,

82 722 258 797 opinionem
284 722 416 781 accidet:
441 724 523 783 nulia
547 725 603 783 erit
624 724 751 798 posthac
767 724 900 784 varietas
916 723 988 782 comi

82 806 137 867 Sin
154 806 214 875 hnc
230 822 380 880 persaepe
395 804 521 878 accidit,
548 814 580 865 ut
595 815 626 866 et
642 807 739 866 iactos
754 806 875 881 aliquos
891 814 922 866 et
941 823 988 865 not

84 904 154 949 esse
169 888 326 962 miremur,
351 888 378 947 si
392 904 517 963 campus
540 897 632 964 atque
653 891 722 948 iliae
741 890 842 949 undae
857 889 989 949 comitioi

82 988 167 1050 mare
193 973 376 1047 protundum
401 980 431 1031 et
454 971 648 1044 immensum,
682 971 727 1031 sic
753 971 960 1031 effervescunt
985 995 988 1023 ι

85 1054 175 1130 quasi
190 1064 291 1124 aestu,
310 1062 343 1115 at
363 1054 402 1113 ad
424 1054 501 1115 aiios
522 1054 683 1125 accedant,
709 1054 747 1113 ab
763 1054 830 1114 aliis
848 1063 950 1114 autem
965 1071 988 1112 rt

84 1147 167 1198 tanto
184 1155 242 1197 nos
259 1138 372 1210 impetu
386 1136 555 1197 studiorum
575 1146 606 1197 et
625 1145 709 1196 motu
725 1136 903 1197 temeritatis
927 1153 988 1195 mo(

85 1237 176 1294 quem
192 1227 223 1279 et
239 1217 398 1279 consitium
413 1228 443 1280 et
457 1219 603 1280 rationem
616 1219 829 1294 requiremus?
865 1219 917 1280 16.
931 1219 988 1292 Qut

85 1318 133 1361 me
148 1294 188 1359 ad
205 1299 429 1361 contentionem
444 1310 580 1363 vestrum
598 1318 716 1374 vocare,
729 1301 913 1362 Laterensis.
959 1302 988 1360 tt

85 1385 201 1458 populo
216 1390 302 1456 grata
318 1391 366 1442 est
388 1384 513 1453 tabella,
525 1401 604 1458 quae
619 1386 734 1444 irontes
746 1384 843 1458 aperit
856 1384 987 1443 hominu

85 1473 133 1527 tes
151 1465 223 1539 tegit
238 1467 351 1540 datque
368 1482 435 1524 eam
453 1465 634 1540 libertatem,
649 1474 682 1527 ut
696 1467 781 1540 quod
798 1466 892 1526 veiint
908 1468 988 1526 incia

85 1546 319 1609 mittant'autem
335 1550 418 1622 quod
431 1558 590 1622 rogentur,
606 1566 660 1609 cur
674 1558 705 1609 tu
725 1549 756 1609 id
774 1548 803 1607 in
819 1549 934 1609 iudicio
954 1559 988 1609 ut

86 1632 206 1707 primis,
218 1632 302 1707 quod
315 1647 377 1690 non
392 1633 426 1691 iit
439 1631 470 1691 in
484 1640 614 1707 campos
656 1634 712 1692 Hic
728 1648 817 1705 quam
832 1633 882 1691 ille
899 1632 986 1706 digni

89 1731 180 1790 quam
194 1731 288 1788 grave
304 1723 352 1774 εει
366 1716 456 1775 dictu.
497 1715 563 1788 Quo
583 1716 674 1776 modo
700 1714 791 1790 igitur
813 1722 861 1775 εει
877 1717 988 1789 aequin

87 1798 195 1858 credo:
214 1799 298 1872 quod
312 1797 417 1872 agitur,
434 1799 518 1872 quod
533 1798 607 1859 satis
623 1805 671 1858 εει
684 1797 790 1858 iudici:
805 1797 854 1857 hic
871 1800 975 1858 iactus

88 1880 146 1942 iste
162 1882 263 1955 potius
281 1897 372 1955 quam
389 1889 469 1956 egot
496 1882 554 1941 Vel
569 1881 674 1940 nescio
690 1882 739 1940 vei
754 1897 815 1940 non
830 1881 901 1941 dico
918 1883 988 1940 vei«

89 1963 173 2037 quod
193 1963 266 2023 mihi
279 1964 492 2037 gravissimum
507 1973 598 2038 esset,
610 1964 637 2022 si
652 1963 793 2037 dicerem,
809 1964 864 2024 sed
881 1964 988 2038 impun

88 2046 230 2105 deberem
245 2047 361 2106 dicere:
383 2041 449 2107 Non
470 2055 562 2106 recte.
603 2048 677 2105 Nam
704 2046 779 2120 quid
798 2049 988 2121 adsequerer

87 2135 222 2189 extrema
237 2128 416 2188 defensione
430 2137 544 2203 uterer,
566 2131 713 2203 populum
735 2130 818 2204 quod
833 2131 988 2190 voluisset

89 2227 151 2272 non
171 2212 254 2284 quod
272 2210 448 2271 debuisset?

31 2297 34 2302 ’
173 2294 238 2352 Vll.
262 2290 312 2354 17.
335 2293 433 2367 Quina
455 2296 481 2354 si
498 2295 604 2369 populi
617 2311 740 2370 quoque
752 2296 862 2354 iactum
876 2296 988 2356 defend

88 2378 206 2450 rensiS,
223 2384 254 2437 ει
270 2377 368 2437 doceo
386 2377 437 2436 Cn.
452 2377 605 2437 Plancium
630 2396 691 2438 non
715 2379 893 2451 obrepsisse
914 2381 955 2437 ad
973 2381 988 2437 h

90 2459 147 2518 sed
164 2475 201 2519 eo
219 2459 342 2520 venisse
365 2477 471 2534 cursu,
498 2460 550 2536 qui
571 2477 693 2535 semper
711 2459 842 2535 patuerit
859 2461 988 2521 hominii

89 2540 151 2601 hoc
166 2549 273 2602 nostro
291 2545 425 2618 equestri
446 2546 532 2616 loco,
557 2560 725 2618 possumne
751 2543 869 2617 eripere
898 2546 988 2605 oratii

90 2623 316 2684 contentionem
330 2634 479 2698 vestrum,
512 2643 592 2700 quae
615 2626 738 2687 tractari
764 2628 830 2686 sine
856 2638 988 2689 contum

82 2714 201 2783 potest,
217 2714 247 2765 et
258 2714 287 2766 te
301 2708 340 2766 ad
356 2723 479 2768 causam
497 2706 662 2784 atiquando
679 2709 855 2784 crimenque
872 2712 988 2772 deduc<

90 2790 175 2866 quod
191 2789 301 2864 equitis
319 2791 449 2851 Romani
465 2793 545 2852 iilius
560 2802 623 2865 est,
648 2791 773 2852 inferior
789 2809 860 2852 esse
875 2795 986 2855 debuit

89 2882 191 2935 tecum
218 2873 353 2946 equitnm
373 2876 579 2937 Romanorum
600 2874 654 2935 atti
677 2875 862 2952 petiverunt:
893 2878 988 2937 nihil<

90 2959 185 3032 plius:
209 2956 267 3017 hoc
287 2966 385 3017 tamen
402 2960 511 3030 miror,
532 2975 586 3018 cur
605 2958 676 3019 huic
695 2959 886 3033 potissimum
901 2960 986 3021 irase

90 3040 269 3115 longissime
285 3059 304 3100 a
320 3049 349 3102 te
365 3043 447 3101 uiuit.
480 3041 645 3115 Equidem,
664 3042 691 3102 si
709 3043 847 3116 quando,
872 3052 906 3103 ut
920 3045 972 3117 ut,

89 3125 191 3196 turba,
207 3140 267 3184 non
283 3125 367 3184 iiiam
385 3141 515 3198 accuso,
540 3124 591 3199 qui
607 3126 696 3185 estin
713 3142 830 3185 summa
845 3143 936 3186 sacra
954 3128 988 3186 vi

90 3216 150 3292 ago
166 3207 205 3265 ad
218 3207 344 3268 Fabium
363 3208 508 3269 fornicem
524 3206 671 3282 impellor,
689 3210 743 3268 sed
763 3226 840 3280 eum,
859 3210 957 3284 quiin
971 3229 989 3269 n

90 3288 217 3347 incurrit
231 3299 323 3362 atque
339 3292 453 3352 incidit.
484 3294 529 3351 iu
543 3307 643 3366 neque
656 3292 689 3364 0.
704 3291 807 3364 Pedio,
824 3293 894 3352 torti
910 3293 989 3363 viro,

91 3380 146 3426 ses
160 3385 260 3442 neque
274 3372 344 3433 huic
358 3376 395 3436 A.
410 3374 524 3447 Plotio,
537 3374 729 3462 ornatissimo
746 3375 875 3448 homini,
899 3376 988 3436 famili
