2384 3854
352 181 434 241 saa.
449 186 575 242 ιιι-ιι.
597 144 769 281 sla-tp.
1024 180 1087 247 aaa

54 335 142 394 ritum
162 331 276 406 quiete
292 339 369 392 teste
386 346 560 405 cognoram,
581 337 611 390 te
628 330 738 389 eodem
753 337 879 389 auctore
893 329 1040 390 defendit
1060 340 1090 393 et

54 419 80 478 ei
96 416 199 476 dices=
215 412 403 490 Quousque?
416 430 506 488 quem
519 414 720 491 negasquod
736 430 792 486 pro
809 412 912 489 Cispio
925 416 1088 475 contende

54 499 125 572 rim,
143 498 308 573 impetrare
325 497 486 572 potuisset
500 497 573 555 Nam
589 495 678 555 istius
693 495 779 554 verbi
796 513 889 570 quous
900 515 956 571 que
972 505 1089 572 poterat

54 584 130 642 lraec
145 597 216 640 esse
234 580 362 641 invidias
377 581 467 640 datus
482 587 530 640 est
545 579 598 639 tibi
612 580 670 651 ille,
688 580 881 639 condonatus
895 580 960 639 illc:
971 597 1031 640 non
1046 583 1088 640 la-

54 666 97 725 cis
112 665 222 724 finem:
246 666 323 724 ferre
338 679 400 723 non
414 679 603 738 possumus2·
621 664 649 722 ei
668 661 806 737 quidem,
829 664 880 736 qui
896 680 956 737 pro
971 680 1031 723 uno
1048 665 1088 723 la-

54 747 180 820 borarit,
199 747 231 806 id
244 747 345 821 ipsum
365 762 425 806 non
441 746 615 818 obtinuerit,
634 745 710 805 dici=
728 745 827 816 octoas
843 744 920 819 quc?
937 746 1088 808 irridentis

54 830 150 905 magis
165 839 213 889 est
230 846 320 904 quam
342 830 611 904 reprehendentis:
639 829 698 887 nisi
715 830 791 888 forte
806 845 865 904 ego
878 846 959 888 unus
979 830 1020 889 ita
1041 847 1089 890 me

54 912 137 988 gessi
152 913 181 972 in
193 913 330 987 iudiciis,
350 913 392 973 ita
408 921 520 973 etcum
535 914 582 972 iris
597 920 628 973 et
644 913 721 972 inter
735 912 793 972 lros
807 911 880 982 vixi,
897 913 922 970 is
940 912 970 970 in
986 913 1088 973 causis

54 1005 216 1073 patronus,
238 996 266 1055 is
287 998 316 1053 in
338 1012 371 1056 re
390 996 511 1070 publica
526 996 602 1055 civis
616 1004 646 1055 et
660 1012 727 1055 sum
743 1003 773 1055 et
789 1012 912 1071 semper
926 994 984 1067 lui,
1004 997 1089 1056 solua

53 1090 84 1141 ιιι
101 1095 119 1138 a
134 1087 165 1138 te
181 1078 348 1139 constituar
369 1079 422 1153 qui
437 1079 511 1139 nihil
532 1078 714 1138 aiudicibus
730 1079 858 1138 debeam
874 1095 1019 1152 umquam
1035 1079 1089 1160 5¹¹¹?

54 1171 183 1240 patrare.
233 1160 284 1224 76.
310 1162 349 1221 Et
367 1161 441 1221 mihi
462 1163 647 1221 lacrimulam
664 1161 796 1236 Cispiani
818 1162 922 1222 iudicii
943 1161 1088 1221 obiectas.

54 1245 199 1307 Sicenim
217 1244 337 1304 dixisti:
360 1246 430 1306 Vidi
445 1261 498 1318 epo
513 1252 593 1304 tuom
608 1248 805 1305 lacrimulam.
836 1246 916 1305 Vide
933 1261 1026 1319 quam
1040 1259 1089 1303 mo

54 1328 137 1388 uerbi
159 1327 203 1387 tui
223 1329 406 1402 poeniteat*
430 1328 495 1387 Non
511 1329 603 1386 modo
618 1327 819 1400 lacrimulam,
840 1329 896 1388 sed
923 1330 1033 1388 multas
1049 1327 1089 1386 la-

54 1412 163 1471 crimas
179 1418 209 1470 et
227 1410 331 1470 fletum
349 1420 415 1470 cum
436 1411 569 1486 singultu
583 1410 688 1470 videre
703 1411 846 1486 potuisti:
881 1414 929 1469 An
945 1426 1019 1484 ego,
1037 1409 1089 1485 qui

54 1509 190 1555 meorum
207 1493 337 1553 lacrimis
352 1510 400 1554 me
415 1494 543 1553 absente
557 1498 728 1554 commotus
743 1494 919 1564 simultates,
937 1510 1013 1574 quas
1026 1509 1088 1552 rne-

54 1593 122 1637 cum
145 1575 290 1650 habebat,
318 1576 516 1650 deposuisset
534 1593 682 1651 meaeque
705 1577 812 1636 salutis
832 1593 893 1636 non
914 1579 1006 1637 modo
1027 1592 1089 1635 non

54 1667 258 1734 oppugnator,
272 1668 306 1719 ut
320 1659 432 1719 inimici
448 1661 507 1718 mei
523 1666 671 1733 putarant,
687 1661 741 1718 sed
758 1659 846 1718 etiam
860 1659 1005 1719 delensor
1015 1659 1089 1719 iuis·
1186 1720 1190 1725 ,

54 1752 115 1816 set,
136 1741 252 1802 huius
245 1760 275 1801 ιιι
292 1741 427 1816 periculo
443 1758 504 1801 non
520 1741 724 1814 significarem
740 1742 876 1800 dolorem
891 1749 1014 1801 mcum?
1036 1739 1088 1803 77

54 1826 96 1886 ru
112 1833 223 1898 autem,
238 1824 423 1897 Laterensis,
440 1825 492 1901 qui
506 1833 568 1883 turn
583 1825 723 1882 lacrimas
738 1839 824 1882 meas
839 1830 939 1897 gratas
957 1839 1029 1883 esse
1045 1823 1088 1883 di·

54 1909 157 1979 cebas,
173 1925 254 1967 nunc
272 1909 396 1967 easdem
410 1907 458 1966 vis
472 1906 643 1966 invidiosas
655 1906 761 1965 videri.

115 1990 234 2050 xxxa
257 1992 358 2064 Negas
377 1989 559 2050 tribunatum
574 1988 688 2049 Plancii
704 1990 869 2063 quidquam
883 1987 1022 2048 attulisse
1037 1989 1089 2048 ad·

54 2074 177 2135 iumenti
192 2074 286 2148 dignit
288 2074 328 2133 ati
346 2089 447 2132 meae·
469 2081 561 2148 atque
582 2072 741 2145 hocloco,
766 2072 849 2168 quod
872 2071 1031 2131 verissime
1047 2075 1088 2132 la·

54 2172 125 2218 rere
141 2165 239 2231 potes,
253 2157 286 2216 L.
303 2156 421 2229 Racilii,
436 2154 592 2217 fortissimi
607 2163 637 2215 et
652 2154 890 2235 constantissimi
905 2154 970 2224 viri,
987 2156 1088 2215 divina

54 2241 81 2301 in
98 2254 149 2299 me
167 2239 271 2298 merita
288 2255 518 2298 commemoras.
552 2238 606 2297 Cui
622 2239 743 2314 quidem
761 2254 828 2312 ogo,
844 2238 923 2297 sicut
939 2239 990 2301 Cn
1003 2237 1088 2296 Plan·

54 2324 117 2393 cio,
141 2337 306 2399 numquam
322 2321 510 2383 dissimulavi
530 2337 577 2381 me
595 2323 757 2396 plurimum
779 2320 890 2379 debera
906 2334 1089 2395 semperque

54 2421 131 2485 prae
148 2405 321 2464 meierum·
339 2404 530 2466 nullasenim
547 2403 605 2463 sibi
623 2405 673 2463 ille
688 2419 788 2478 neque
807 2402 1016 2463 contentiones
1037 2419 1088 2463 ne·

54 2504 118 2567 que
137 2487 308 2553 inimicitias
328 2503 429 2562 neque
453 2489 531 2548 vitae
549 2488 759 2547 dimicationes
777 2502 833 2545 nec
848 2502 903 2560 pro
918 2501 952 2544 re
968 2485 1089 2561 publica

54 2587 111 2633 rec
132 2586 189 2666 pro
205 2586 253 2629 me
272 2571 473 2644 defugiendas
493 2571 618 2644 putavit.
663 2573 764 2645 Atque
781 2569 905 2643 utinam,
923 2584 1015 2644 quam
1030 2585 1088 2643 ego

54 2670 122 2717 ιιιιιι
136 2653 264 2713 inillam
284 2661 402 2728 gratus,
426 2660 487 2712 tam
502 2652 637 2713 licuisset
657 2668 713 2727 per
725 2653 879 2712 hominum
895 2652 955 2712 vim
970 2662 1000 2714 et
1014 2653 1089 2712 iniu-

54 2740 127 2799 iam
143 2752 163 2794 a
178 2737 292 2811 populo
309 2737 446 2795 Romano
461 2734 490 2794 ei
505 2737 631 2808 gratiam
648 2736 772 2796 reterrit
790 2736 850 2795 Sed
864 2736 890 2795 si
905 2753 965 2796 non
981 2737 1088 2795 eadem

54 2818 210 2883 contendit
228 2818 258 2877 in
282 2818 433 2885 tribunatu
446 2817 600 2889 Plancius,
626 2819 799 2878 existimare
818 2819 913 2878 debes
933 2834 994 2878 nou
1018 2817 1088 2876 huie

54 2905 240 2965 voluntatem
259 2901 409 2971 doluisse,
431 2901 486 2959 sed
501 2916 565 2971 me,
587 2917 678 2974 quum
695 2909 809 2975 tantum
827 2902 885 2959 ianr
899 2900 1021 2959 Plancio
1035 2900 1088 2957 de·

54 3001 168 3055 reram,
186 2983 293 3044 Racilii
308 2982 466 3042 benefieiis
481 2982 576 3042 luisse
594 2991 777 3043 contentum.
814 2979 863 3043 78.
878 2985 926 3040 An
942 2988 1015 3040 vcro
1033 2995 1088 3054 pu*

54 3068 232 3131 asidcirco
247 3067 347 3125 minus
362 3065 481 3126 iudices
493 3079 561 3123 mea
578 3081 672 3124 causa
693 3067 838 3136 facturos,
855 3063 938 3138 quod
953 3079 1001 3123 me
1017 3079 1088 3124 esse

54 3159 173 3230 gratum
185 3148 375 3210 criminerist
395 3151 458 3219 An,
480 3164 572 3220 quum
593 3154 696 3220 patres
715 3146 879 3220 conscripti
896 3146 947 3206 illo
963 3154 1087 3207 senatus

54 3233 207 3304 mosetto,
224 3232 329 3307 quod
321 3248 351 3290 ιιι
368 3239 563 3290 monumento
578 3229 664 3289 Marii
680 3231 791 3290 lactum
806 3237 862 3303 ast,
876 3246 938 3303 quo
955 3244 1023 3289 mea
1038 3244 1086 3289 ec-

54 3334 98 3383 trs
115 3314 260 3377 omnibus
273 3323 321 3375 est
337 3313 479 3388 gentibus
493 3313 719 3384 commendata,
740 3313 792 3372 uni
809 3304 860 3372 Cn.
879 3312 1002 3372 Plancio
1018 3328 1086 3391 gra·

54 3402 112 3465 las
126 3398 282 3472 egerit-
246 3412 385 3458 -unus
399 3396 480 3457 caim
495 3395 601 3457 ittitde
614 3392 840 3470 magistratibus
854 3404 906 3456 aut
921 3412 976 3472 pro
991 3394 1086 3471 magi·

1128 3570 1140 3623 l
