<?xml version="1.0" encoding="UTF-8"?>
<!DOCTYPE html PUBLIC "-//W3C//DTD XHTML 1.0 Transitional//EN"
    "http://www.w3.org/TR/xhtml1/DTD/xhtml1-transitional.dtd">
<html xmlns="http://www.w3.org/1999/xhtml" xml:lang="en" lang="en">
 <head>
  <title>
</title>
<meta http-equiv="Content-Type" content="text/html;charset=utf-8" />
  <meta name='ocr-system' content='tesseract 3.04.00' />
  <meta name='ocr-capabilities' content='ocr_page ocr_carea ocr_par ocr_line ocrx_word'/>
</head>
<body>
  <div class='ocr_page' id='page_1' title='image "./mtulliiciceroni08cicegoog_0500.png"; bbox 0 0 2356 3854; ppageno 0'>
   <div class='ocr_carea' id='block_1_1' title="bbox 223 158 1090 285">
    <p class='ocr_par' dir='ltr' id='par_1_1' title="bbox 223 158 1090 285">
     <span class='ocr_line' id='line_1_1' title="bbox 223 158 1090 285; baseline 0.028 -34"><span class='ocrx_word' id='word_1_1' title='bbox 223 182 242 251; x_wconf 81' lang='grc'><strong>’.</strong></span> <span class='ocrx_word' id='word_1_2' title='bbox 343 158 763 272; x_wconf 58' lang='grc' dir='ltr'><strong>οΑΡ.ἰπ-ι4.ς.33ὶ-38.</strong></span> <span class='ocrx_word' id='word_1_3' title='bbox 849 160 854 171; x_wconf 62' lang='grc'><strong><em>’</em></strong></span> <span class='ocrx_word' id='word_1_4' title='bbox 928 188 1090 285; x_wconf 45' lang='lat'><strong>7269·</strong></span> 
     </span>
    </p>
   </div>
   <div class='ocr_carea' id='block_1_2' title="bbox 62 343 1137 585">
    <p class='ocr_par' dir='ltr' id='par_1_2' title="bbox 62 343 1137 585">
     <span class='ocr_line' id='line_1_2' title="bbox 62 343 1074 433; baseline 0.006 -29"><span class='ocrx_word' id='word_1_5' title='bbox 62 360 109 404; x_wconf 89' lang='lat' dir='ltr'><strong>eo.</strong></span> <span class='ocrx_word' id='word_1_6' title='bbox 151 343 229 405; x_wconf 84' lang='lat' dir='ltr'><strong>xlv.</strong></span> <span class='ocrx_word' id='word_1_7' title='bbox 257 343 307 407; x_wconf 82' lang='grc'><strong>36.</strong></span> <span class='ocrx_word' id='word_1_8' title='bbox 330 345 392 406; x_wconf 86' lang='lat' dir='ltr'><strong>Sed</strong></span> <span class='ocrx_word' id='word_1_9' title='bbox 409 345 622 429; x_wconf 71' lang='lat' dir='ltr'><strong>utaliquando</strong></span> <span class='ocrx_word' id='word_1_10' title='bbox 643 347 791 407; x_wconf 85' lang='lat' dir='ltr'><strong>sententia</strong></span> <span class='ocrx_word' id='word_1_11' title='bbox 811 349 1011 433; x_wconf 79' lang='lat' dir='ltr'><strong>complectar,</strong></span> <span class='ocrx_word' id='word_1_12' title='bbox 1032 348 1074 412; x_wconf 87' lang='lat' dir='ltr'><strong>ita</strong></span> 
     </span>
     <span class='ocr_line' id='line_1_3' title="bbox 62 443 1137 585; baseline 0.006 -15"><span class='ocrx_word' id='word_1_13' title='bbox 62 443 201 585; x_wconf 48' lang='grc' dir='ltr'><strong>Βηερθιΐιιῐῐι</strong></span> <span class='ocrx_word' id='word_1_14' title='bbox 219 510 250 570; x_wconf 84' lang='lat' dir='ltr'><strong>C.</strong></span> <span class='ocrx_word' id='word_1_15' title='bbox 265 511 363 571; x_wconf 84' lang='lat' dir='ltr'><strong>Pansa</strong></span> <span class='ocrx_word' id='word_1_16' title='bbox 383 511 501 583; x_wconf 89' lang='lat' dir='ltr'><strong>consul,</strong></span> <span class='ocrx_word' id='word_1_17' title='bbox 516 511 688 585; x_wconf 89' lang='lat' dir='ltr'><strong>imperator,</strong></span> <span class='ocrx_word' id='word_1_18' title='bbox 709 510 825 571; x_wconf 90' lang='lat' dir='ltr'><strong>initium</strong></span> <span class='ocrx_word' id='word_1_19' title='bbox 847 528 915 573; x_wconf 88' lang='lat' dir='ltr'><strong>cum</strong></span> <span class='ocrx_word' id='word_1_20' title='bbox 933 511 1073 576; x_wconf 81' lang='lat' dir='ltr'>hostibus</span> <span class='ocrx_word' id='word_1_21' title='bbox 1134 555 1137 563; x_wconf 85' lang='lat'>·</span> 
     </span>
    </p>
   </div>
   <div class='ocr_carea' id='block_1_3' title="bbox 1136 314 1145 341">
    <p class='ocr_par' dir='ltr' id='par_1_3' title="bbox 1136 314 1145 341">
     <span class='ocr_line' id='line_1_4' title="bbox 1136 314 1145 341; baseline 0 0"><span class='ocrx_word' id='word_1_22' title='bbox 1136 314 1145 341; x_wconf 83' lang='grc' dir='ltr'><strong><em>Ι</em></strong></span> 
     </span>
    </p>
   </div>
   <div class='ocr_carea' id='block_1_4' title="bbox 61 593 1157 3488">
    <p class='ocr_par' dir='ltr' id='par_1_4' title="bbox 62 593 1075 1250">
     <span class='ocr_line' id='line_1_5' title="bbox 62 593 1074 668; baseline 0.004 -14"><span class='ocrx_word' id='word_1_23' title='bbox 62 593 228 668; x_wconf 85' lang='lat' dir='ltr'><strong>onfligendi</strong></span> <span class='ocrx_word' id='word_1_24' title='bbox 242 594 356 667; x_wconf 90' lang='lat' dir='ltr'><strong>fecerit,</strong></span> <span class='ocrx_word' id='word_1_25' title='bbox 374 610 434 668; x_wconf 91' lang='lat' dir='ltr'><strong>quo</strong></span> <span class='ocrx_word' id='word_1_26' title='bbox 452 593 569 668; x_wconf 87' lang='lat' dir='ltr'><strong>proello</strong></span> <span class='ocrx_word' id='word_1_27' title='bbox 581 594 661 668; x_wconf 85' lang='lat' dir='ltr'><strong>legio</strong></span> <span class='ocrx_word' id='word_1_28' title='bbox 673 593 780 654; x_wconf 84' lang='lat' dir='ltr'><strong>Martia</strong></span> <span class='ocrx_word' id='word_1_29' title='bbox 792 594 963 656; x_wconf 77' lang='lat' dir='ltr'><strong>admirabili</strong></span> <span class='ocrx_word' id='word_1_30' title='bbox 977 597 1074 658; x_wconf 88' lang='lat' dir='ltr'><strong>incre·</strong></span> 
     </span>
     <span class='ocr_line' id='line_1_6' title="bbox 62 672 1074 755; baseline 0.005 -21"><span class='ocrx_word' id='word_1_31' title='bbox 62 676 186 751; x_wconf 88' lang='lat' dir='ltr'><strong>ibilique</strong></span> <span class='ocrx_word' id='word_1_32' title='bbox 206 676 315 737; x_wconf 88' lang='lat' dir='ltr'><strong>virtute</strong></span> <span class='ocrx_word' id='word_1_33' title='bbox 335 672 513 736; x_wconf 63' lang='lat' dir='ltr'><strong>libertatemx</strong></span> <span class='ocrx_word' id='word_1_34' title='bbox 525 679 628 751; x_wconf 91' lang='lat' dir='ltr'><strong>populi</strong></span> <span class='ocrx_word' id='word_1_35' title='bbox 649 676 779 755; x_wconf 87' lang='lat' dir='ltr'><strong>Romani</strong></span> <span class='ocrx_word' id='word_1_36' title='bbox 793 677 969 750; x_wconf 88' lang='lat' dir='ltr'><strong>defenderit,</strong></span> <span class='ocrx_word' id='word_1_37' title='bbox 990 679 1074 755; x_wconf 88' lang='lat' dir='ltr'><strong>quod</strong></span> 
     </span>
     <span class='ocr_line' id='line_1_7' title="bbox 62 757 1072 835; baseline 0.004 -16"><span class='ocrx_word' id='word_1_38' title='bbox 62 760 123 819; x_wconf 90' lang='lat' dir='ltr'><strong>lem</strong></span> <span class='ocrx_word' id='word_1_39' title='bbox 137 759 273 835; x_wconf 81' lang='lat' dir='ltr'><strong>legiones</strong></span> <span class='ocrx_word' id='word_1_40' title='bbox 288 761 419 821; x_wconf 89' lang='lat' dir='ltr'><strong>tironum</strong></span> <span class='ocrx_word' id='word_1_41' title='bbox 430 759 569 819; x_wconf 80' lang='lat' dir='ltr'><strong>fecerint:</strong></span> <span class='ocrx_word' id='word_1_42' title='bbox 584 757 714 835; x_wconf 85' lang='lat' dir='ltr'><strong>ipseque</strong></span> <span class='ocrx_word' id='word_1_43' title='bbox 727 761 758 821; x_wconf 84' lang='lat' dir='ltr'><strong>C.</strong></span> <span class='ocrx_word' id='word_1_44' title='bbox 773 760 872 820; x_wconf 87' lang='lat' dir='ltr'><strong>Pansa</strong></span> <span class='ocrx_word' id='word_1_45' title='bbox 887 763 1002 833; x_wconf 91' lang='lat' dir='ltr'><strong>consul,</strong></span> <span class='ocrx_word' id='word_1_46' title='bbox 1018 762 1072 823; x_wconf 92' lang='lat' dir='ltr'><strong>im-</strong></span> 
     </span>
     <span class='ocr_line' id='line_1_8' title="bbox 62 842 1075 918; baseline 0.003 -16"><span class='ocrx_word' id='word_1_47' title='bbox 62 852 170 914; x_wconf 88' lang='lat' dir='ltr'><strong>erator,</strong></span> <span class='ocrx_word' id='word_1_48' title='bbox 192 860 283 918; x_wconf 91' lang='lat' dir='ltr'><strong>quum</strong></span> <span class='ocrx_word' id='word_1_49' title='bbox 295 843 373 903; x_wconf 88' lang='lat' dir='ltr'><strong>inter</strong></span> <span class='ocrx_word' id='word_1_50' title='bbox 392 843 493 902; x_wconf 85' lang='lat' dir='ltr'><strong>media</strong></span> <span class='ocrx_word' id='word_1_51' title='bbox 512 842 643 902; x_wconf 85' lang='lat' dir='ltr'><strong>hostium</strong></span> <span class='ocrx_word' id='word_1_52' title='bbox 663 845 722 904; x_wconf 85' lang='lat' dir='ltr'><strong>tela</strong></span> <span class='ocrx_word' id='word_1_53' title='bbox 743 850 929 918; x_wconf 88' lang='lat' dir='ltr'><strong>versaretur,</strong></span> <span class='ocrx_word' id='word_1_54' title='bbox 949 845 1075 905; x_wconf 84' lang='lat' dir='ltr'><strong>vulnera</strong></span> 
     </span>
     <span class='ocr_line' id='line_1_9' title="bbox 62 923 1072 1001; baseline 0.005 -17"><span class='ocrx_word' id='word_1_55' title='bbox 62 925 205 999; x_wconf 81' lang='lat' dir='ltr'><strong>coeperit,</strong></span> <span class='ocrx_word' id='word_1_56' title='bbox 227 923 381 1001; x_wconf 85' lang='lat' dir='ltr'><strong>quumque</strong></span> <span class='ocrx_word' id='word_1_57' title='bbox 404 927 439 984; x_wconf 84' lang='grc' dir='ltr'><strong>Α.</strong></span> <span class='ocrx_word' id='word_1_58' title='bbox 465 925 579 986; x_wconf 77' lang='lat' dir='ltr'><strong>Hirtius</strong></span> <span class='ocrx_word' id='word_1_59' title='bbox 602 928 725 999; x_wconf 89' lang='lat' dir='ltr'><strong>consul,</strong></span> <span class='ocrx_word' id='word_1_60' title='bbox 748 926 927 1001; x_wconf 87' lang='lat' dir='ltr'><strong>imperator,</strong></span> <span class='ocrx_word' id='word_1_61' title='bbox 955 927 1072 1001; x_wconf 87' lang='lat' dir='ltr'><strong>proelio</strong></span> 
     </span>
     <span class='ocr_line' id='line_1_10' title="bbox 62 1006 1073 1084; baseline 0.002 -17"><span class='ocrx_word' id='word_1_62' title='bbox 62 1009 154 1081; x_wconf 88' lang='lat' dir='ltr'><strong>ndito,</strong></span> <span class='ocrx_word' id='word_1_63' title='bbox 170 1025 203 1067; x_wconf 91' lang='lat' dir='ltr'><strong>re</strong></span> <span class='ocrx_word' id='word_1_64' title='bbox 217 1006 524 1082; x_wconf 68' lang='lat' dir='ltr'><strong>cognita3fortiss1m0</strong></span> <span class='ocrx_word' id='word_1_65' title='bbox 537 1009 862 1084; x_wconf 86' lang='lat' dir='ltr'><strong>praestantissimoque</strong></span> <span class='ocrx_word' id='word_1_66' title='bbox 874 1008 974 1069; x_wconf 91' lang='lat' dir='ltr'><strong>animo</strong></span> <span class='ocrx_word' id='word_1_67' title='bbox 986 1025 1073 1070; x_wconf 88' lang='lat' dir='ltr'><strong>exer·</strong></span> 
     </span>
     <span class='ocr_line' id='line_1_11' title="bbox 62 1089 1073 1166; baseline 0.004 -17"><span class='ocrx_word' id='word_1_68' title='bbox 62 1093 131 1152; x_wconf 87' lang='lat' dir='ltr'><strong>itum</strong></span> <span class='ocrx_word' id='word_1_69' title='bbox 153 1091 261 1152; x_wconf 88' lang='lat' dir='ltr'><strong>castris</strong></span> <span class='ocrx_word' id='word_1_70' title='bbox 282 1089 421 1152; x_wconf 78' lang='lat' dir='ltr'><strong>eduxerit</strong></span> <span class='ocrx_word' id='word_1_71' title='bbox 437 1091 644 1166; x_wconf 85' lang='lat' dir='ltr'><strong>impetumque</strong></span> <span class='ocrx_word' id='word_1_72' title='bbox 664 1091 695 1151; x_wconf 92' lang='lat' dir='ltr'><strong>in</strong></span> <span class='ocrx_word' id='word_1_73' title='bbox 712 1093 752 1151; x_wconf 89' lang='grc' dir='ltr'><strong>Μ.</strong></span> <span class='ocrx_word' id='word_1_74' title='bbox 774 1091 938 1152; x_wconf 87' lang='lat' dir='ltr'><strong>Antonium</strong></span> <span class='ocrx_word' id='word_1_75' title='bbox 959 1093 1073 1153; x_wconf 89' lang='lat' dir='ltr'><strong>exerci-</strong></span> 
     </span>
     <span class='ocr_line' id='line_1_12' title="bbox 62 1173 1073 1250; baseline 0.003 -18"><span class='ocrx_word' id='word_1_76' title='bbox 62 1191 165 1250; x_wconf 82' lang='lat' dir='ltr'><strong>lmque</strong></span> <span class='ocrx_word' id='word_1_77' title='bbox 179 1173 311 1234; x_wconf 90' lang='lat' dir='ltr'><strong>hostium</strong></span> <span class='ocrx_word' id='word_1_78' title='bbox 333 1173 438 1234; x_wconf 89' lang='lat' dir='ltr'><strong>fecerit</strong></span> <span class='ocrx_word' id='word_1_79' title='bbox 459 1174 587 1249; x_wconf 88' lang='lat' dir='ltr'><strong>eiusque</strong></span> <span class='ocrx_word' id='word_1_80' title='bbox 610 1174 717 1249; x_wconf 86' lang='lat' dir='ltr'><strong>copias</strong></span> <span class='ocrx_word' id='word_1_81' title='bbox 739 1175 897 1235; x_wconf 86' lang='lat' dir='ltr'><strong>occidione</strong></span> <span class='ocrx_word' id='word_1_82' title='bbox 919 1174 1073 1249; x_wconf 89' lang='lat' dir='ltr'><strong>occiderit,</strong></span> 
     </span>
    </p>

    <p class='ocr_par' dir='ltr' id='par_1_5' title="bbox 61 1257 1157 2159">
     <span class='ocr_line' id='line_1_13' title="bbox 62 1257 1083 1332; baseline -0.003 -16"><span class='ocrx_word' id='word_1_83' title='bbox 62 1274 97 1316; x_wconf 91' lang='lat' dir='ltr'><strong>uo</strong></span> <span class='ocrx_word' id='word_1_84' title='bbox 113 1257 248 1329; x_wconf 81' lang='lat' dir='ltr'><strong>exercitu</strong></span> <span class='ocrx_word' id='word_1_85' title='bbox 269 1257 310 1316; x_wconf 93' lang='lat' dir='ltr'><strong>ita</strong></span> <span class='ocrx_word' id='word_1_86' title='bbox 324 1258 475 1329; x_wconf 85' lang='lat' dir='ltr'><strong>incolumi,</strong></span> <span class='ocrx_word' id='word_1_87' title='bbox 490 1265 522 1318; x_wconf 91' lang='lat' dir='ltr'><strong>ut</strong></span> <span class='ocrx_word' id='word_1_88' title='bbox 536 1274 574 1318; x_wconf 89' lang='lat' dir='ltr'><strong>ne</strong></span> <span class='ocrx_word' id='word_1_89' title='bbox 589 1274 682 1319; x_wconf 90' lang='lat' dir='ltr'><strong>unum</strong></span> <span class='ocrx_word' id='word_1_90' title='bbox 705 1257 827 1332; x_wconf 89' lang='lat' dir='ltr'><strong>quidem</strong></span> <span class='ocrx_word' id='word_1_91' title='bbox 848 1257 971 1317; x_wconf 92' lang='lat' dir='ltr'><strong>militem</strong></span> <span class='ocrx_word' id='word_1_92' title='bbox 992 1257 1083 1318; x_wconf 74' lang='lat' dir='ltr'><strong>desi.</strong></span> 
     </span>
     <span class='ocr_line' id='line_1_14' title="bbox 62 1332 1073 1416; baseline -0.001 -17"><span class='ocrx_word' id='word_1_93' title='bbox 62 1332 166 1399; x_wconf 76' lang='lat' dir='ltr'><strong>erarii:</strong></span> <span class='ocrx_word' id='word_1_94' title='bbox 194 1337 422 1415; x_wconf 72' lang='lat' dir='ltr'><strong>utquomque</strong></span> <span class='ocrx_word' id='word_1_95' title='bbox 446 1341 477 1399; x_wconf 84' lang='lat' dir='ltr'><strong>C.</strong></span> <span class='ocrx_word' id='word_1_96' title='bbox 503 1342 613 1401; x_wconf 86' lang='lat' dir='ltr'><strong>Caesar</strong></span> <span class='ocrx_word' id='word_1_97' title='bbox 636 1357 691 1416; x_wconf 93' lang='lat' dir='ltr'><strong>pro</strong></span> <span class='ocrx_word' id='word_1_98' title='bbox 714 1350 870 1415; x_wconf 89' lang='lat' dir='ltr'><strong>praetore,</strong></span> <span class='ocrx_word' id='word_1_99' title='bbox 900 1339 1073 1416; x_wconf 87' lang='lat' dir='ltr'><strong>imperator,</strong></span> 
     </span>
     <span class='ocr_line' id='line_1_15' title="bbox 62 1421 1072 1500; baseline 0.001 -18"><span class='ocrx_word' id='word_1_100' title='bbox 62 1421 167 1482; x_wconf 68' lang='lat' dir='ltr'><strong>cnsilio</strong></span> <span class='ocrx_word' id='word_1_101' title='bbox 181 1422 395 1499; x_wconf 82' lang='lat' dir='ltr'><strong>diligentiaque</strong></span> <span class='ocrx_word' id='word_1_102' title='bbox 407 1440 463 1484; x_wconf 90' lang='lat' dir='ltr'><strong>sua</strong></span> <span class='ocrx_word' id='word_1_103' title='bbox 476 1434 575 1484; x_wconf 89' lang='lat' dir='ltr'><strong>castra</strong></span> <span class='ocrx_word' id='word_1_104' title='bbox 588 1424 712 1485; x_wconf 82' lang='lat' dir='ltr'><strong>feliciter</strong></span> <span class='ocrx_word' id='word_1_105' title='bbox 724 1423 893 1496; x_wconf 83' lang='lat' dir='ltr'><strong>defenderit</strong></span> <span class='ocrx_word' id='word_1_106' title='bbox 904 1425 1072 1500; x_wconf 85' lang='lat' dir='ltr'><strong>copiasque</strong></span> 
     </span>
     <span class='ocr_line' id='line_1_16' title="bbox 62 1504 1072 1582; baseline 0.001 -17"><span class='ocrx_word' id='word_1_107' title='bbox 62 1504 179 1578; x_wconf 87' lang='lat' dir='ltr'><strong>ostium,</strong></span> <span class='ocrx_word' id='word_1_108' title='bbox 194 1521 270 1578; x_wconf 89' lang='lat' dir='ltr'><strong>quae</strong></span> <span class='ocrx_word' id='word_1_109' title='bbox 282 1507 320 1566; x_wconf 83' lang='lat' dir='ltr'><strong>ad</strong></span> <span class='ocrx_word' id='word_1_110' title='bbox 333 1524 369 1567; x_wconf 91' lang='lat' dir='ltr'><strong>ea</strong></span> <span class='ocrx_word' id='word_1_111' title='bbox 385 1517 486 1567; x_wconf 89' lang='lat' dir='ltr'><strong>castra</strong></span> <span class='ocrx_word' id='word_1_112' title='bbox 501 1516 704 1580; x_wconf 85' lang='lat' dir='ltr'><strong>accesserant,</strong></span> <span class='ocrx_word' id='word_1_113' title='bbox 719 1505 896 1582; x_wconf 81' lang='lat' dir='ltr'><strong>profligarit,</strong></span> <span class='ocrx_word' id='word_1_114' title='bbox 912 1506 1072 1568; x_wconf 68' lang='lat' dir='ltr'><strong>occiderim</strong></span> 
     </span>
     <span class='ocr_line' id='line_1_17' title="bbox 62 1582 1152 1651; baseline 0.001 -5"><span class='ocrx_word' id='word_1_115' title='bbox 62 1589 146 1647; x_wconf 88' lang='lat' dir='ltr'><strong>beas</strong></span> <span class='ocrx_word' id='word_1_116' title='bbox 164 1604 215 1647; x_wconf 89' lang='lat' dir='ltr'><strong>res</strong></span> <span class='ocrx_word' id='word_1_117' title='bbox 231 1598 368 1650; x_wconf 88' lang='lat' dir='ltr'><strong>senatum</strong></span> <span class='ocrx_word' id='word_1_118' title='bbox 385 1590 558 1650; x_wconf 87' lang='lat' dir='ltr'><strong>existimare</strong></span> <span class='ocrx_word' id='word_1_119' title='bbox 581 1599 610 1650; x_wconf 86' lang='lat' dir='ltr'><strong>et</strong></span> <span class='ocrx_word' id='word_1_120' title='bbox 630 1590 764 1649; x_wconf 90' lang='lat' dir='ltr'><strong>iudicare</strong></span> <span class='ocrx_word' id='word_1_121' title='bbox 786 1607 889 1649; x_wconf 88' lang='lat' dir='ltr'><strong>eorum</strong></span> <span class='ocrx_word' id='word_1_122' title='bbox 911 1592 998 1651; x_wconf 92' lang='lat' dir='ltr'><strong>trium</strong></span> <span class='ocrx_word' id='word_1_123' title='bbox 1019 1589 1072 1648; x_wconf 92' lang='lat' dir='ltr'><strong>im·</strong></span> <span class='ocrx_word' id='word_1_124' title='bbox 1135 1582 1152 1647; x_wconf 85' lang='lat'><strong>&#39;.</strong></span> 
     </span>
     <span class='ocr_line' id='line_1_18' title="bbox 62 1670 1071 1744; baseline 0 -14"><span class='ocrx_word' id='word_1_125' title='bbox 62 1677 212 1730; x_wconf 77' lang='lat' dir='ltr'><strong>&#39;elatorum</strong></span> <span class='ocrx_word' id='word_1_126' title='bbox 235 1670 358 1742; x_wconf 88' lang='lat' dir='ltr'><strong>virtute,</strong></span> <span class='ocrx_word' id='word_1_127' title='bbox 379 1671 522 1744; x_wconf 88' lang='lat' dir='ltr'><strong>imperio,</strong></span> <span class='ocrx_word' id='word_1_128' title='bbox 545 1670 688 1742; x_wconf 88' lang='lat' dir='ltr'><strong>consilio,</strong></span> <span class='ocrx_word' id='word_1_129' title='bbox 709 1671 871 1744; x_wconf 86' lang='lat' dir='ltr'><strong>gravitate,</strong></span> <span class='ocrx_word' id='word_1_130' title='bbox 892 1671 1071 1744; x_wconf 87' lang='lat' dir='ltr'><strong>constantia,</strong></span> 
     </span>
     <span class='ocr_line' id='line_1_19' title="bbox 62 1752 1157 1828; baseline 0 -16"><span class='ocrx_word' id='word_1_131' title='bbox 62 1753 243 1827; x_wconf 80' lang='lat' dir='ltr'><strong>lagnltudine</strong></span> <span class='ocrx_word' id='word_1_132' title='bbox 257 1754 357 1825; x_wconf 89' lang='lat' dir='ltr'><strong>animi,</strong></span> <span class='ocrx_word' id='word_1_133' title='bbox 373 1752 513 1813; x_wconf 89' lang='lat' dir='ltr'><strong>felicitate</strong></span> <span class='ocrx_word' id='word_1_134' title='bbox 534 1754 681 1828; x_wconf 91' lang='lat' dir='ltr'><strong>populum</strong></span> <span class='ocrx_word' id='word_1_135' title='bbox 702 1754 871 1813; x_wconf 88' lang='lat' dir='ltr'><strong>Romanum</strong></span> <span class='ocrx_word' id='word_1_136' title='bbox 895 1752 1073 1814; x_wconf 89' lang='lat' dir='ltr'><strong>foedissima</strong></span> <span class='ocrx_word' id='word_1_137' title='bbox 1155 1773 1157 1777; x_wconf 93' lang='lat'>·</span> 
     </span>
     <span class='ocr_line' id='line_1_20' title="bbox 62 1835 1072 1913; baseline 0 -19"><span class='ocrx_word' id='word_1_138' title='bbox 62 1836 309 1912; x_wconf 78' lang='lat' dir='ltr'><strong>rudelissimaque</strong></span> <span class='ocrx_word' id='word_1_139' title='bbox 322 1836 465 1896; x_wconf 88' lang='lat' dir='ltr'><strong>servitute</strong></span> <span class='ocrx_word' id='word_1_140' title='bbox 477 1835 643 1907; x_wconf 89' lang='lat' dir='ltr'><strong>liberatum,</strong></span> <span class='ocrx_word' id='word_1_141' title='bbox 662 1852 818 1910; x_wconf 90' lang='lat' dir='ltr'><strong>quumque</strong></span> <span class='ocrx_word' id='word_1_142' title='bbox 832 1851 898 1895; x_wconf 90' lang='lat' dir='ltr'><strong>rem</strong></span> <span class='ocrx_word' id='word_1_143' title='bbox 911 1837 1072 1913; x_wconf 88' lang='lat' dir='ltr'><strong>publicam,</strong></span> 
     </span>
     <span class='ocr_line' id='line_1_21' title="bbox 62 1918 1072 1995; baseline -0.002 -17"><span class='ocrx_word' id='word_1_144' title='bbox 62 1921 153 1990; x_wconf 86' lang='lat' dir='ltr'><strong>rbem,</strong></span> <span class='ocrx_word' id='word_1_145' title='bbox 168 1921 279 1995; x_wconf 87' lang='lat' dir='ltr'><strong>templa</strong></span> <span class='ocrx_word' id='word_1_146' title='bbox 293 1920 420 1979; x_wconf 90' lang='lat' dir='ltr'><strong>deorum</strong></span> <span class='ocrx_word' id='word_1_147' title='bbox 434 1919 654 1990; x_wconf 85' lang='lat' dir='ltr'><strong>immortalium,</strong></span> <span class='ocrx_word' id='word_1_148' title='bbox 678 1918 760 1977; x_wconf 90' lang='lat' dir='ltr'><strong>bona</strong></span> <span class='ocrx_word' id='word_1_149' title='bbox 785 1919 985 1994; x_wconf 81' lang='lat' dir='ltr'><strong>fortunasque</strong></span> <span class='ocrx_word' id='word_1_150' title='bbox 1009 1935 1072 1978; x_wconf 92' lang='lat' dir='ltr'><strong>om·</strong></span> 
     </span>
     <span class='ocr_line' id='line_1_22' title="bbox 61 2000 1073 2076; baseline 0.001 -16"><span class='ocrx_word' id='word_1_151' title='bbox 61 2002 122 2061; x_wconf 88' lang='lat' dir='ltr'><strong>ium</strong></span> <span class='ocrx_word' id='word_1_152' title='bbox 137 2001 314 2076; x_wconf 88' lang='lat' dir='ltr'><strong>liberosque</strong></span> <span class='ocrx_word' id='word_1_153' title='bbox 336 2000 546 2061; x_wconf 86' lang='lat' dir='ltr'><strong>conservarint</strong></span> <span class='ocrx_word' id='word_1_154' title='bbox 567 2001 759 2071; x_wconf 81' lang='lat' dir='ltr'><strong>dimicatione</strong></span> <span class='ocrx_word' id='word_1_155' title='bbox 784 2007 814 2061; x_wconf 90' lang='lat' dir='ltr'><strong>et</strong></span> <span class='ocrx_word' id='word_1_156' title='bbox 834 2001 970 2075; x_wconf 88' lang='lat' dir='ltr'><strong>periculo</strong></span> <span class='ocrx_word' id='word_1_157' title='bbox 994 2001 1073 2061; x_wconf 89' lang='lat' dir='ltr'><strong>vitae</strong></span> 
     </span>
     <span class='ocr_line' id='line_1_23' title="bbox 62 2083 1073 2159; baseline 0.001 -16"><span class='ocrx_word' id='word_1_158' title='bbox 62 2100 123 2156; x_wconf 80' lang='lat' dir='ltr'><strong>uae,</strong></span> <span class='ocrx_word' id='word_1_159' title='bbox 140 2085 181 2144; x_wconf 92' lang='lat' dir='ltr'><strong>uti</strong></span> <span class='ocrx_word' id='word_1_160' title='bbox 197 2086 236 2146; x_wconf 92' lang='lat' dir='ltr'><strong>ob</strong></span> <span class='ocrx_word' id='word_1_161' title='bbox 252 2101 305 2144; x_wconf 89' lang='lat' dir='ltr'><strong>eas</strong></span> <span class='ocrx_word' id='word_1_162' title='bbox 319 2101 369 2143; x_wconf 91' lang='lat' dir='ltr'><strong>res</strong></span> <span class='ocrx_word' id='word_1_163' title='bbox 383 2085 471 2144; x_wconf 85' lang='lat' dir='ltr'><strong>bene.</strong></span> <span class='ocrx_word' id='word_1_164' title='bbox 486 2085 601 2145; x_wconf 89' lang='lat' dir='ltr'><strong>fortiter</strong></span> <span class='ocrx_word' id='word_1_165' title='bbox 612 2083 800 2159; x_wconf 80' lang='lat' dir='ltr'><strong>feliciterque</strong></span> <span class='ocrx_word' id='word_1_166' title='bbox 810 2092 912 2158; x_wconf 88' lang='lat' dir='ltr'><strong>gestas</strong></span> <span class='ocrx_word' id='word_1_167' title='bbox 927 2085 957 2144; x_wconf 84' lang='lat' dir='ltr'><strong>C.</strong></span> <span class='ocrx_word' id='word_1_168' title='bbox 972 2085 1073 2145; x_wconf 86' lang='lat' dir='ltr'><strong>Pansa</strong></span> 
     </span>
    </p>

    <p class='ocr_par' dir='ltr' id='par_1_6' title="bbox 62 2166 1133 2824">
     <span class='ocr_line' id='line_1_24' title="bbox 62 2166 1072 2240; baseline -0.001 -13"><span class='ocrx_word' id='word_1_169' title='bbox 62 2212 73 2227; x_wconf 88' lang='lat'><strong>..</strong></span> <span class='ocrx_word' id='word_1_170' title='bbox 90 2167 210 2228; x_wconf 88' lang='lat' dir='ltr'><strong>Hirtius</strong></span> <span class='ocrx_word' id='word_1_171' title='bbox 222 2169 377 2239; x_wconf 67' lang='lat' dir='ltr'><strong>consules·</strong></span> <span class='ocrx_word' id='word_1_172' title='bbox 396 2169 612 2240; x_wconf 90' lang='lat' dir='ltr'><strong>imperatores,</strong></span> <span class='ocrx_word' id='word_1_173' title='bbox 633 2169 708 2228; x_wconf 86' lang='lat' dir='ltr'><strong>alter</strong></span> <span class='ocrx_word' id='word_1_174' title='bbox 730 2168 875 2239; x_wconf 88' lang='lat' dir='ltr'><strong>ambove,</strong></span> <span class='ocrx_word' id='word_1_175' title='bbox 897 2177 949 2229; x_wconf 87' lang='lat' dir='ltr'><strong>aut</strong></span> <span class='ocrx_word' id='word_1_176' title='bbox 971 2166 997 2227; x_wconf 91' lang='lat' dir='ltr'><strong>si</strong></span> <span class='ocrx_word' id='word_1_177' title='bbox 1020 2168 1072 2226; x_wconf 88' lang='lat' dir='ltr'><strong>ab·</strong></span> 
     </span>
     <span class='ocr_line' id='line_1_25' title="bbox 62 2249 1071 2325; baseline 0 -15"><span class='ocrx_word' id='word_1_178' title='bbox 62 2259 133 2323; x_wconf 78' lang='lat' dir='ltr'><strong>unt,</strong></span> <span class='ocrx_word' id='word_1_179' title='bbox 148 2251 188 2309; x_wconf 88' lang='grc' dir='ltr'><strong>Μ.</strong></span> <span class='ocrx_word' id='word_1_180' title='bbox 206 2251 362 2322; x_wconf 82' lang='lat' dir='ltr'><strong>Cornutus,</strong></span> <span class='ocrx_word' id='word_1_181' title='bbox 379 2257 502 2324; x_wconf 90' lang='lat' dir='ltr'><strong>praetor</strong></span> <span class='ocrx_word' id='word_1_182' title='bbox 516 2250 661 2322; x_wconf 88' lang='lat' dir='ltr'><strong>urbanus,</strong></span> <span class='ocrx_word' id='word_1_183' title='bbox 678 2249 918 2325; x_wconf 85' lang='lat' dir='ltr'><strong>supplicationes</strong></span> <span class='ocrx_word' id='word_1_184' title='bbox 934 2250 1071 2325; x_wconf 81' lang='lat' dir='ltr'><strong>perdies</strong></span> 
     </span>
     <span class='ocr_line' id='line_1_26' title="bbox 62 2330 1118 2416; baseline -0.001 -22"><span class='ocrx_word' id='word_1_185' title='bbox 62 2333 257 2416; x_wconf 86' lang='lat' dir='ltr'><strong>uinquaglnta</strong></span> <span class='ocrx_word' id='word_1_186' title='bbox 272 2335 311 2393; x_wconf 89' lang='lat' dir='ltr'><strong>ad</strong></span> <span class='ocrx_word' id='word_1_187' title='bbox 328 2332 428 2394; x_wconf 89' lang='lat' dir='ltr'><strong>omnia</strong></span> <span class='ocrx_word' id='word_1_188' title='bbox 447 2332 617 2409; x_wconf 86' lang='lat' dir='ltr'><strong>pulvinaria</strong></span> <span class='ocrx_word' id='word_1_189' title='bbox 638 2333 814 2394; x_wconf 71' lang='lat' dir='ltr'><strong>constituam</strong></span> <span class='ocrx_word' id='word_1_190' title='bbox 845 2330 896 2393; x_wconf 81' lang='lat'><strong>38.</strong></span> <span class='ocrx_word' id='word_1_191' title='bbox 917 2348 1072 2408; x_wconf 87' lang='lat' dir='ltr'><strong>quumque</strong></span> <span class='ocrx_word' id='word_1_192' title='bbox 1114 2331 1118 2338; x_wconf 83' lang='lat'><em>&#39;</em></span> 
     </span>
     <span class='ocr_line' id='line_1_27' title="bbox 62 2413 1070 2492; baseline -0.004 -15"><span class='ocrx_word' id='word_1_193' title='bbox 62 2419 134 2477; x_wconf 65' lang='lat' dir='ltr'><strong>irtus</strong></span> <span class='ocrx_word' id='word_1_194' title='bbox 155 2417 307 2491; x_wconf 86' lang='lat' dir='ltr'><strong>legionum</strong></span> <span class='ocrx_word' id='word_1_195' title='bbox 328 2419 419 2491; x_wconf 87' lang='lat' dir='ltr'><strong>digna</strong></span> <span class='ocrx_word' id='word_1_196' title='bbox 448 2415 624 2477; x_wconf 90' lang='lat' dir='ltr'><strong>clarissimis</strong></span> <span class='ocrx_word' id='word_1_197' title='bbox 651 2415 883 2492; x_wconf 87' lang='lat' dir='ltr'><strong>imperatoribus</strong></span> <span class='ocrx_word' id='word_1_198' title='bbox 913 2413 1070 2487; x_wconf 86' lang='lat' dir='ltr'><strong>exstiterit,</strong></span> 
     </span>
     <span class='ocr_line' id='line_1_28' title="bbox 62 2498 1076 2576; baseline 0 -17"><span class='ocrx_word' id='word_1_199' title='bbox 62 2508 184 2573; x_wconf 85' lang='lat' dir='ltr'><strong>matum,</strong></span> <span class='ocrx_word' id='word_1_200' title='bbox 202 2517 281 2575; x_wconf 91' lang='lat' dir='ltr'><strong>quae</strong></span> <span class='ocrx_word' id='word_1_201' title='bbox 300 2501 339 2560; x_wconf 92' lang='lat' dir='ltr'><strong>sit</strong></span> <span class='ocrx_word' id='word_1_202' title='bbox 352 2509 441 2560; x_wconf 88' lang='lat' dir='ltr'><strong>antea</strong></span> <span class='ocrx_word' id='word_1_203' title='bbox 460 2499 613 2574; x_wconf 90' lang='lat' dir='ltr'><strong>pollicitus</strong></span> <span class='ocrx_word' id='word_1_204' title='bbox 633 2499 804 2576; x_wconf 81' lang='lat' dir='ltr'><strong>legionibus</strong></span> <span class='ocrx_word' id='word_1_205' title='bbox 826 2498 1076 2574; x_wconf 80' lang='lat' dir='ltr'><strong>exercitibusque</strong></span> 
     </span>
     <span class='ocr_line' id='line_1_29' title="bbox 62 2574 1133 2660; baseline -0.003 -16"><span class='ocrx_word' id='word_1_206' title='bbox 62 2584 159 2654; x_wconf 70' lang='lat' dir='ltr'><strong>ostris,</strong></span> <span class='ocrx_word' id='word_1_207' title='bbox 174 2587 336 2643; x_wconf 84' lang='lat' dir='ltr'><strong>aasummo</strong></span> <span class='ocrx_word' id='word_1_208' title='bbox 351 2582 451 2642; x_wconf 91' lang='lat' dir='ltr'><strong>studio</strong></span> <span class='ocrx_word' id='word_1_209' title='bbox 462 2600 496 2643; x_wconf 91' lang='lat' dir='ltr'><strong>re</strong></span> <span class='ocrx_word' id='word_1_210' title='bbox 511 2583 632 2658; x_wconf 86' lang='lat' dir='ltr'><strong>publica</strong></span> <span class='ocrx_word' id='word_1_211' title='bbox 643 2593 823 2659; x_wconf 82' lang='lat' dir='ltr'><strong>recuperata</strong></span> <span class='ocrx_word' id='word_1_212' title='bbox 836 2585 1071 2660; x_wconf 89' lang='lat' dir='ltr'><strong>persoluturum,</strong></span> <span class='ocrx_word' id='word_1_213' title='bbox 1123 2574 1133 2593; x_wconf 82' lang='lat'>⁸</span> 
     </span>
     <span class='ocr_line' id='line_1_30' title="bbox 62 2663 1070 2741; baseline -0.003 -14"><span class='ocrx_word' id='word_1_214' title='bbox 62 2683 193 2741; x_wconf 83' lang='lat' dir='ltr'><strong>rumque</strong></span> <span class='ocrx_word' id='word_1_215' title='bbox 220 2667 298 2741; x_wconf 87' lang='lat' dir='ltr'><strong>legio</strong></span> <span class='ocrx_word' id='word_1_216' title='bbox 319 2663 427 2724; x_wconf 88' lang='lat' dir='ltr'><strong>Martia</strong></span> <span class='ocrx_word' id='word_1_217' title='bbox 455 2664 599 2741; x_wconf 90' lang='lat' dir='ltr'><strong>princeps</strong></span> <span class='ocrx_word' id='word_1_218' title='bbox 627 2683 695 2727; x_wconf 90' lang='lat' dir='ltr'><strong>cum</strong></span> <span class='ocrx_word' id='word_1_219' title='bbox 722 2666 862 2729; x_wconf 90' lang='lat' dir='ltr'><strong>hostibus</strong></span> <span class='ocrx_word' id='word_1_220' title='bbox 890 2664 1070 2738; x_wconf 81' lang='lat' dir='ltr'><strong>conflixerit,</strong></span> 
     </span>
     <span class='ocr_line' id='line_1_31' title="bbox 62 2747 1071 2824; baseline 0.003 -20"><span class='ocrx_word' id='word_1_221' title='bbox 62 2765 128 2824; x_wconf 49' lang='lat' dir='ltr'><strong>¹que</strong></span> <span class='ocrx_word' id='word_1_222' title='bbox 146 2749 187 2810; x_wconf 87' lang='lat' dir='ltr'><strong>ita</strong></span> <span class='ocrx_word' id='word_1_223' title='bbox 209 2766 277 2809; x_wconf 92' lang='lat' dir='ltr'><strong>cum</strong></span> <span class='ocrx_word' id='word_1_224' title='bbox 292 2747 406 2809; x_wconf 87' lang='lat' dir='ltr'><strong>maiore</strong></span> <span class='ocrx_word' id='word_1_225' title='bbox 421 2763 545 2807; x_wconf 89' lang='lat' dir='ltr'><strong>numero</strong></span> <span class='ocrx_word' id='word_1_226' title='bbox 560 2748 692 2811; x_wconf 88' lang='lat' dir='ltr'><strong>hostiurn</strong></span> <span class='ocrx_word' id='word_1_227' title='bbox 709 2749 911 2821; x_wconf 88' lang='lat' dir='ltr'><strong>contenderit,</strong></span> <span class='ocrx_word' id='word_1_228' title='bbox 928 2760 961 2809; x_wconf 90' lang='lat' dir='ltr'><strong>ut</strong></span> <span class='ocrx_word' id='word_1_229' title='bbox 978 2748 1071 2824; x_wconf 90' lang='lat' dir='ltr'><strong>pluri·</strong></span> 
     </span>
    </p>

    <p class='ocr_par' dir='ltr' id='par_1_7' title="bbox 62 2832 1146 3323">
     <span class='ocr_line' id='line_1_32' title="bbox 64 2832 1146 2908; baseline -0.003 -14"><span class='ocrx_word' id='word_1_230' title='bbox 64 2848 102 2895; x_wconf 91' lang='lat' dir='ltr'><strong>os</strong></span> <span class='ocrx_word' id='word_1_231' title='bbox 118 2832 288 2906; x_wconf 84' lang='lat' dir='ltr'><strong>caederent,</strong></span> <span class='ocrx_word' id='word_1_232' title='bbox 305 2838 449 2907; x_wconf 85' lang='lat' dir='ltr'><strong>caperent</strong></span> <span class='ocrx_word' id='word_1_233' title='bbox 472 2847 534 2890; x_wconf 92' lang='lat' dir='ltr'><strong>non</strong></span> <span class='ocrx_word' id='word_1_234' title='bbox 556 2832 666 2906; x_wconf 92' lang='lat' dir='ltr'><strong>nullos,</strong></span> <span class='ocrx_word' id='word_1_235' title='bbox 688 2849 843 2908; x_wconf 90' lang='lat' dir='ltr'><strong>quumque</strong></span> <span class='ocrx_word' id='word_1_236' title='bbox 864 2832 930 2892; x_wconf 89' lang='lat' dir='ltr'><strong>siue</strong></span> <span class='ocrx_word' id='word_1_237' title='bbox 950 2833 1011 2890; x_wconf 90' lang='lat' dir='ltr'><strong>ulla</strong></span> <span class='ocrx_word' id='word_1_238' title='bbox 1024 2847 1071 2891; x_wconf 92' lang='lat' dir='ltr'><strong>re·</strong></span> <span class='ocrx_word' id='word_1_239' title='bbox 1137 2842 1146 2855; x_wconf 88' lang='grc'><strong>·’</strong></span> 
     </span>
     <span class='ocr_line' id='line_1_33' title="bbox 62 2912 1072 2991; baseline -0.004 -15"><span class='ocrx_word' id='word_1_240' title='bbox 62 2915 214 2976; x_wconf 88' lang='lat' dir='ltr'><strong>actatione</strong></span> <span class='ocrx_word' id='word_1_241' title='bbox 239 2932 295 2991; x_wconf 95' lang='lat' dir='ltr'><strong>pro</strong></span> <span class='ocrx_word' id='word_1_242' title='bbox 319 2915 416 2991; x_wconf 83' lang='lat' dir='ltr'><strong>patria</strong></span> <span class='ocrx_word' id='word_1_243' title='bbox 442 2913 534 2974; x_wconf 88' lang='lat' dir='ltr'><strong>vitam</strong></span> <span class='ocrx_word' id='word_1_244' title='bbox 563 2914 766 2988; x_wconf 84' lang='lat' dir='ltr'><strong>profuderint:</strong></span> <span class='ocrx_word' id='word_1_245' title='bbox 800 2930 954 2990; x_wconf 89' lang='lat' dir='ltr'><strong>quumque</strong></span> <span class='ocrx_word' id='word_1_246' title='bbox 982 2912 1072 2973; x_wconf 89' lang='lat' dir='ltr'><strong>simili</strong></span> 
     </span>
     <span class='ocr_line' id='line_1_34' title="bbox 65 2994 1145 3075; baseline -0.002 -18"><span class='ocrx_word' id='word_1_247' title='bbox 65 2999 352 3075; x_wconf 49' lang='lat' dir='ltr'><strong>rtute‘reliquarum</strong></span> <span class='ocrx_word' id='word_1_248' title='bbox 373 2996 526 3071; x_wconf 86' lang='lat' dir='ltr'><strong>leglenum</strong></span> <span class='ocrx_word' id='word_1_249' title='bbox 548 2996 658 3056; x_wconf 90' lang='lat' dir='ltr'><strong>milites</strong></span> <span class='ocrx_word' id='word_1_250' title='bbox 678 3014 736 3072; x_wconf 89' lang='lat' dir='ltr'><strong>pro</strong></span> <span class='ocrx_word' id='word_1_251' title='bbox 763 2994 860 3057; x_wconf 88' lang='lat' dir='ltr'><strong>salute</strong></span> <span class='ocrx_word' id='word_1_252' title='bbox 885 3006 915 3057; x_wconf 88' lang='lat' dir='ltr'><strong>et</strong></span> <span class='ocrx_word' id='word_1_253' title='bbox 935 2996 1071 3055; x_wconf 88' lang='lat' dir='ltr'><strong>libertate</strong></span> <span class='ocrx_word' id='word_1_254' title='bbox 1143 3014 1145 3018; x_wconf 91' lang='lat'>·</span> 
     </span>
     <span class='ocr_line' id='line_1_35' title="bbox 62 3077 1071 3157; baseline -0.007 -13"><span class='ocrx_word' id='word_1_255' title='bbox 62 3083 143 3157; x_wconf 71' lang='lat' dir='ltr'><strong>apuli</strong></span> <span class='ocrx_word' id='word_1_256' title='bbox 162 3081 291 3143; x_wconf 87' lang='lat' dir='ltr'><strong>Romani</strong></span> <span class='ocrx_word' id='word_1_257' title='bbox 316 3088 441 3142; x_wconf 89' lang='lat' dir='ltr'><strong>mortem</strong></span> <span class='ocrx_word' id='word_1_258' title='bbox 469 3078 687 3155; x_wconf 88' lang='lat' dir='ltr'><strong>oppetiverint,</strong></span> <span class='ocrx_word' id='word_1_259' title='bbox 709 3079 827 3141; x_wconf 89' lang='lat' dir='ltr'><strong>senatui</strong></span> <span class='ocrx_word' id='word_1_260' title='bbox 850 3080 1020 3154; x_wconf 80' lang='lat' dir='ltr'><strong>placerent</strong></span> <span class='ocrx_word' id='word_1_261' title='bbox 1040 3077 1071 3137; x_wconf 87' lang='lat' dir='ltr'><strong>C.</strong></span> 
     </span>
     <span class='ocr_line' id='line_1_36' title="bbox 62 3161 1070 3238; baseline -0.004 -14"><span class='ocrx_word' id='word_1_262' title='bbox 62 3181 134 3225; x_wconf 85' lang='lat' dir='ltr'><strong>msa</strong></span> <span class='ocrx_word' id='word_1_263' title='bbox 149 3167 186 3224; x_wconf 85' lang='lat' dir='ltr'><strong>A.</strong></span> <span class='ocrx_word' id='word_1_264' title='bbox 200 3163 316 3227; x_wconf 90' lang='lat' dir='ltr'><strong>Hirtius</strong></span> <span class='ocrx_word' id='word_1_265' title='bbox 332 3165 484 3236; x_wconf 88' lang='lat' dir='ltr'><strong>consules,</strong></span> <span class='ocrx_word' id='word_1_266' title='bbox 498 3163 715 3238; x_wconf 83' lang='lat' dir='ltr'><strong>imperatores,</strong></span> <span class='ocrx_word' id='word_1_267' title='bbox 730 3164 805 3222; x_wconf 88' lang='lat' dir='ltr'><strong>alter</strong></span> <span class='ocrx_word' id='word_1_268' title='bbox 820 3162 966 3231; x_wconf 87' lang='lat' dir='ltr'><strong>ambove,</strong></span> <span class='ocrx_word' id='word_1_269' title='bbox 987 3161 1013 3220; x_wconf 91' lang='lat' dir='ltr'><strong>si</strong></span> <span class='ocrx_word' id='word_1_270' title='bbox 1025 3161 1070 3221; x_wconf 90' lang='lat' dir='ltr'><strong>eis</strong></span> 
     </span>
     <span class='ocr_line' id='line_1_37' title="bbox 62 3245 1070 3323; baseline -0.004 -15"><span class='ocrx_word' id='word_1_271' title='bbox 62 3250 182 3320; x_wconf 82' lang='lat' dir='ltr'><strong>deutur,</strong></span> <span class='ocrx_word' id='word_1_272' title='bbox 198 3247 245 3320; x_wconf 89' lang='lat' dir='ltr'><strong>iis,</strong></span> <span class='ocrx_word' id='word_1_273' title='bbox 264 3246 317 3323; x_wconf 89' lang='lat' dir='ltr'><strong>qui</strong></span> <span class='ocrx_word' id='word_1_274' title='bbox 332 3245 507 3320; x_wconf 89' lang='lat' dir='ltr'><strong>sanguinem</strong></span> <span class='ocrx_word' id='word_1_275' title='bbox 523 3263 580 3322; x_wconf 90' lang='lat' dir='ltr'><strong>pro</strong></span> <span class='ocrx_word' id='word_1_276' title='bbox 596 3246 665 3318; x_wconf 86' lang='lat' dir='ltr'><strong>vita,</strong></span> <span class='ocrx_word' id='word_1_277' title='bbox 692 3245 846 3318; x_wconf 85' lang='lat' dir='ltr'><strong>libertate,</strong></span> <span class='ocrx_word' id='word_1_278' title='bbox 867 3245 994 3305; x_wconf 90' lang='lat' dir='ltr'><strong>fortunis</strong></span> <span class='ocrx_word' id='word_1_279' title='bbox 1016 3261 1070 3318; x_wconf 90' lang='lat' dir='ltr'><strong>po·</strong></span> 
     </span>
    </p>

    <p class='ocr_par' dir='ltr' id='par_1_8' title="bbox 62 3327 1109 3488">
     <span class='ocr_line' id='line_1_38' title="bbox 62 3327 1071 3405; baseline -0.007 -12"><span class='ocrx_word' id='word_1_280' title='bbox 62 3332 99 3393; x_wconf 90' lang='lat' dir='ltr'><strong>uli</strong></span> <span class='ocrx_word' id='word_1_281' title='bbox 110 3329 253 3405; x_wconf 87' lang='lat' dir='ltr'><strong>Romani,</strong></span> <span class='ocrx_word' id='word_1_282' title='bbox 275 3347 330 3405; x_wconf 89' lang='lat' dir='ltr'><strong>pro</strong></span> <span class='ocrx_word' id='word_1_283' title='bbox 345 3330 435 3401; x_wconf 89' lang='lat' dir='ltr'><strong>urbe,</strong></span> <span class='ocrx_word' id='word_1_284' title='bbox 456 3330 576 3403; x_wconf 86' lang='lat' dir='ltr'><strong>templis</strong></span> <span class='ocrx_word' id='word_1_285' title='bbox 595 3330 720 3389; x_wconf 92' lang='lat' dir='ltr'><strong>deorum</strong></span> <span class='ocrx_word' id='word_1_286' title='bbox 739 3327 949 3389; x_wconf 90' lang='lat' dir='ltr'><strong>immortalium</strong></span> <span class='ocrx_word' id='word_1_287' title='bbox 968 3327 1071 3402; x_wconf 87' lang='lat' dir='ltr'><strong>profu·</strong></span> 
     </span>
     <span class='ocr_line' id='line_1_39' title="bbox 62 3410 1109 3488; baseline -0.006 -13"><span class='ocrx_word' id='word_1_288' title='bbox 62 3417 168 3488; x_wconf 75' lang='lat' dir='ltr'><strong>issent,</strong></span> <span class='ocrx_word' id='word_1_289' title='bbox 191 3421 417 3475; x_wconf 87' lang='lat' dir='ltr'><strong>monumentum</strong></span> <span class='ocrx_word' id='word_1_290' title='bbox 434 3429 523 3487; x_wconf 87' lang='lat' dir='ltr'><strong>quam</strong></span> <span class='ocrx_word' id='word_1_291' title='bbox 540 3411 759 3488; x_wconf 89' lang='lat' dir='ltr'><strong>amplissimum</strong></span> <span class='ocrx_word' id='word_1_292' title='bbox 780 3412 941 3471; x_wconf 88' lang='lat' dir='ltr'><strong>locandum</strong></span> <span class='ocrx_word' id='word_1_293' title='bbox 957 3410 1070 3471; x_wconf 88' lang='lat' dir='ltr'><strong>faciun-</strong></span> <span class='ocrx_word' id='word_1_294' title='bbox 1108 3439 1109 3443; x_wconf 60' lang='lat'><em>=</em></span> 
     </span>
    </p>
   </div>
   <div class='ocr_carea' id='block_1_5' title="bbox 0 0 1182 3854">
    <p class='ocr_par' dir='ltr' id='par_1_9' title="bbox 0 0 1182 3854">
     <span class='ocr_line' id='line_1_40' title="bbox 0 0 1182 3854; baseline 0 0"><span class='ocrx_word' id='word_1_295' title='bbox 0 0 1182 3854; x_wconf 95' lang='lat' dir='ltr'><strong> </strong></span> 
     </span>
    </p>
   </div>
  </div>
 </body>
</html>
