2356 3854
112 176 174 245 172
388 179 463 242 PRO
479 180 510 237 L.
530 177 692 237 MURENA
708 176 859 236 altario.

191 333 271 392 Vlll.
290 328 337 391 tt.
362 329 548 404 Quamquam
563 346 621 402 ego
635 327 694 387 iam
710 327 869 403 putabam,
887 327 1021 402 iudices,
1036 328 1124 390 multis

25 460 28 475 ,
85 416 182 498 xviris
199 413 326 474 lontibus
342 429 380 472 ue
400 411 572 486 ignobilitas
591 402 772 471 mitteretur
786 410 924 486 generis,
942 428 1013 472 meo
1033 413 1125 474 labore
1154 448 1158 455 ·

26 575 28 578 Α
108 514 179 559 esse
195 499 377 572 perlectum,
395 495 447 570 qui
459 513 518 571 non
537 496 627 555 modo
644 494 756 566 Curiis,
774 494 953 569 Catonibus,
975 492 1124 570 Pompeiis,
1166 496 1168 549 l

108 579 241 654 antiquis
257 579 330 650 illis,
351 578 522 639 fortissimis
539 577 627 649 viris,
645 577 733 637 novis
748 577 936 650 h'ominibus,
958 579 1016 638 sed
1030 579 1076 638 bis
1089 597 1125 639 re·

110 663 257 734 centibus,
275 662 378 722 Mariis
391 661 522 722 etDidiis
535 669 564 721 et
571 661 689 732 Caeliis,
702 661 979 721 commemorandis
990 661 1127 721 iacebant.

20 800 21 804 ,
110 747 206 820 Quum
227 763 284 820 ego
305 763 379 805 vero
397 754 478 805 tanto
498 745 655 804 intervallo
677 745 808 803 claustra
827 744 886 804 ista
907 744 1074 805 nobilitatis
1089 763 1127 804 re

110 829 277 904 fregissem,
292 838 324 889 ut
338 828 437 888 aditus
450 829 490 887 ad
503 829 692 887 consulatum
703 827 841 901 posthac,
860 828 939 887 sicut
950 830 1036 903 apud
1046 829 1127 889 maio

108 920 159 972 res
177 921 299 973 nostros
322 912 391 986 luit,
415 929 476 970 uon
492 909 589 985 magis
611 910 757 971 nobilitati
778 928 870 983 quam
891 910 994 972 virtuti
1015 921 1126 986 pateret,
1166 924 1168 931 '

109 1012 171 1059 non
186 996 367 1065 arbitrabar,
386 1012 477 1068 quum
493 1009 531 1053 ax
546 994 659 1054 familia
676 997 778 1053 v‘etere
794 1003 824 1054 et
839 993 946 1054 illustri
962 999 1072 1055 consul
1087 997 1126 1055 dc

110 1080 248 1154 signatus
263 1080 302 1138 ab
317 1077 426 1153 equitis
442 1076 570 1136 Romani
585 1077 662 1150 lilio,
685 1078 826 1150 consule,
849 1077 1080 1153 defenderetm',
1098 1079 1127 1138 dc

110 1163 231 1237 generis
245 1161 379 1222 novitate
395 1169 590 1220 accusatores
605 1176 676 1220 esse
687 1160 837 1221 dicturos.
867 1159 987 1220 Etenim
998 1159 1127 1236 mihiipsi
1165 1174 1168 1179 ·

109 1245 233 1318 accidit,
255 1252 288 1303 ut
309 1259 377 1304 cum
392 1244 512 1303 duobus
527 1243 676 1318 patriciis,
696 1244 790 1305 altero
806 1242 1036 1318 improbissimo
1051 1253 1127 1320 atquc
1166 1278 1168 1323 Ι

109 1326 330 1400 audacissime,
351 1329 445 1387 altero
463 1327 690 1387 modestissimo
706 1336 798 1402 atque
814 1327 928 1401 optimo
951 1326 1041 1400 viro,
1057 1338 1128 1404 pete
1166 1330 1168 1371 Ι

108 1427 186 1470 rem:
220 1411 362 1484 superavi
386 1418 484 1469 tamen
512 1405 656 1485 dignitate
682 1411 852 1480 Catilinam,
883 1409 980 1484 gratia
1006 1411 1127 1471 Galbam
1166 1426 1168 1449 =

110 1493 198 1568 Quod
215 1492 242 1552 si
257 1493 287 1551 id
303 1492 415 1553 crimen
429 1490 544 1553 homini
560 1509 640 1553 novo
659 1510 729 1554 esse
747 1493 885 1564 deberet,
907 1495 1049 1567 prolecto
1069 1493 1128 1553 mihi
1166 1502 1168 1507 ’

109 1591 210 1650 neque
224 1575 337 1635 inimici
352 1593 452 1651 neque
466 1575 561 1635 invidi
575 1577 755 1638 defuissent.
788 1574 835 1639 ta.
857 1576 1039 1641 Omittamus
1051 1577 1127 1653 igitur

110 1661 275 1734 degenere
295 1659 413 1734 dicere,
432 1662 518 1721 cuius
532 1669 580 1720 est
599 1677 709 1736 magna
724 1660 754 1720 in
776 1665 907 1736 utroque
922 1660 1071 1737 dignitast
1092 1660 1126 1718 vi·

110 1743 237 1803 deamus
253 1750 383 1804 caetera.

193 1826 392 1900 Quaesturam
407 1846 468 1890 una
481 1828 566 1904 petiit
579 1837 610 1889 et
624 1846 691 1889 sum
707 1845 764 1903 ego
780 1829 878 1888 lactus
895 1831 988 1903 prior.
1014 1828 1126 1890 nonest

109 1911 358 1985 respondendum
374 1914 414 1972 ad
436 1913 545 1973 omnia.
574 1914 681 1987 Neque
701 1913 988 1986 euinquemquam
1006 1921 1124 1972 vestrum
1166 1960 1168 1965 .

110 1992 199 2066 fugit,
222 2011 315 2067 quum
334 1995 421 2056 multi
438 1998 505 2070 pari
524 1996 668 2070 dignitate
684 1997 875 2069 liant,-unus
894 2006 996 2057 autem
1013 1997 1123 2071 primum

110 2076 196 2135 solus
217 2076 316 2150 possit
331 2079 482 2151 obtinere,
503 2096 565 2140 non
588 2080 726 2139 eumdem
744 2095 814 2139 esse
833 2078 972 2161 ordinem
987 2075 1123 2154 dignitatis

59 2190 61 2195 ·
110 2158 396 2234 etrenunciatidnis,
415 2171 580 2238 propterea
595 2164 677 2237 quod
688 2161 875 2223 renunciatio
891 2164 1008 2238 gradus
1021 2162 1122 2226 habeat

110 2240 241 2316 dignitas
255 2252 356 2304 autem
372 2245 411 2305 sit
424 2261 576 2321 persaepe
594 2247 701 2305 eadem
716 2245 860 2310 omnium.
899 2246 962 2306 Sed
977 2253 1121 2322 quaestura

110 2323 269 2401 utriusque
290 2329 530 2403 propemodum
550 2329 791 2404 parimomento
809 2328 902 2390 sortis
925 2329 989 2390 luit.
1032 2321 1122 2387 Habuit

111 2406 159 2467 bic
176 2410 244 2483 lege
258 2410 334 2471 Titia
354 2411 543 2487 provinciam
563 2411 682 2473 tacitam
697 2421 727 2472 et
748 2412 896 2487 quietam=
918 2421 948 2471 tu
965 2413 1061 2484 illam,
1079 2404 1122 2478 cui,

111 2507 205 2564 quum
214 2503 392 2566 quaestores
405 2495 579 2569 sortiuntur,
591 2495 679 2554 etiam
687 2495 848 2555 acclamari
860 2497 947 2568 solet,
961 2495 1121 2559 ostiensia

111 2588 171 2632 nou
183 2582 243 2634 tam
255 2576 419 2649 gratiosam
430 2587 461 2638 et
471 2577 618 2639 illustrem
628 2577 923 2654 quamnegociosam
935 2581 1120 2640 etmolestaa·
1166 2574 1168 2579 ’

111 2654 429 2735 Consedit-utriusque
446 2678 556 2729 nomen
573 2660 603 2720 in
620 2670 792 2735 quaestura.
820 2661 940 2722 Nullum
958 2655 1121 2722 enimvobis

111 2754 180 2801 sors
192 2750 333 2817 campum
346 2742 430 2804 dedit.
440 2744 470 2804 iu
483 2762 544 2819 quo
558 2760 720 2805 excurrere
735 2746 830 2804 virtus
845 2746 1122 2820 cognosciquepos·
1163 2760 1168 2794 ι

111 2833 165 2883 set.
197 2823 246 2886 19.
268 2824 389 2900 Reliqui
402 2827 548 2903 temporis
564 2828 696 2901 spatium
710 2827 742 2887 in
760 2827 987 2888 contentionem
1002 2833 1121 2888 vocatur
1163 2840 1168 2877 t

109 2905 147 2964 ab
168 2917 300 2984 utroque
321 2909 525 2971 dissimillima
539 2910 655 2970 ratione
671 2919 829 2972 tractatum
845 2918 901 2970 est.
945 2912 996 2993 lli.
1019 2903 1122 2971 servm
1165 2934 1168 2961 ε

109 2988 159 3048 hic
170 2991 331 3069 nobiscum
342 2993 422 3053 lianc
436 2994 581 3055 urbanam
596 2992 729 3054 militiam
740 2993 961 3069 respondendi,
980 2984 1122 3056 scribenti

37 3104 43 3108 -
107 3075 253 3147 cavendi,
271 3077 395 3150 plenam
409 3075 623 3137 sollicitudinis
638 3093 674 3136 ac
689 3077 853 3149 stomachi,
870 3085 996 3138 secutus
1012 3084 1072 3137 est:
1089 3071 1124 3131 itt

108 3152 198 3214 civile
210 3157 330 3219 didicit:
348 3161 474 3220 multum
487 3158 630 3234 vigilavit,
642 3159 803 3220 laboravit=
822 3168 948 3234 praesto
961 3152 1124 3221 mulustuib

107 3236 268 3299 multomm
284 3242 438 3303 stultitiam
453 3256 621 3318 perpessus
636 3251 692 3312 est,
714 3242 922 3316 adrogantiam
940 3243 1068 3318 pertulit,
1082 3235 1125 3297 tit·

110 3319 273 3381 dcultatem
283 3326 456 3387 exsorbuit:
471 3325 545 3385 vixit
555 3326 595 3384 ad
606 3325 734 3386 aliorum
745 3325 909 3397 arbitrium,
921 3342 984 3386 non
993 3327 1034 3386 ad
1044 3333 1125 3384 scuta·

51 3449 58 3456 .
109 3402 219 3478 Magna
233 3406 300 3466 laus
315 3416 345 3468 et
359 3416 449 3485 grata,
459 3408 633 3468 hominibus
654 3425 747 3468 unum
770 3407 924 3468 hominem
940 3410 1093 3469 elaborare
1103 3403 1125 3461 in
