2356 3854
334 201 414 260 cAP.
432 209 528 262 1.--4.
550 207 576 268 §-
591 210 688 265 2—9.
991 210 1012 273 3

64 367 87 410 te
109 350 261 421 obtinere,
285 352 425 411 damnato
448 359 478 410 et
499 352 595 412 eiecto
616 361 719 426 sperat
741 369 775 413 se
795 370 906 429 posse,
928 358 1012 432 quod

64 442 118 494 itus
141 443 188 494 est
213 449 269 508 per
292 435 408 505 scelus,
436 433 468 493 id
489 450 544 507 per
567 435 716 494 luxuriam
742 436 899 515 effundere
918 448 1011 514 atque

64 533 179 576 tumere.
213 517 300 575 Hunc
327 514 385 575 sibi
412 516 571 576 exanimo
594 520 785 593 scrupulum,
814 521 866 595 qui
886 537 920 581 se
944 523 1010 583 dies

65 615 157 673 esque
183 598 314 658 stimulat
335 615 372 658 ac
393 598 512 674 pungit,
539 607 571 658 ut
592 600 728 661 evellatis
747 605 895 677 postulat,
918 612 951 664 ut
970 606 1011 665 ad

64 698 174 741 :suam
195 682 340 757 praedam
360 690 421 742 tam
443 681 588 741 nefariam
610 682 765 745 adiutores
786 703 843 746 vos
868 687 1009 761 profitea-

64 808 71 821 .
112 761 140 825 7.
165 763 198 824 si
217 764 306 826 vobis
323 781 423 840 aequa
440 774 469 826 et
483 766 613 825 honesta
626 767 791 841 postulatio
808 768 941 844 videtur,
964 769 1009 831 iu-

64 864 87 919 t,
109 863 167 921 ogo
193 856 299 907 contra
321 848 445 908 brevem
466 848 700 921 postulationem
724 849 844 920 adlero;
868 861 911 925 ct,
933 869 1008 927 quo-

64 948 78 989 o
101 929 173 989 mihi
196 933 383 1005 persuadeo,
404 931 558 1005 aliquanto
580 933 766 1007 aequiorem.
808 933 858 991 ΙΙΙ.
878 933 1009 995 Primum

64 1030 221 1090 rysogono
237 1023 307 1087 peto
322 1023 356 1075 ut
370 1015 501 1089 pecunia
515 1015 705 1090 fortunisque
720 1015 833 1076 nostris
848 1024 1008 1078 contentus

64 1096 241 1170 sanguinem
261 1107 292 1157 et
313 1097 403 1158 vitam
422 1115 459 1157 ne
474 1105 574 1173 petat=
597 1098 708 1158 deinde
724 1115 742 1157 a
757 1097 860 1171 vobis,
881 1097 1008 1172 iudices,

64 1181 196 1239 idacium
214 1180 323 1239 sceleri
340 1181 503 1253 resistatis,
526 1181 731 1242 innocentium
751 1180 948 1243 calamitatem
964 1183 1007 1241 le·

64 1306 65 1311 η
86 1272 116 1323 et
134 1263 166 1321 in
182 1279 276 1322 causa
293 1263 364 1323 Sex.
380 1264 483 1324 Roscii
500 1264 681 1338 perieulum,
698 1264 780 1339 quod
795 1264 825 1323 in
843 1272 949 1327 omncs
962 1263 1006 1324 in-

64 1345 130 1419 itur,
148 1346 344 1420 propulsatis.
372 1344 401 1407 8.
417 1346 532 1420 Quodsi
546 1355 598 1407 aut
613 1363 706 1406 causa
724 1347 855 1407 criminis
869 1356 921 1408 aut
936 1347 1008 1411 sacti

63 1428 121 1487 icio
143 1436 196 1488 aut
219 1429 371 1503 quaelibet
390 1429 523 1504 denique
544 1432 592 1489 vet
613 1429 736 1489 minima
758 1446 808 1490 res
828 1426 1005 1506 reperietur,

64 1512 182 1572 robrem
203 1511 363 1573 videantur
382 1512 423 1572 illi
443 1512 579 1572 nonnihil
600 1521 699 1573 tamen
722 1512 752 1572 in
768 1514 934 1575 deierando
949 1530 1005 1574 no·

83 1595 194 1668 secuti,
217 1604 371 1669 postremo
390 1594 417 1655 si
432 1605 550 1670 praeter
565 1612 630 1655 eam
645 1598 805 1672 praedam,
828 1614 918 1671 quam
932 1594 1005 1670 dixi,

64 1695 152 1752 quam
166 1678 248 1738 aliud
263 1695 375 1738 causae
388 1678 578 1752 inveneritis,
593 1696 654 1741 non
666 1695 843 1739 recusamus
857 1678 928 1753 quin
939 1679 1005 1738 illo-

69 1760 187 1820 libidini
203 1761 274 1821 Sex.
288 1761 392 1822 Roscii
408 1761 468 1820 vita
485 1761 621 1820 dedatur.
651 1760 703 1819 Sin
724 1762 806 1820 aliud
820 1761 917 1835 agitur
933 1759 1006 1818 nihil

64 1852 92 1903 ut
107 1843 145 1903 iis
160 1861 198 1903 nc
216 1845 290 1919 quid
305 1843 397 1914 desit,
409 1844 525 1917 quibus
538 1842 611 1902 satis
626 1841 699 1901 nihil
715 1851 775 1911 est;
792 1842 819 1901 si
832 1842 891 1901 hoc
907 1843 1007 1901 solum
1072 1892 1076 1903 .

64 1936 200 2002 tempore
222 1935 392 2002 pugnatur,
407 1935 440 1986 ut
459 1928 498 1985 ad
512 1923 592 1984 illam
611 1925 741 1999 opimam
756 1926 1006 1999 praeclaramque

64 2011 126 2069 iam
143 2011 294 2070 damnatio
308 2011 383 2070 Sera
389 2008 492 2068 Roscii
503 2010 586 2068 velut
598 2010 735 2068 cumulus
751 2008 889 2082 accedat,
904 2023 1006 2075 nonne

64 2111 77 2151 r
98 2095 190 2153 multa
211 2093 417 2168 indignatum
439 2093 487 2152 vel
512 2092 571 2151 hoc
592 2091 834 2166 indignissimum
858 2099 918 2164 est,
948 2107 1004 2151 vos

64 2192 113 2235 eos
140 2176 275 2249 habitos,
303 2193 359 2251 per
380 2192 506 2250 quorum
529 2175 694 2235 sententias
715 2175 824 2250 iusque
844 2174 1005 2235 iurandum

64 2259 266 2333 dsequantur,
290 2262 373 2334 quod
398 2267 485 2319 antea
508 2258 568 2332 ipsi
586 2259 702 2319 scelere
727 2267 756 2317 et
777 2260 855 2318 ierro
875 2254 1005 2330 adsequi

64 2350 191 2402 ueruntt
221 2342 273 2417 qui
296 2360 333 2404 ex
352 2340 470 2402 civitate
485 2341 514 2401 in
530 2350 667 2401 senatum
681 2349 806 2415 propter
821 2337 1003 2413 dignitatem,

64 2433 153 2485 enatu
175 2425 206 2484 in
226 2426 285 2485 hoc
307 2426 466 2487 consilium
487 2424 596 2503 delecti
616 2423 690 2484 estis
713 2431 840 2497 propter
860 2421 1004 2482 severita-

85 2508 123 2567 ab
143 2509 191 2568 his
211 2509 270 2569 hoc
284 2510 439 2584 postulare
453 2509 591 2568 homines
609 2505 737 2567 sicarios
752 2515 843 2580 atque
858 2504 1004 2580 gladiato·

71 2608 133 2651 non
150 2593 243 2653 modo
255 2600 288 2652 ut
307 2590 458 2666 supplicia
477 2591 583 2662 vitent,
611 2605 689 2665 quae
709 2605 727 2648 a
750 2588 838 2649 vobis
861 2605 916 2664 pro
940 2603 1003 2646 ma·

63 2673 91 2733 is
119 2675 183 2734 suis
209 2683 342 2735 metuere
367 2683 457 2748 atque
479 2675 602 2733 horrere
625 2672 750 2745 debent,
782 2689 887 2732 verum
914 2669 1003 2731 etiam
1063 2696 1066 2701 ’

64 2757 150 2831 poliis
179 2773 219 2815 ex
232 2756 300 2817 -boc
323 2756 435 2816 iudicio
457 2758 553 2817 ornati
573 2755 714 2830 auctique
740 2754 937 2815 discedantt'
950 2753 1002 2811 lv.

64 2839 90 2898 is
115 2840 269 2900 derebus
296 2839 385 2900 tantis
412 2847 531 2915 tamque
556 2838 709 2899 atrocibus
734 2854 834 2912 neque
861 2835 935 2896 satis
954 2849 1003 2892 me

64 2923 144 2982 node
167 2922 268 2982 dicere
290 2938 389 2997 neque
405 2923 480 2982 satis
499 2921 630 2997 graviter
644 2920 790 2996 conqueri
812 2934 913 2992 neque
929 2914 1008 2974 satis

64 3021 79 3064 e
104 3005 266 3065 vociferari
291 3022 386 3080 posse
412 3005 556 3079 intelligo.
598 3006 672 3070 Nam
692 2997 897 3064 commoditati
919 2996 1002 3073 inge

64 3132 81 3159 1,
104 3088 244 3162 gravitati
264 3096 364 3161 aetas,
385 3087 515 3148 libertati
535 3082 672 3163 tempora
689 3093 760 3146 sunt
779 3079 1010 3155 impedimento..

71 3171 190 3231 accedit
211 3169 469 3244 summustimor,
499 3186 589 3245 quem
614 3169 686 3228 mihi
715 3174 821 3226 natura
842 3164 1011 3238 pudorque-

64 3271 71 3312 5
94 3253 231 3314 attribuit
255 3262 286 3315 et
311 3261 413 3314 vestra
441 3251 572 3325 dignitas
593 3258 623 3311 et
644 3251 689 3310 vis
709 3247 951 3308 adversariorum
975 3255 1014 3308 et.

76 3336 182 3397 Roscii
202 3339 345 3413 pericula.
387 3333 577 3409 Quapropter
595 3348 652 3394 vos
674 3348 728 3394 oro
753 3338 844 3406 atque
865 3333 1014 3402 obsecro,

67 3436 119 3493 es,
140 3427 175 3481 ut
196 3428 308 3481 attente
329 3420 473 3492 bonaque
486 3432 555 3477 cum
568 3413 658 3475 venia
675 3415 767 3476 verba
779 3430 848 3474 mea
864 3411 1013 3474 audiatis.

779 3512 828 3575 1*
