2356 3854
301 235 307 249 ,
355 174 581 243 cleu-14.
599 128 793 246 §.ee-st.x
1018 188 1090 257 3531
1142 272 1147 278 -

60 341 151 404 lodii
171 349 268 402 morte
291 343 408 407 cecidit.
450 344 516 403 Vos
531 343 633 419 adepti
647 347 737 417 estis,
750 363 789 406 ne
805 365 896 423 quern
911 350 1008 412 civem
1019 370 1079 415 me

60 423 194 486 teretis:
209 424 258 485 hic
270 424 516 487 exercitationem
531 426 665 501 virtutis,
679 428 926 504 suffragationem
941 439 1080 498 consula-

60 514 112 582 rs,'
120 508 239 569 iontem
253 524 418 582 perennem
432 508 547 582 gloriae
562 525 637 572 suae
658 510 798 585 perdidit.
841 515 947 593 Itaque
957 518 1079 582 Milonis

60 591 243 660 amentatus,
265 591 317 665 qui
332 591 401 652 vivo
416 592 523 654 Clodio
538 593 714 653 labefactari
728 610 789 655 non
813 606 945 672 poterat,
960 612 1078 664 mortuo
1103 662 1106 666 .

60 672 186 749 eoique
201 675 337 748 temptari
354 682 483 748 coeptus
503 684 559 736 est.
601 676 669 737 Non
690 677 781 738 mode
797 676 886 751 igitur
901 681 974 741 nihil
987 686 1079 758 prod-

60 765 105 832 st,
137 757 198 817 sed
220 755 309 818 obest
329 757 417 817 etiam
433 756 464 817 P.
482 757 578 818 Clodii
598 775 681 820 mors
701 758 815 819 Miloni.
862 761 1080 828 antemna

60 841 166 913 dium,
182 839 253 901 fecit
269 839 372 913 iratus,
388 840 458 900 lecit
471 839 620 915 inimicus,
633 843 688 903 luit
699 844 778 903 ultor
788 841 923 917 iniuriae,
938 849 1080 920 poenitor

60 923 169 986 oloris
185 920 242 983 sui.
286 921 385 995 puicu
402 921 520 983 sillace
543 941 603 985 non
627 925 695 986 dico
707 923 823 985 maiore
838 928 958 988 luerunt
969 928 998 988 in
1012 931 1078 990 Clo-

60 1024 88 1066 .0
111 1021 211 1080 quam
227 1005 257 1065 in
271 1003 399 1079 Milone,
421 1007 476 1065 sed
493 1006 523 1066 in
538 1005 591 1067 illo
606 1007 744 1080 maxime,
765 1010 847 1069 nulla
861 1009 986 1071 in-hoct
1006 1011 1078 1087 quid

60 1090 139 1151 ultis
154 1086 309 1163 amplius?
323 1087 399 1161 Quid
415 1088 492 1166 enim
509 1088 627 1151 odisset
642 1091 777 1165 Clodium
793 1091 875 1166 Milo,
892 1102 1027 1167 segetem
1042 1111 1077 1155 aa
1100 1148 1103 1153 .

61 1173 203 1233 ateriem
218 1187 292 1232 suae
305 1170 436 1246 gloriae,
451 1179 572 1247 praeter
586 1173 644 1233 hoa
662 1173 749 1233 civile
765 1174 877 1250 odium,
893 1193 954 1250 quo
970 1193 1077 1238 omnes

60 1254 206 1331 tprobcs
226 1255 369 1315 odimus?
389 1255 442 1314 llle
462 1264 526 1315 erat
540 1263 572 1315 ut
589 1256 708 1317 odisset
728 1256 857 1331 primum
871 1259 976 1320 salutis
991 1276 1077 1321 meae

60 1339 258 1410 elensorem,
278 1336 389 1397 deinde
406 1346 579 1399 vexatorem
594 1338 715 1413 luroris,
732 1341 912 1403 domitorem
926 1359 1077 1403 armorum

60 1436 189 1493 torum,
211 1426 367 1495 postremo
383 1419 472 1481 etiam
488 1430 696 1482 accusatorem
711 1439 815 1484 suum:
836 1442 910 1485 rcus
927 1427 1005 1485 enim
1021 1425 1076 1485 Mi·

60 1485 125 1565 ,υἷε
141 1504 210 1577 lege
221 1501 316 1563 Plotia
328 1503 383 1564 luit
396 1503 528 1576 clodius,
537 1507 646 1580 ¹quoad
659 1505 741 1566 vixit.
755 1506 825 1580 'Quo
839 1508 958 1568 tandem
974 1508 1074 1568 animo

60 1604 101 1650 oc
118 1594 282 1662 tyrannum
298 1585 379 1646 illum
394 1586 502 1647 tulisse
516 1587 661 1648 creditis?
677 1595 821 1662 quantum
836 1590 937 1649 odium
949 1589 1030 1649 illius
1046 1597 1075 1648 et

60 1666 212 1731 thomine
228 1668 339 1729 iniusto
355 1685 445 1743 quam
457 1668 546 1729 etiam
561 1669 671 1729 iustum
690 1670 807 1730 luisset

104 1751 422 1827 xlv.as.1teliquun
440 1759 488 1811 est
501 1760 535 1812 ul
546 1751 605 1811 iem
619 1750 703 1812 illum
715 1760 822 1811 natura
834 1751 932 1825 ipsias
948 1746 1076 1813 consue·

60 1836 186 1910 idoque
200 1834 356 1906 defendat,
369 1834 450 1894 hunc
462 1842 562 1894 autem
576 1834 653 1892 haec
665 1833 771 1893 eadem
787 1842 962 1907 coarguant.
997 1833 1076 1893 Nihil

60 1936 97 1980 er
115 1918 178 1977 vim
190 1934 332 1992 umquam
347 1917 485 1988 clodius,
507 1915 608 1976 omnia
629 1914 757 1989 pervim
772 1914 855 1975 Milo.
899 1915 975 1988 Quid
992 1932 1073 1990 ergo,

60 2002 186 2075 idices,
206 2018 299 2076 quum
327 1997 529 2060 maerentibus
553 1996 641 2057 vobis
669 1998 745 2058 urbe
769 1996 863 2070 cessi,
891 1997 1075 2069 iudiciumne

60 2083 153 2146 muit
171 2099 232 2144 non
247 2099 368 2157 servos,
387 2098 447 2141 non
460 2097 558 2153 arma,
580 2097 641 2140 non
655 2081 736 2141 virne
751 2081 834 2154 Quae
857 2080 965 2141 luisset
987 2082 1076 2155 igitur
1102 2111 1104 2115 .

60 2176 126 2229 rste
149 2181 244 2226 reuse
269 2164 447 2226 restituendi
474 2163 551 2237 mei,
578 2162 637 2224 nisi
658 2163 767 2225 luisset
784 2162 896 2224 iniusta
916 2163 1077 2224 eliciendi?

60 2250 132 2313 iem
145 2247 235 2323 mihi,
251 2250 357 2320 credo,
371 2248 502 2319 dixerat,
517 2248 659 2309 mulctam
675 2247 830 2322 irrogarat,
843 2245 992 2308 actionem
1007 2262 1075 2320 per-

60 2330 210 2396 uellionis
223 2331 407 2404 intenderat,
428 2339 458 2391 et
472 2329 545 2392 milri
558 2328 700 2390 videlicet
712 2329 742 2389 in
757 2344 852 2389 cause
867 2335 920 2390 cut
933 2329 1012 2386 mala
1025 2335 1077 2388 aut

60 2432 122 2488 tea,
138 2431 201 2475 non
212 2424 243 2475 et
255 2413 496 2490 praeclarissime
507 2422 537 2474 et
553 2421 662 2484 vestre,
676 2410 820 2472 iudicium
834 2411 999 2470 timendum
1010 2410 1075 2471 fuit

60 2513 215 2562 crvorum
231 2506 263 2559 et
280 2497 431 2572 egentium
450 2496 560 2557 civium
574 2504 604 2556 et
617 2493 859 2555 facinorosorum
881 2492 972 2553 armis
990 2510 1075 2554 meos

60 2584 148 2654 lves,
175 2580 252 2641 mets
277 2579 413 2640 consiliis
435 2578 640 2654 periculisque
660 2584 814 2651 servatos,
840 2592 896 2651 pro
917 2593 965 2638 me
986 2575 1076 2637 obiici

60 2663 140 2727 elui.
162 2660 213 2725 st.
226 2662 299 2723 Vidi
313 2663 402 2734 enim,
420 2661 483 2721 vidi
496 2661 576 2722 hunc
591 2661 691 2736 ipsum
705 2660 738 2734 Q.
753 2659 962 2733 Hortensium,
977 2660 1076 2720 lumen

60 2757 69 2811 t
84 2756 301 2808 ornamentum
314 2743 524 2820 reipublicae,
547 2760 645 2819 paene
657 2743 786 2804 interfici
802 2758 959 2804 servorum
975 2757 1074 2807 manu,

60 2847 142 2893 unm
164 2827 237 2889 mihi
255 2830 394 2889 adessct=
420 2843 480 2902 qua
503 2824 533 2886 in
550 2826 638 2887 turbe
656 2825 688 2885 C.
699 2827 848 2886 Vibienus
868 2831 1008 2895 senator,
1029 2823 1076 2879 vir

61 2912 193 2990 ptimns,
207 2928 277 2973 cum
287 2911 347 2972 hoc
359 2925 452 2985 quum
463 2915 548 2968 esset
560 2925 631 2980 une,
644 2907 686 2968 ita
697 2915 744 2967 est
754 2909 918 2978 mulcatus,
941 2914 975 2965 ut
986 2904 1076 2965 vitam

60 2994 192 3059 miserta
235 2996 341 3069 ltaque
364 2992 487 3067 quando
501 2989 581 3051 illius
593 2997 703 3065 postea
717 2988 781 3048 sica
795 2987 861 3060 illa,
884 3002 974 3061 quam
990 3002 1008 3044 a
1023 2985 1074 3045 cc·

60 3080 133 3140 lline
147 3083 326 3153 acceperat,
346 3072 542 3150 conquievitt
561 3073 645 3132 Haec
665 3071 809 3132 intentata
829 3067 918 3129 nobis
934 3075 995 3141 est,
1007 3065 1076 3143 huic

60 3179 106 3238 go
128 3177 187 3221 vos
199 3160 289 3226 obiici
301 3175 357 3234 pro
371 3173 420 3217 me
431 3172 492 3217 non
509 3171 576 3216 sum
590 3169 719 3229 passus,
742 3152 818 3213 haec
830 3148 973 3211 insidiata
991 3148 1077 3210 Pom·

60 3243 120 3306 »cio
130 3253 189 3317 est,
204 3244 281 3305 haec
293 3242 380 3302 istam
392 3240 531 3315 Appiam,
546 3242 771 3309 monumentum
783 3233 832 3296 sui
848 3231 987 3305 nominis,
1002 3248 1078 3307 nece

60 3326 159 3402 lupirii
178 3323 361 3397 cruentavit,
380 3321 473 3396 heec,
496 3321 573 3383 haec
592 3319 699 3380 eadem
720 3319 811 3392 longo
832 3314 990 3377 intervallo
1006 3332 1078 3379 con·

60 3424 142 3470 versa
156 3424 265 3470 rursus
279 3416 327 3471 est
340 3405 372 3469 in
388 3421 452 3466 mes
474 3420 573 3482 nuper
587 3401 724 3479 quidem,
737 3409 770 3463 ut
794 3397 894 3539 scietgs,
915 3415 964 3460 me
977 3400 1017 3461 ad
1030 3414 1079 3458 re·

94 3498 152 3543 c1c.
170 3500 261 3545 onir.

1092 3614 1134 3636 Δ
