2356 3854
302 163 391 235 ,0111
405 171 520 235 e-ro.
542 169 567 229 s.
584 171 713 227 ra-as.
942 194 944 201 ·
976 169 1038 236 131

56 307 114 390 ¹3,
172 324 205 377 at
219 313 250 376 in
267 315 476 390 posteritatem
496 314 679 390 impendeat.
713 315 775 376 Sed
787 324 834 378 est
852 316 940 392 tanti,
967 320 1037 380 dum
1104 379 1107 387 ,

72 394 179 456 ¹Sta‘
188 397 228 459 sit
241 397 360 473 privata
374 397 529 458 calamitas
545 407 576 458 ct
589 415 608 458 a
620 399 665 458 rei
679 400 820 474 publicae
835 399 978 475 periculis
990 418 1038 462 se-

56 462 150 535 er·
181 481 242 542 Sed
257 490 290 543 tu
305 489 339 541 ut
355 479 437 542 vitiis
451 480 511 540 tuis
527 497 748 555 commoveam,
760 490 793 543 ut
805 485 905 558 legum
921 500 1038 559 poenas

56 555 224 638 mresecas,
241 573 275 626 ut
290 563 481 639 temporibus
496 563 540 622 rei
555 563 696 637 publicae
711 566 820 638 cedas,
840 583 902 626 non
918 574 1037 643 estpo-

56 631 192 712 sillum.
212 649 318 723 Neque
332 646 412 707 enim
428 647 454 706 is
471 664 520 718 es,
540 646 679 721 Catilina,
703 656 736 709 ut
749 656 778 707 te
795 657 847 709 aut
861 650 961 723 pudor
974 667 1037 724 um·

56 722 86 768 111
111 734 135 781 ἃ
163 730 349 806 turpitudine
370 741 422 791 aut
436 740 536 818 metus
551 748 570 790 a
584 729 721 805 periculo
742 739 792 790 aut
805 731 883 792 ratio
902 749 921 792 a
937 733 1056 818 lurore,

56 804 209 874 meaverit,
256 813 306 875 23.
334 812 429 886 Quam
446 815 571 887 obrem,
591 822 625 875 ut
639 828 733 888 saepe
748 815 811 874 iam
824 813 901 886 dixi,
917 817 1038 894 profici-

56 888 100 974 1ῐῦ
110 900 160 966 ac,
175 897 201 958 si
215 897 286 956 mihi
302 893 435 969 inimico,
449 904 483 957 ut
496 896 667 973 praedicas,
685 905 735 971 tuo
753 896 889 957 conflare
900 896 949 956 vis
963 897 1038 957 invi-

56 974 107 1057 {iNb
118 976 200 1041 recta
210 992 305 1057 perge
315 979 346 1040 in
358 966 512 1040 exsilium=
530 966 581 1040 'vix
595 980 690 1040 ieram
704 997 863 1055 sermones
874 979 1037 1054 hominum,

56 1042 100 1104 ¹¹st
111 1052 228 1124 lacerna
245 1064 297 1122 vix
311 1065 421 1123 molem
435 1065 524 1125 istius
539 1063 687 1136 invidiae,
709 1064 736 1124 si
749 1064 780 1125 in
795 1062 935 1124 exsilium
951 1062 1039 1124 iussu

56 1139 422 1223 191111111111111111.
441 1146 494 1207 Sin
506 1156 607 1208 autem
619 1146 734 1207 servire
745 1146 923 1209 meaclaudi
934 1148 1042 1222 etglo-'

56 1222 191 1304 Nemnis,
202 1231 349 1306 egredere
360 1245 428 1291 cum
440 1229 612 1305 importuna
624 1233 841 1294 sceleratorum
852 1247 952 1304 manu,
967 1245 1038 1291 con-

56 1291 158 1384 lcrqq
166 1314 310 1387 Mallium,
325 1313 445 1375 concita
461 1314 599 1389 perditos
610 1313 705 1386 cives,
721 1331 848 1377 secerne
863 1323 892 1375 te
906 1331 926 1375 a
938 1312 1038 1388 bonis,

56 1381 109 1471 ²¹3¹&
116 1396 219 1469 patriae
232 1398 360 1469 bellum,
382 1399 503 1459 exsulta
522 1397 807 1474 impiolatrocinio,
833 1407 867 1459 ut
881 1414 900 1456 a
914 1414 963 1458 me
977 1414 1039 1459 non

56 1470 181 1540 uettnsad
197 1480 329 1555 alienos,
351 1482 407 1542 sed
420 1480 563 1542 invitatus
578 1482 618 1540 ad
632 1489 702 1543 tuos
717 1499 789 1543 esse
803 1480 948 1542 videaris.
987 1479 1038 1542 24.

56 1538 199 1647 1911111111
215 1562 289 1638 quid
309 1580 366 1638 ego
382 1573 412 1625 te
427 1564 560 1638 invitem,
575 1582 594 1624 a
608 1583 669 1638 quo
684 1565 744 1624 iam
760 1567 852 1625 sciam
867 1581 939 1624 esse
949 1580 1037 1639 prae-

56 1647 128 1741 Nasos
141 1647 192 1722 qui
207 1646 261 1716 tibi
274 1647 315 1708 ad
333 1646 443 1708 Forum
463 1647 619 1728 Aurelium
636 1651 895 1721 praestolarentur
914 1646 1039 1706 armatis

56 1734 72 1821 11
89 1729 178 1791 sciam
193 1739 315 1806 pactam
337 1739 366 1791 et
387 1733 579 1792 constitutam
600 1734 669 1790 c'um
687 1731 789 1791 Mallio
810 1730 912 1789 diemt
938 1746 957 1788 a
978 1745 1039 1802 quo

56 1824 104 1874 mm
117 1813 247 1888 aquilam
261 1815 343 1874 illam
363 1823 537 1888 argenteam
560 1831 650 1888 quam
672 1811 726 1877 tibi
751 1829 788 1872 ac
811 1811 871 1873 tuis
900 1810 1039 1871 omnibus

57 1898 134 1959 niido
150 1897 356 1973 perniciosam
370 1913 406 1957 ac
422 1898 571 1957 funestam
587 1897 731 1970 futuram,
746 1893 796 1956 cui
810 1893 891 1956 domi
906 1895 977 1956 tu'ae
991 1910 1039 1954 sa-

56 1983 142 2043 ulum
158 1983 308 2042 scelerum
325 1990 445 2043 tuorum
461 1979 657 2041 constitutum
674 1979 737 2051 fuit,
755 1979 850 2040 sciam
867 1993 937 2038 esse
953 1993 1039 2053 prae-

56 2072 158 2129 ssaml
186 2066 231 2126 Tu
246 2074 279 2125 ut
294 2065 345 2124 illa
363 2081 467 2125 carere
485 2064 596 2125 diutius
611 2062 725 2140 possis,
740 2080 831 2138 quam
848 2060 986 2124 venerari
1000 2061 1040 2121 ad

56 2152 137 2211 adem
151 2148 354 2225 proficiscens
371 2149 511 2222 solebas,
539 2147 660 2209 acuius
676 2148 820 2208 altaribus
842 2163 937 2222 saepe
950 2145 1039 2206 istam

56 2235 133 2309 piam
150 2233 308 2293 dexteram
322 2233 361 2292 ad
378 2248 483 2293 necem
499 2230 609 2292 civium
624 2230 823 2293 transtulisti?
850 2231 886 2291 X.
907 2229 957 2290 25.
979 2229 1040 2287 lbis

56 2319 133 2378 :dern
144 2316 320 2390 aliquando,
336 2333 396 2390 quo
411 2316 511 2377 teiam
524 2316 642 2391 pridem
654 2315 713 2376 ista
724 2311 939 2389 tuacupiditas
952 2310 1040 2371 effre-

56 2418 79 2463 1
100 2406 138 2460 ac'
160 2399 277 2460 luriosa
302 2399 449 2474 rapiebat.
493 2400 598 2473 Neque
614 2400 694 2460 enim
714 2397 768 2458 tibi
784 2397 861 2456 haec
877 2411 928 2455 res
943 2395 1041 2456 adlert

56 2487 164 2554 loram,
187 2483 242 2543 sed
259 2484 419 2557 quamdam
440 2483 647 2543 incredibilem
663 2482 858 2556 voluptatem.
899 2479 948 2538 Ad
963 2478 1040 2537 hanc

56 2566 217 2628 amentiam
234 2575 340 2626 natura
356 2567 489 2643 peperit,
514 2568 653 2627 voluntas
669 2564 819 2635 exercuit,
842 2564 1039 2623 1111111111-

56 2651 102 2711 111
132 2650 305 2725 Numquam
319 2658 350 2710 tu
368 2667 429 2710 non
443 2650 535 2711 modo
548 2650 656 2722 ocium,
670 2649 726 2709 sed
742 2665 780 2708 ne
795 2648 907 2707 bellum
919 2643 1040 2720 quidem

56 2735 68 2794 i
88 2731 240 2794 nefarium
262 2733 442 2808 concupisti.
488 2733 599 2795 Nactus
622 2750 655 2793 es
680 2749 719 2792 cx
738 2729 866 2807 perditis
888 2739 980 2803 atque
1002 2727 1040 2786 ab

56 2818 171 2899 ¹ninon
188 2818 281 2877 modo
297 2818 430 2889 lortuna,
455 2816 666 2877 verumetiam
687 2832 743 2890 spe
759 2812 911 2875 derelictis
927 2809 1041 2871 confla-

56 2919 69 2962 1
85 2900 296 2976 improborum
309 2917 440 2960 manum.
470 2899 520 2960 26.
540 2900 597 2959 Hic
612 2908 645 2959 tu
659 2915 720 2974 qua
737 2897 849 2957 laetitia
862 2896 1042 2971 pcrlruerel

56 2982 124 3046 ibus
140 2982 262 3059 gaudiis
276 2982 465 3046 exsultabis?
488 2990 601 3058 quanta
622 2982 654 3041 in
671 2984 825 3056 voluptate
841 2976 1040 3046 bacchabere,

56 3086 102 3130 um
124 3067 164 3127 in‘
177 3075 261 3130 tanto
277 3085 403 3129 numero
418 3074 537 3126 tuorum
561 3081 662 3140 neque
683 3064 790 3126 audies
811 3061 908 3120 virum
928 3059 1041 3118 bonum

56 3168 198 3228 amquam
213 3146 314 3227 neque
329 3147 469 3211 videbis?
498 3149 547 3208 Ad
562 3147 652 3208 huius
668 3147 747 3209 vitae
763 3141 895 3205 studium
908 3139 1041 3201 meditati

67 3244 143 3299 sunt
157 3235 210 3312 qui
227 3237 364 3297 feruntur
378 3233 499 3292 labores
514 3229 571 3304 tui,
588 3231 688 3289 iacere
704 3227 787 3288 humi
808 3242 869 3287 non
887 3226 986 3287 solum
1001 3223 1040 3283 ad

56 3320 217 3382 sidendum
239 3327 391 3394 stuprum,
421 3331 527 3375 verum
548 3312 638 3374 etiam
658 3313 699 3372 ad
716 3310 834 3371 lacinus
858 3308 1042 3380 obeundum,
1093 3304 1112 3327 ⁶

56 3405 138 3469 :itare
157 3421 220 3467 non
240 3405 340 3465 solum
368 3399 562 3466 insidiantem
583 3412 691 3459 somno
715 3394 903 3537 maritorum,
935 3405 1040 3452 verum
