2356 3854
37 192 42 205 .
114 158 179 224 414
268 157 307 216 rn
321 156 360 215 nn.
376 124 576 214 ausonium
590 151 732 233 onnrio
744 118 961 212 nummulos
976 104 998 212 rs

112 325 224 380 essem,
238 305 407 365 remisisset
421 305 535 379 aliquid
549 304 687 378 prolecto
701 305 740 363 de
753 304 919 364 severitate
935 305 1072 378 cogendi.
1088 306 1126 365 Vl

111 392 163 455 13.
178 393 226 450 An
239 404 288 448 me
301 386 452 460 censetis,
466 396 570 462 patres
583 387 763 463 conscripti,
781 387 865 460 quod
877 402 937 448 vos
952 386 1039 448 inviti
1052 389 1129 449 secuti

111 473 202 544 estis,
214 472 413 550 ,decreturum
430 471 540 544 luisse,
559 477 593 530 ut
608 470 774 545 parentalia
788 485 858 530 curn
871 471 1129 546 supplicationibus

111 556 334 616 miscerentur?
357 561 388 613 ut
406 553 609 628 inexpiabiles
629 552 794 628 religiones
806 553 837 612 in
851 568 919 613 rem
935 555 1085 629 publicam
1098 557 1130 616 in·

111 641 317 700 ducerentur?
337 644 368 697 ut
388 637 623 697 decernerentur
645 630 887 711 supplicationes
908 646 1053 698 mortuot
1074 639 1131 698 nihil

112 724 182 782 dieo
198 721 256 781 cui.
298 719 401 780 Fuerit
409 719 459 780 ille
473 721 594 793 Brutus,
611 719 664 794 qui
685 719 796 794 etipse
812 720 973 781 dominatu
989 721 1072 796 regio
1083 738 1133 782 ren

112 804 265 881 publicam
286 802 424 864 liberavit
444 813 475 863 et
495 805 535 862 ad
555 801 684 863 similem
704 803 844 863 virtutem
863 812 897 865 et
917 803 1022 865 simile
1042 808 1133 866 luctnn

112 889 237 963 stirpem
262 887 322 946 iam
348 903 447 962 prope
468 885 497 946 in
519 886 792 960 quingentesimum
816 901 932 948 annum
954 889 1132 964 propagavit:

112 970 224 1031 adduci
237 978 338 1031 minen
353 987 413 1030 non
428 985 554 1044 possem
571 977 605 1029 ut
616 984 799 1044 quemquam
814 979 973 1032 mortuum
990 975 1133 1046 coniunge

111 1071 176 1115 rem
188 1070 256 1115 oum
267 1052 478 1113 immortalium
489 1051 654 1126 religione:
667 1060 708 1126 ut,
722 1051 812 1112 cuius
826 1055 1011 1130 sepulcrum
1023 1070 1133 1131 usquam

113 1145 213 1198 exstet
228 1135 278 1195 ubi
294 1143 475 1210 perentelur,
489 1134 516 1194 ei
533 1134 653 1210 publice
666 1135 865 1210 supplicetur.
909 1137 980 1212 ugo
996 1154 1131 1199 veracem

113 1218 292 1282 sententiam
305 1220 460 1291 dixissem,
475 1226 579 1293 patres
591 1217 765 1293 conscripti,
778 1225 813 1279 ut
823 1234 873 1279 me
884 1220 1044 1281 adversus
1055 1238 1131 1298 popu·

113 1306 172 1367 lum
189 1304 373 1372 Romanum,
393 1302 420 1361 si
445 1301 498 1376 qui
515 1301 680 1362 accidisset
694 1301 818 1376 gravior
830 1301 876 1362 rei
889 1303 1040 1385 publicae
1051 1319 1132 1376 casus,

113 1386 140 1445 si
162 1386 288 1456 bellum,
310 1386 336 1443 si
361 1385 548 1457 morbus,·si
565 1386 677 1458 samer,
703 1383 792 1444 facile
815 1399 946 1460 possem
968 1387 1132 1448 defendere

36 1486 39 1491 ·
116 1484 195 1540 quae
217 1465 326 1540 partim
347 1467 405 1526 iam
422 1475 505 1539 sunt,
527 1467 634 1541 partim
655 1468 748 1528 timeo
773 1485 812 1528 ne
832 1467 1048 1543 impendeant.
1087 1469 1132 1530 Sed

114 1549 173 1609 lroc
196 1549 357 1623 ignoscant
378 1549 409 1608 di
429 1549 614 1610 immortales
637 1550 726 1610 velim
742 1559 772 1611 et
786 1555 903 1627 populo
917 1553 1075 1626 Romano,
1094 1552 1132 1628 qui

112 1631 144 1692 id
159 1649 221 1691 non
238 1633 355 1707 probat,
369 1641 402 1693 et
416 1632 487 1692 huic
502 1633 609 1705 ordini,
627 1634 680 1708 qui
694 1633 830 1694 decrevit
840 1634 968 1700 invitae.
986 1634 1038 1698 14.
1056 1636 1133 1710 dnidt

113 1716 152 1775 de
163 1715 351 1793 reliquis-rei
367 1715 507 1790 publicae
524 1717 611 1776 malis
627 1717 737 1778 licetne
755 1717 883 1778 diceret
905 1719 982 1779 milri
998 1738 1070 1787 vero
1082 1722 1133 1780 licet
1173 1756 1175 1790 ,

113 1806 144 1858 et
160 1815 283 1874 semper
293 1799 395 1860 licebit
409 1799 584 1873 dignitatem
598 1799 690 1872 tueri,
703 1807 829 1860 mortem
844 1811 1056 1867 contemnere.
1091 1804 1132 1862 Po
1171 1815 1175 1855 1

112 1888 209 1942 testas
228 1883 320 1942 modo
340 1881 483 1941 veniendi
502 1882 532 1942 in
553 1883 635 1960 hunc
645 1885 746 1944 locum
767 1881 820 1944 site
842 1883 972 1945 dicendi
987 1888 1133 1961 pericnlum
1170 1898 1175 1954 t

113 1980 176 2022 non
193 1980 315 2024 recuso.
348 1966 450 2040 Atque
462 1967 585 2039 utinam,
603 1973 705 2041 patres
720 1965 897 2042 conscripti,
909 1967 1063 2030 Kalendis
1076 1970 1131 2029 Sex·
1170 1981 1175 2022 t

112 2046 215 2107 tilibus
236 2048 349 2108 edesse
370 2048 551 2123 potuissem!
573 2066 634 2111 non
655 2067 716 2125 quo
736 2051 843 2123 profici
867 2054 1009 2126 potuerit
1029 2052 1130 2129 aliquid
1170 2046 1175 2104 l

115 2130 172 2191 sed
191 2146 230 2190 ne
244 2148 324 2191 unus
339 2132 431 2213 modo
446 2133 631 2205 consuleris,
648 2134 730 2206 quod
746 2141 809 2193 tum
823 2134 953 2207 eccidit,
974 2137 1082 2212 dignas
1094 2136 1130 2194 illo

115 2213 250 2286 honore,
275 2214 386 2289 dignus
407 2232 442 2275 re
464 2216 587 2290 publica
602 2216 797 2276 inveniretur.
841 2216 1050 2295 Qua'quidem
1064 2233 1131 2280 exre
1172 2232 1175 2267 t

114 2315 257 2372 magnum
277 2298 396 2374 accipio
417 2300 568 2371 dolorem,
590 2299 728 2360 homines
745 2299 947 2373 amplissimis
970 2306 1074 2379 populi
1087 2304 1131 2362 llo
1173 2299 1175 2352 l

114 2382 195 2440 mani
217 2382 375 2443 beneficiis
395 2399 472 2443 usos
492 2383 525 2441 L.
541 2383 682 2444 Pisonem
704 2382 812 2442 ducem
827 2384 966 2458 optimae
986 2388 1131 2465 sententiae
1174 2403 1175 2426 t

114 2480 175 2522 non
211 2474 346 2526 secutos.
386 2465 548 2526 ‘idcircone
570 2454 632 2526 ‘nos
661 2467 800 2542 populus·
821 2467 984 2530 Romanus
1008 2471 1131 2533 consules
1174 2491 1175 2495 ¹

114 2546 206 2620 iecit,
239 2556 273 2607 ut
291 2551 322 2607 in
355 2549 501 2610 altissimo
530 2550 627 2623 gradu
658 2549 810 2625 dignitatis
841 2551 933 2610 locati
962 2571 1029 2614 rem
1055 2549 1131 2630 publi·

115 2645 181 2690 cam
201 2646 257 2704 pro
281 2629 373 2691 nihilo
395 2632 599 2707 haberemust
625 2633 690 2693 Non
711 2635 803 2693 modo
826 2649 903 2693 voce
930 2653 1027 2698 nemo
1051 2639 1081 2698 L.
1097 2633 1131 2695 ri·

115 2712 184 2775 soni
211 2714 402 2787 consularis,
432 2716 489 2775 sed
515 2733 554 2776 ne
583 2718 666 2777 vultu
683 2717 805 2790 quidem
821 2717 980 2782 adsensus
1002 2731 1058 2783 est
1094 2714 1131 2780 15.

115 2798 215 2871 Quae,
234 2798 359 2857 malurn!
384 2806 433 2857 est
446 2794 505 2859 isia
520 2799 690 2861 voluntarie
704 2800 858 2861 servitus?
876 2799 986 2865 Fuerit
1001 2803 1132 2880 quaedam

114 2881 300 2943 necessaria.
342 2881 448 2956 Neque
474 2900 532 2958 ego
554 2883 613 2943 hoc
634 2884 672 2942 ab
696 2882 835 2944 omnibus
850 2882 889 2944 iis
906 2886 1073 2962 desidero,
1090 2882 1129 2960 qui

115 2967 293 3027 sententiam
322 2967 473 3026 consulari
492 2969 563 3027 loco
586 2965 696 3027 dicunt.
745 2966 814 3027 Alia
843 2982 941 3028 causa
964 2979 1014 3032 est
1034 2984 1130 3038 eorum,

115 3065 245 3120 quorum
257 3048 376 3111 silentio
390 3049 533 3124 ignosco:
545 3048 604 3109 alia
614 3064 729 3123 eoram,
741 3067 871 3125 quorum
884 3068 999 3113 vocem
1011 3055 1130 3130 requiro

116 3146 194 3202 quos
217 3133 340 3207 quidem
360 3134 450 3194 doleo
469 3133 499 3192 in
521 3133 728 3207 suspicionem
750 3135 864 3209 populo
879 3135 1023 3197 Romano
1047 3133 1130 3196 venie

116 3226 176 3271 non
195 3217 286 3277 modo
302 3226 415 3289 metus,
430 3216 512 3292 quod
528 3216 629 3290 ipsum
644 3225 729 3277 esset
742 3225 838 3291 turpe,
857 3217 1024 3280 sedaliam
1039 3220 1092 3283 alie
1103 3216 1132 3276 de

117 3306 211 3355 eausa
234 3300 345 3359 deesse
361 3300 496 3375 dignitati
517 3316 601 3360 suae.
643 3301 709 3359 Vll.
724 3299 790 3373 Qua
806 3300 987 3373 reprimam
1004 3303 1132 3364 maximus

115 3376 229 3450 malias
243 3388 275 3439 et
287 3396 346 3454 ago
361 3391 392 3444 et
405 3383 503 3443 habeo
519 3384 552 3441 L.
566 3382 685 3457 Pisoni,
702 3383 753 3458 qui
771 3390 832 3442 non
842 3382 923 3456 quid
934 3385 1062 3448 erficere
1075 3399 1133 3461 pos·
