2356 3854
353 183 435 243 cul.
449 190 564 265 s-rr.
585 188 611 250 t·
625 190 757 245 ua-aa
1011 185 1076 250 aaa

43 333 154 394 relerri
173 335 241 392 volo
253 335 301 392 vel
312 330 506 393 humanitatis
520 333 570 391 vel
586 331 762 392 clementiae
778 334 825 393 vel
838 331 1078 395 misericordiae.

43 415 98 478 80.
112 416 235 488 Causas,
249 417 368 487 caesar,
381 415 429 489 cgi
441 416 549 475 miuus
565 414 708 488 equidem
715 413 909 488 tecum,‘dum
922 422 952 476 te
963 417 994 475 in
1008 417 1078 477 loro

44 497 143 559 tenuit
164 499 240 558 ratio
263 499 413 557 bonorum
433 507 567 567 tuorum,
595 506 678 557 certa
699 512 861 572 nuuuquam
888 498 948 559 boc
967 500 1078 561 modo:

43 580 213 655 Ignoscite,
238 580 370 640 iudicesr
385 579 513 650 erravit,
527 581 635 653 lapsus
649 588 713 650 est,
734 597 796 641 aon
817 581 948 656 patavia
971 582 999 642 si
1014 600 1078 643 um-

46 680 139 737 quam
155 663 292 736 posthac.
335 663 384 722 Ad
400 671 555 738 parentem
569 663 614 722 sic
628 662 679 736 agi
694 665 789 735 solet,
802 664 842 721 ad
856 663 988 724 iudicem
1009 666 1076 726 Non

45 746 126 816 lecit,
142 763 203 804 non
218 745 368 819 cogitavit:
385 745 454 804 lalsi
467 752 578 816 testes,
599 745 703 804 fictum
717 747 840 804 crimen.
860 745 916 805 Dic
936 754 982 816 te,
1002 747 1074 807 Cae-

45 845 108 900 sar,
125 829 163 887 de
178 831 257 889 lacto
272 828 382 902 Ligarii
397 827 528 887 iudicem
539 842 626 887 esser
642 828 754 901 quibus
765 827 796 886 in
810 827 972 902 praesidiis
988 829 1078 892 luerit

46 928 175 986 quaerar
192 920 295 982 taceo,
322 927 359 968 ne
374 910 451 969 haec
466 910 589 984 quidem
604 910 714 984 colligo
724 955 731 981 ,
741 926 830 984 quae
843 912 975 970 loclesse
996 914 1077 971 vale-

43 1003 114 1053 rent
127 993 216 1053 etiam
232 993 314 1066 apud
330 992 474 1051 iudicem
490 992 621 1066 Legatos
635 1002 705 1053 ante
718 993 830 1052 bellum
844 991 1013 1067 proiectus,
1028 1010 1077 1053 rea

44 1077 135 1134 lictus
152 1077 180 1133 in
197 1090 283 1148 pace,
300 1075 381 1133 bello
396 1090 575 1148 oppressus,
591 1074 621 1133 in
637 1091 675 1134 eo
690 1074 761 1149 ipso
776 1089 839 1135 non
855 1074 999 1147 acerbus,
1017 1074 1077 1135 iam

45 1167 94 1219 ast
110 1166 191 1217 totus
203 1159 304 1215 animo
319 1172 356 1215 ac
370 1155 471 1216 studio
482 1165 562 1218 tuus.
583 1158 633 1216 Ad
647 1157 777 1217 iudicem
793 1157 838 1218 sia
852 1158 901 1232 agi
917 1158 1004 1230 salet,
1020 1159 1078 1219 sed

38 1258 105 1315 ego
126 1239 207 1312 apud
223 1248 379 1313 parentem
398 1239 525 1313 loquara
545 1239 680 1312 Erravit,
699 1247 812 1300 temere
828 1241 907 1313 lecit,
925 1239 1076 1315 poeniten

42 1326 86 1382 ad
104 1321 292 1381 clementiam
308 1330 390 1381 tuam
405 1322 561 1396 coniugia,
584 1323 686 1382 delicti
703 1323 822 1383 veniam
840 1333 926 1398 peto,
941 1332 975 1383 ut
989 1324 1075 1397 igno-

27 1410 152 1465 ⁸scatur
169 1419 232 1464 oro.
277 1403 309 1463 Si
322 1419 409 1464 nemo
425 1402 608 1479 impetravit,
627 1407 825 1481 adrogantem
842 1409 869 1467 si
890 1406 1023 1481 plurimi,
1042 1415 1076 1468 tu

44 1488 127 1547 idern
145 1488 190 1544 ler
206 1501 310 1560 opem,
334 1485 385 1561 qui
402 1503 489 1560 spem
504 1487 624 1548 dedisti.
666 1487 717 1550 31.
733 1492 781 1549 An
798 1489 941 1564 sperandi
953 1489 1075 1563 Ligario

46 1586 140 1630 causa
156 1585 216 1628 non
232 1569 284 1639 sit,
310 1586 403 1643 quam
419 1568 491 1629 mihi
507 1570 590 1645 apud
604 1578 634 1631 te
648 1573 736 1632 locus
749 1572 789 1630 sit
803 1572 893 1632 etiam
907 1587 964 1646 pro
979 1575 1075 1632 altero

45 1652 253 1727 deprecandi?
273 1651 460 1726 Quamquam
481 1667 539 1711 nec
554 1652 585 1711 in
598 1653 658 1712 hac
671 1654 808 1713 oratione
823 1670 896 1727 spes
911 1662 959 1713 est
974 1656 1076 1726 posita

46 1749 158 1794 causae
174 1751 230 1793 nec
244 1733 274 1792 in
292 1750 397 1793 eorum
410 1732 533 1806 studiis,
550 1734 602 1808 qui
616 1751 635 1792 a
650 1744 680 1793 te
694 1750 750 1808 pro
764 1735 884 1808 Ligario
899 1743 1016 1809 petunt,
1032 1735 1075 1794 tui

45 1817 222 1876 necessarii.
265 1817 314 1876 XI.
334 1816 404 1875 Vidi
425 1815 505 1874 enim
525 1823 556 1876 et
569 1817 700 1888 cognovi
719 1816 792 1890 quid
808 1817 937 1875 maxime
955 1825 1074 1890 specta-

45 1916 112 1972 res,
130 1916 223 1973 quum
239 1915 292 1972 pro
309 1899 438 1957 alicuius
452 1899 551 1957 salute
564 1898 646 1957 multi
661 1898 849 1959 laborarent:
866 1915 976 1958 causas
991 1899 1075 1973 apuu

45 1991 76 2042 te
85 1982 256 2056 rogantium
268 1981 465 2056 gratiosiores
477 1996 646 2055 essequam
659 1983 768 2052 vultus,
789 1997 888 2055 neque
899 1992 928 2042 te
936 1991 1075 2056 spectare

47 2081 136 2139 quam
158 2073 228 2124 tuus
252 2073 336 2124 esset
362 2063 556 2124 necessarius
578 2063 622 2135 is,
646 2066 696 2138 qul
722 2071 752 2124 te
778 2073 892 2136 oraret,
921 2065 978 2126 sed
995 2080 1076 2140 quae

45 2144 136 2218 illi'us,
157 2164 212 2221 pro
229 2165 289 2220 quo
306 2147 465 2207 laboraret.
507 2147 613 2220 ltaque
636 2146 743 2208 tribuis
766 2153 799 2208 tu
818 2148 941 2222 quidem
957 2149 1017 2208 tuis
1033 2147 1075 2207 ita

46 2231 149 2298 multa,
162 2239 199 2288 ut
214 2229 285 2288 milri
301 2231 453 2290 beatiores
464 2228 508 2288 illi
523 2229 681 2290 videantur
695 2230 853 2300 interdum,
869 2232 921 2305 qui
934 2237 986 2290 tua
1000 2228 1073 2289 libe-

46 2312 164 2371 ralitato
181 2313 327 2386 fruuntur,
345 2330 434 2387 quam
449 2313 572 2386 tuipse,
588 2313 641 2387 qui
654 2312 712 2372 illis
728 2322 788 2372 tam
803 2314 897 2374 multa
910 2312 1074 2373 concedas.

47 2394 109 2455 Sed
123 2395 214 2454 video
229 2404 327 2454 tamen
342 2398 425 2470 apud
439 2404 469 2455 te
486 2411 612 2465 causas,
635 2404 668 2455 at
682 2394 761 2467 dixi,
781 2398 884 2456 ualere
898 2397 968 2470 plus
983 2411 1074 2470 quam

47 2492 167 2552 preces,
183 2479 221 2536 ab
234 2478 333 2551 iisque
345 2488 375 2538 te
388 2478 503 2539 moveri
517 2478 658 2551 maxime,
673 2495 801 2552 quorum
817 2477 1015 2541 iustissimum
1030 2478 1073 2538 vi·

47 2560 122 2621 deas
141 2560 276 2619 dolorem
292 2559 321 2618 in
339 2561 481 2633 petendo.

108 2641 159 2702 32.
180 2643 213 2700 ln
234 2642 267 2714 Q.
282 2640 402 2716 Ligario
425 2645 637 2704 conservando
654 2645 754 2704 multis
773 2652 806 2705 tu
821 2645 943 2720 quidem
957 2652 1075 2719 gratum

46 2726 123 2785 lacis
133 2725 317 2785 necessariis
329 2726 396 2797 tulo,
412 2726 468 2784 sed
480 2726 547 2799 boc,
560 2743 685 2800 quaeso,
698 2726 868 2798 considera,
885 2729 968 2803 quod
980 2728 1073 2786 soles.

9 2818 15 2825 “
44 2806 176 2869 Possum
189 2807 374 2867 fortissimos
384 2806 476 2878 viros,
493 2807 633 2878 Sabinos,
645 2808 698 2868 tibi
712 2809 954 2883 probatissimos,
965 2814 1074 2868 totum·

44 2907 107 2967 que
122 2904 227 2964 agrum
246 2888 535 2961 Sabinum,·ilorcm
557 2888 661 2950 ltaliae
684 2906 729 2967 uc¹
742 2891 836 2951 robur
855 2891 900 2950 rei
922 2887 1074 2964 publicae,

36 2989 228 3050 proponere.
273 2972 358 3033 Nosti
380 2972 514 3047 optimos
534 2970 685 3032 homines.
726 2972 944 3033 Animadverte
964 2971 1075 3031 horum

41 3057 179 3119 omnium
202 3055 381 3115 maestitiam
402 3064 433 3116 ct
452 3055 604 3115 doloremr
624 3052 715 3113 huius
736 3053 767 3115 T.
788 3052 934 3125 Brocchi,
954 3053 1074 3129 dequo

40 3158 107 3201 non
124 3139 228 3199 dubito
243 3140 314 3213 quid
330 3137 504 3210 existimes,
523 3136 663 3197 lacrimas
678 3137 913 3210 squaloremque
929 3133 1029 3212 ipsius
1046 3145 1077 3198 et
1135 3191 1150 3207 ‚

40 3223 99 3282 tilii
124 3223 221 3281 vides.
264 3220 314 3283 33.
335 3221 412 3293 Quid
433 3221 473 3281 de
493 3219 635 3280 iratribus
653 3217 773 3279 dicam?
792 3217 868 3291 Noli,
883 3218 1005 3294 Caesar,
1019 3237 1074 3296 pu·

40 3315 112 3366 tare
133 3304 172 3363 de
189 3306 277 3363 unius
298 3304 397 3378 capite
419 3319 476 3363 nos
492 3318 593 3377 agere.
637 3305 698 3361 Aut
716 3310 780 3363 tres
800 3301 855 3363 tibi
873 3301 985 3377 Ligarii
1005 3303 1075 3375 reti·

11 3384 20 3397 ’
38 3387 141 3448 nendi
157 3387 187 3445 in
204 3388 323 3448 civitate
337 3395 408 3447 sunt
421 3394 474 3446 aut
487 3394 549 3446 tres
560 3401 599 3444 ex
616 3385 979 3467 civitatecxterminandi.
1000 3385 1075 3445 Nam
