<?xml version="1.0" encoding="UTF-8"?>
<!DOCTYPE html PUBLIC "-//W3C//DTD XHTML 1.0 Transitional//EN"
    "http://www.w3.org/TR/xhtml1/DTD/xhtml1-transitional.dtd">
<html xmlns="http://www.w3.org/1999/xhtml" xml:lang="en" lang="en">
 <head>
  <title>
</title>
<meta http-equiv="Content-Type" content="text/html;charset=utf-8" />
  <meta name='ocr-system' content='tesseract 3.04.00' />
  <meta name='ocr-capabilities' content='ocr_page ocr_carea ocr_par ocr_line ocrx_word'/>
</head>
<body>
  <div class='ocr_page' id='page_1' title='image "./mtulliiciceroni08cicegoog_0257.png"; bbox 0 0 2356 3854; ppageno 0'>
   <div class='ocr_carea' id='block_1_1' title="bbox 117 108 1082 237">
    <p class='ocr_par' dir='ltr' id='par_1_1' title="bbox 117 108 1082 237">
     <span class='ocr_line' id='line_1_1' title="bbox 117 108 1082 237; baseline -0.011 -10"><span class='ocrx_word' id='word_1_1' title='bbox 117 163 186 237; x_wconf 68' lang='lat' dir='ltr'><strong>‚aaa</strong></span> <span class='ocrx_word' id='word_1_2' title='bbox 424 159 498 221; x_wconf 78' lang='lat' dir='ltr'><strong>rao</strong></span> <span class='ocrx_word' id='word_1_3' title='bbox 514 160 545 218; x_wconf 81' lang='lat' dir='ltr'><strong>r.</strong></span> <span class='ocrx_word' id='word_1_4' title='bbox 564 160 690 220; x_wconf 80' lang='lat' dir='ltr'><strong>suum</strong></span> <span class='ocrx_word' id='word_1_5' title='bbox 707 158 858 219; x_wconf 75' lang='lat' dir='ltr'><strong>caurio.</strong></span> <span class='ocrx_word' id='word_1_6' title='bbox 956 162 964 172; x_wconf 47' lang='lat'>⁸</span> <span class='ocrx_word' id='word_1_7' title='bbox 1077 108 1082 115; x_wconf 40' lang='lat'><strong>¹</strong></span> 
     </span>
    </p>
   </div>
   <div class='ocr_carea' id='block_1_2' title="bbox 123 307 1178 2134">
    <p class='ocr_par' dir='ltr' id='par_1_2' title="bbox 123 307 1178 2134">
     <span class='ocr_line' id='line_1_2' title="bbox 127 307 1174 384; baseline -0.005 -12"><span class='ocrx_word' id='word_1_8' title='bbox 127 312 219 373; x_wconf 89' lang='lat' dir='ltr'><strong>nolite</strong></span> <span class='ocrx_word' id='word_1_9' title='bbox 233 309 324 370; x_wconf 85' lang='lat' dir='ltr'><strong>armis</strong></span> <span class='ocrx_word' id='word_1_10' title='bbox 340 310 404 370; x_wconf 89' lang='lat' dir='ltr'><strong>suis</strong></span> <span class='ocrx_word' id='word_1_11' title='bbox 419 311 578 384; x_wconf 75' lang='lat' dir='ltr'><strong>spoliatam</strong></span> <span class='ocrx_word' id='word_1_12' title='bbox 597 317 690 383; x_wconf 86' lang='lat' dir='ltr'><strong>atque</strong></span> <span class='ocrx_word' id='word_1_13' title='bbox 704 308 845 368; x_wconf 87' lang='lat' dir='ltr'><strong>nudatam</strong></span> <span class='ocrx_word' id='word_1_14' title='bbox 862 307 998 369; x_wconf 85' lang='lat' dir='ltr'><strong>obiicere</strong></span> <span class='ocrx_word' id='word_1_15' title='bbox 1011 308 1129 384; x_wconf 75' lang='lat' dir='ltr'><strong>invidiae,</strong></span> <span class='ocrx_word' id='word_1_16' title='bbox 1171 358 1174 367; x_wconf 89' lang='lat'><em>.</em></span> 
     </span>
     <span class='ocr_line' id='line_1_3' title="bbox 127 391 1174 467; baseline -0.001 -13"><span class='ocrx_word' id='word_1_17' title='bbox 127 395 240 454; x_wconf 80' lang='lat' dir='ltr'><strong>dedere</strong></span> <span class='ocrx_word' id='word_1_18' title='bbox 255 391 433 467; x_wconf 90' lang='lat' dir='ltr'><strong>suspicioni.</strong></span> <span class='ocrx_word' id='word_1_19' title='bbox 461 391 575 451; x_wconf 89' lang='lat' dir='ltr'><strong>Munite</strong></span> <span class='ocrx_word' id='word_1_20' title='bbox 590 407 780 451; x_wconf 89' lang='lat' dir='ltr'><strong>communem</strong></span> <span class='ocrx_word' id='word_1_21' title='bbox 795 405 896 449; x_wconf 88' lang='lat' dir='ltr'><strong>arcem</strong></span> <span class='ocrx_word' id='word_1_22' title='bbox 911 392 1073 467; x_wconf 90' lang='lat' dir='ltr'><strong>bonorum,</strong></span> <span class='ocrx_word' id='word_1_23' title='bbox 1091 393 1130 453; x_wconf 81' lang='lat' dir='ltr'><strong>ob</strong></span> <span class='ocrx_word' id='word_1_24' title='bbox 1171 391 1174 397; x_wconf 85' lang='lat'>&#39;</span> 
     </span>
     <span class='ocr_line' id='line_1_4' title="bbox 127 473 1173 550; baseline 0.001 -13"><span class='ocrx_word' id='word_1_25' title='bbox 127 475 232 537; x_wconf 82' lang='lat' dir='ltr'><strong>struite</strong></span> <span class='ocrx_word' id='word_1_26' title='bbox 252 474 390 550; x_wconf 77' lang='lat' dir='ltr'><strong>perfugia</strong></span> <span class='ocrx_word' id='word_1_27' title='bbox 411 474 630 549; x_wconf 71' lang='lat' dir='ltr'><strong>improborum</strong></span> <span class='ocrx_word' id='word_1_28' title='bbox 658 475 756 533; x_wconf 87' lang='lat' dir='ltr'><strong>valeat</strong></span> <span class='ocrx_word' id='word_1_29' title='bbox 770 473 809 531; x_wconf 91' lang='lat' dir='ltr'><strong>ad</strong></span> <span class='ocrx_word' id='word_1_30' title='bbox 829 488 960 546; x_wconf 88' lang='lat' dir='ltr'><strong>poenam</strong></span> <span class='ocrx_word' id='word_1_31' title='bbox 974 482 1005 535; x_wconf 87' lang='lat' dir='ltr'><strong>et</strong></span> <span class='ocrx_word' id='word_1_32' title='bbox 1018 475 1056 534; x_wconf 85' lang='lat' dir='ltr'><strong>ad</strong></span> <span class='ocrx_word' id='word_1_33' title='bbox 1069 477 1130 535; x_wconf 81' lang='lat' dir='ltr'><strong>suu</strong></span> <span class='ocrx_word' id='word_1_34' title='bbox 1170 534 1173 539; x_wconf 88' lang='lat'>.</span> 
     </span>
     <span class='ocr_line' id='line_1_5' title="bbox 125 554 1176 632; baseline 0.003 -14"><span class='ocrx_word' id='word_1_35' title='bbox 125 568 185 619; x_wconf 89' lang='lat' dir='ltr'><strong>tem</strong></span> <span class='ocrx_word' id='word_1_36' title='bbox 199 556 376 632; x_wconf 88' lang='lat' dir='ltr'><strong>plurimum,</strong></span> <span class='ocrx_word' id='word_1_37' title='bbox 398 573 487 631; x_wconf 88' lang='lat' dir='ltr'><strong>qnam</strong></span> <span class='ocrx_word' id='word_1_38' title='bbox 508 558 605 616; x_wconf 88' lang='lat' dir='ltr'><strong>solam</strong></span> <span class='ocrx_word' id='word_1_39' title='bbox 621 555 728 615; x_wconf 86' lang='lat' dir='ltr'><strong>videtis</strong></span> <span class='ocrx_word' id='word_1_40' title='bbox 748 555 846 629; x_wconf 83' lang='lat' dir='ltr'><strong>ipsam</strong></span> <span class='ocrx_word' id='word_1_41' title='bbox 862 571 903 614; x_wconf 88' lang='lat' dir='ltr'><strong>ex</strong></span> <span class='ocrx_word' id='word_1_42' title='bbox 918 573 975 616; x_wconf 90' lang='lat' dir='ltr'><strong>sua</strong></span> <span class='ocrx_word' id='word_1_43' title='bbox 988 559 1130 618; x_wconf 83' lang='lat' dir='ltr'><strong>naturale·</strong></span> <span class='ocrx_word' id='word_1_44' title='bbox 1170 554 1176 621; x_wconf 78' lang='lat'>1</span> 
     </span>
     <span class='ocr_line' id='line_1_6' title="bbox 127 637 1175 716; baseline -0.003 -16"><span class='ocrx_word' id='word_1_45' title='bbox 127 639 235 701; x_wconf 86' lang='lat' dir='ltr'><strong>oillime</strong></span> <span class='ocrx_word' id='word_1_46' title='bbox 249 640 398 716; x_wconf 81' lang='lat' dir='ltr'><strong>perspici,</strong></span> <span class='ocrx_word' id='word_1_47' title='bbox 416 639 515 700; x_wconf 90' lang='lat' dir='ltr'><strong>subito</strong></span> <span class='ocrx_word' id='word_1_48' title='bbox 530 637 611 698; x_wconf 75' lang='lat' dir='ltr'><strong>flecti</strong></span> <span class='ocrx_word' id='word_1_49' title='bbox 626 639 760 713; x_wconf 84' lang='lat' dir='ltr'><strong>fingique</strong></span> <span class='ocrx_word' id='word_1_50' title='bbox 775 654 835 698; x_wconf 92' lang='lat' dir='ltr'><strong>non</strong></span> <span class='ocrx_word' id='word_1_51' title='bbox 851 654 957 713; x_wconf 91' lang='lat' dir='ltr'><strong>posse.</strong></span> <span class='ocrx_word' id='word_1_52' title='bbox 1172 692 1175 697; x_wconf 87' lang='lat'>.</span> 
     </span>
     <span class='ocr_line' id='line_1_7' title="bbox 209 719 1171 799; baseline -0.002 -15"><span class='ocrx_word' id='word_1_53' title='bbox 209 723 312 783; x_wconf 85' lang='lat' dir='ltr'>XXIX.</span> <span class='ocrx_word' id='word_1_54' title='bbox 326 722 376 786; x_wconf 82' lang='grc'><strong>80.</strong></span> <span class='ocrx_word' id='word_1_55' title='bbox 399 721 476 795; x_wconf 77' lang='lat' dir='ltr'><strong>Quid</strong></span> <span class='ocrx_word' id='word_1_56' title='bbox 493 728 588 781; x_wconf 71' lang='lat' dir='ltr'><strong>vero?</strong></span> <span class='ocrx_word' id='word_1_57' title='bbox 613 721 689 779; x_wconf 88' lang='lat' dir='ltr'><strong>hacc</strong></span> <span class='ocrx_word' id='word_1_58' title='bbox 704 719 868 780; x_wconf 76' lang='lat' dir='ltr'><strong>auctoritas</strong></span> <span class='ocrx_word' id='word_1_59' title='bbox 882 752 926 766; x_wconf 90' lang='lat'><em>-</em></span> <span class='ocrx_word' id='word_1_60' title='bbox 939 738 1061 799; x_wconf 86' lang='lat' dir='ltr'><strong>semper</strong></span> <span class='ocrx_word' id='word_1_61' title='bbox 1071 721 1132 783; x_wconf 88' lang='lat' dir='ltr'><strong>enin</strong></span> <span class='ocrx_word' id='word_1_62' title='bbox 1169 786 1171 795; x_wconf 65' lang='grc'>,</span> 
     </span>
     <span class='ocr_line' id='line_1_8' title="bbox 126 802 1169 880; baseline -0.002 -15"><span class='ocrx_word' id='word_1_63' title='bbox 126 806 165 865; x_wconf 91' lang='lat' dir='ltr'><strong>de</strong></span> <span class='ocrx_word' id='word_1_64' title='bbox 182 822 219 865; x_wconf 93' lang='lat' dir='ltr'><strong>ea</strong></span> <span class='ocrx_word' id='word_1_65' title='bbox 236 805 397 866; x_wconf 88' lang='lat' dir='ltr'><strong>dicendum</strong></span> <span class='ocrx_word' id='word_1_66' title='bbox 419 812 480 877; x_wconf 85' lang='lat' dir='ltr'><strong>est,</strong></span> <span class='ocrx_word' id='word_1_67' title='bbox 501 819 683 878; x_wconf 89' lang='lat' dir='ltr'><strong>quamquam</strong></span> <span class='ocrx_word' id='word_1_68' title='bbox 698 819 717 861; x_wconf 89' lang='lat' dir='ltr'><strong>a</strong></span> <span class='ocrx_word' id='word_1_69' title='bbox 731 819 780 861; x_wconf 88' lang='lat' dir='ltr'><strong>rne</strong></span> <span class='ocrx_word' id='word_1_70' title='bbox 795 802 898 863; x_wconf 87' lang='lat' dir='ltr'><strong>timide</strong></span> <span class='ocrx_word' id='word_1_71' title='bbox 912 804 1091 880; x_wconf 84' lang='lat' dir='ltr'><strong>modiceque</strong></span> <span class='ocrx_word' id='word_1_72' title='bbox 1101 804 1131 864; x_wconf 92' lang='lat' dir='ltr'><strong>di·</strong></span> <span class='ocrx_word' id='word_1_73' title='bbox 1168 857 1169 860; x_wconf 71' lang='grc'>,</span> 
     </span>
     <span class='ocr_line' id='line_1_9' title="bbox 126 885 1178 972; baseline -0.002 -24"><span class='ocrx_word' id='word_1_74' title='bbox 126 897 210 949; x_wconf 83' lang='lat' dir='ltr'><strong>cetur</strong></span> <span class='ocrx_word' id='word_1_75' title='bbox 223 919 272 960; x_wconf 90' lang='lat'><strong>--,</strong></span> <span class='ocrx_word' id='word_1_76' title='bbox 291 887 373 963; x_wconf 90' lang='lat' dir='ltr'><strong>quid,</strong></span> <span class='ocrx_word' id='word_1_77' title='bbox 389 886 612 962; x_wconf 90' lang='lat' dir='ltr'><strong>inquam,·haec</strong></span> <span class='ocrx_word' id='word_1_78' title='bbox 623 885 787 945; x_wconf 88' lang='lat' dir='ltr'><strong>auotoritas</strong></span> <span class='ocrx_word' id='word_1_79' title='bbox 799 894 913 959; x_wconf 88' lang='lat' dir='ltr'><strong>nostra,</strong></span> <span class='ocrx_word' id='word_1_80' title='bbox 930 887 985 961; x_wconf 90' lang='lat' dir='ltr'><strong>qni</strong></span> <span class='ocrx_word' id='word_1_81' title='bbox 996 905 1015 947; x_wconf 93' lang='lat' dir='ltr'><strong>a</strong></span> <span class='ocrx_word' id='word_1_82' title='bbox 1025 887 1132 949; x_wconf 79' lang='lat' dir='ltr'><strong>caeteris</strong></span> <span class='ocrx_word' id='word_1_83' title='bbox 1177 948 1178 972; x_wconf 14' lang='grc' dir='ltr'><strong>χ</strong></span> 
     </span>
     <span class='ocr_line' id='line_1_10' title="bbox 125 967 1173 1046; baseline -0.001 -15"><span class='ocrx_word' id='word_1_84' title='bbox 125 970 343 1032; x_wconf 85' lang='lat' dir='ltr'><strong>coniurationis</strong></span> <span class='ocrx_word' id='word_1_85' title='bbox 357 970 457 1029; x_wconf 89' lang='lat' dir='ltr'><strong>causis</strong></span> <span class='ocrx_word' id='word_1_86' title='bbox 470 969 679 1040; x_wconf 87' lang='lat' dir='ltr'><strong>abstinuimus,</strong></span> <span class='ocrx_word' id='word_1_87' title='bbox 693 968 724 1027; x_wconf 92' lang='lat' dir='ltr'><strong>P.</strong></span> <span class='ocrx_word' id='word_1_88' title='bbox 738 967 852 1028; x_wconf 87' lang='lat' dir='ltr'><strong>Sullam</strong></span> <span class='ocrx_word' id='word_1_89' title='bbox 863 969 1067 1046; x_wconf 79' lang='lat' dir='ltr'><strong>defendimus,</strong></span> <span class='ocrx_word' id='word_1_90' title='bbox 1078 968 1133 1030; x_wconf 84' lang='lat' dir='ltr'><strong>uiti</strong></span> <span class='ocrx_word' id='word_1_91' title='bbox 1169 1028 1173 1042; x_wconf 53' lang='lat'><strong>,</strong></span> 
     </span>
     <span class='ocr_line' id='line_1_11' title="bbox 125 1050 1178 1139; baseline -0.003 -25"><span class='ocrx_word' id='word_1_92' title='bbox 125 1055 204 1114; x_wconf 90' lang='lat' dir='ltr'><strong>huno</strong></span> <span class='ocrx_word' id='word_1_93' title='bbox 216 1054 338 1114; x_wconf 90' lang='lat' dir='ltr'><strong>tandem</strong></span> <span class='ocrx_word' id='word_1_94' title='bbox 348 1052 484 1112; x_wconf 65' lang='lat' dir='ltr'><strong>iuvabit?</strong></span> <span class='ocrx_word' id='word_1_95' title='bbox 505 1053 602 1111; x_wconf 89' lang='lat' dir='ltr'><strong>Grave</strong></span> <span class='ocrx_word' id='word_1_96' title='bbox 614 1058 661 1110; x_wconf 90' lang='lat' dir='ltr'><strong>est</strong></span> <span class='ocrx_word' id='word_1_97' title='bbox 671 1051 730 1110; x_wconf 91' lang='lat' dir='ltr'><strong>hoo</strong></span> <span class='ocrx_word' id='word_1_98' title='bbox 741 1050 854 1111; x_wconf 90' lang='lat' dir='ltr'><strong>dictum</strong></span> <span class='ocrx_word' id='word_1_99' title='bbox 865 1052 1009 1125; x_wconf 79' lang='lat' dir='ltr'><strong>tortasse,</strong></span> <span class='ocrx_word' id='word_1_100' title='bbox 1020 1053 1133 1113; x_wconf 77' lang='lat' dir='ltr'><strong>iudices:</strong></span> <span class='ocrx_word' id='word_1_101' title='bbox 1169 1058 1178 1139; x_wconf 66' lang='lat' dir='ltr'><strong>l</strong></span> 
     </span>
     <span class='ocr_line' id='line_1_12' title="bbox 125 1126 1178 1211; baseline 0.003 -16"><span class='ocrx_word' id='word_1_102' title='bbox 125 1153 228 1211; x_wconf 81' lang='lat' dir='ltr'><strong>grave,</strong></span> <span class='ocrx_word' id='word_1_103' title='bbox 245 1136 269 1196; x_wconf 94' lang='lat' dir='ltr'><strong>si</strong></span> <span class='ocrx_word' id='word_1_104' title='bbox 286 1134 457 1209; x_wconf 85' lang='lat' dir='ltr'><strong>appetimus</strong></span> <span class='ocrx_word' id='word_1_105' title='bbox 472 1133 602 1208; x_wconf 74' lang='lat' dir='ltr'><strong>aliquid:</strong></span> <span class='ocrx_word' id='word_1_106' title='bbox 620 1134 646 1194; x_wconf 92' lang='lat' dir='ltr'><strong>si</strong></span> <span class='ocrx_word' id='word_1_107' title='bbox 661 1151 754 1209; x_wconf 91' lang='lat' dir='ltr'><strong>quum</strong></span> <span class='ocrx_word' id='word_1_108' title='bbox 769 1133 881 1194; x_wconf 85' lang='lat' dir='ltr'><strong>caeteri</strong></span> <span class='ocrx_word' id='word_1_109' title='bbox 895 1135 934 1194; x_wconf 91' lang='lat' dir='ltr'><strong>de</strong></span> <span class='ocrx_word' id='word_1_110' title='bbox 948 1136 1041 1195; x_wconf 91' lang='lat' dir='ltr'><strong>uobis</strong></span> <span class='ocrx_word' id='word_1_111' title='bbox 1055 1135 1134 1199; x_wconf 83' lang='lat' dir='ltr'><strong>sient</strong></span> <span class='ocrx_word' id='word_1_112' title='bbox 1169 1126 1178 1208; x_wconf 72' lang='lat' dir='ltr'><strong>l]</strong></span> 
     </span>
     <span class='ocr_line' id='line_1_13' title="bbox 125 1201 1178 1307; baseline -0.003 -30"><span class='ocrx_word' id='word_1_113' title='bbox 125 1236 185 1278; x_wconf 94' lang='lat' dir='ltr'><strong>non</strong></span> <span class='ocrx_word' id='word_1_114' title='bbox 197 1218 290 1278; x_wconf 54' lang='lat' dir='ltr'><strong>&lt;etiam</strong></span> <span class='ocrx_word' id='word_1_115' title='bbox 305 1224 424 1276; x_wconf 91' lang='lat' dir='ltr'><strong>nosmet</strong></span> <span class='ocrx_word' id='word_1_116' title='bbox 437 1216 497 1290; x_wconf 88' lang='lat' dir='ltr'><strong>ipsi</strong></span> <span class='ocrx_word' id='word_1_117' title='bbox 510 1224 662 1289; x_wconf 88' lang='lat' dir='ltr'><strong>tacemus,</strong></span> <span class='ocrx_word' id='word_1_118' title='bbox 682 1232 789 1290; x_wconf 80' lang='lat' dir='ltr'><strong>grave:</strong></span> <span class='ocrx_word' id='word_1_119' title='bbox 811 1218 884 1289; x_wconf 87' lang='lat' dir='ltr'><strong>sed,</strong></span> <span class='ocrx_word' id='word_1_120' title='bbox 901 1216 929 1276; x_wconf 93' lang='lat' dir='ltr'><strong>si</strong></span> <span class='ocrx_word' id='word_1_121' title='bbox 941 1218 1100 1293; x_wconf 87' lang='lat' dir='ltr'><strong>laedimur,</strong></span> <span class='ocrx_word' id='word_1_122' title='bbox 1112 1214 1131 1276; x_wconf 83' lang='lat' dir='ltr'><strong>ti</strong></span> <span class='ocrx_word' id='word_1_123' title='bbox 1168 1201 1178 1307; x_wconf 56' lang='grc' dir='ltr'>ᾗ</span> 
     </span>
     <span class='ocr_line' id='line_1_14' title="bbox 125 1297 1178 1380; baseline -0.002 -21"><span class='ocrx_word' id='word_1_124' title='bbox 125 1315 317 1373; x_wconf 89' lang='lat' dir='ltr'><strong>accusamur,</strong></span> <span class='ocrx_word' id='word_1_125' title='bbox 333 1297 405 1358; x_wconf 87' lang='lat' dir='ltr'><strong>siin</strong></span> <span class='ocrx_word' id='word_1_126' title='bbox 420 1297 562 1358; x_wconf 89' lang='lat' dir='ltr'><strong>invidiam</strong></span> <span class='ocrx_word' id='word_1_127' title='bbox 577 1315 736 1370; x_wconf 87' lang='lat' dir='ltr'><strong>vocamur,</strong></span> <span class='ocrx_word' id='word_1_128' title='bbox 757 1300 895 1374; x_wconf 89' lang='lat' dir='ltr'><strong>prolecto</strong></span> <span class='ocrx_word' id='word_1_129' title='bbox 911 1297 1132 1374; x_wconf 84' lang='lat' dir='ltr'><strong>conceditis‚iu</strong></span> <span class='ocrx_word' id='word_1_130' title='bbox 1176 1361 1178 1380; x_wconf 20' lang='grc' dir='ltr'><strong><em>τ</em></strong></span> 
     </span>
     <span class='ocr_line' id='line_1_15' title="bbox 126 1378 1132 1455; baseline 0 -14"><span class='ocrx_word' id='word_1_131' title='bbox 126 1383 225 1453; x_wconf 88' lang='lat' dir='ltr'><strong>dices,</strong></span> <span class='ocrx_word' id='word_1_132' title='bbox 248 1389 282 1441; x_wconf 89' lang='lat' dir='ltr'><strong>ut</strong></span> <span class='ocrx_word' id='word_1_133' title='bbox 294 1380 383 1441; x_wconf 91' lang='lat' dir='ltr'><strong>nobis</strong></span> <span class='ocrx_word' id='word_1_134' title='bbox 398 1381 565 1441; x_wconf 89' lang='lat' dir='ltr'><strong>libertatem</strong></span> <span class='ocrx_word' id='word_1_135' title='bbox 578 1381 710 1441; x_wconf 84' lang='lat' dir='ltr'><strong>retinere</strong></span> <span class='ocrx_word' id='word_1_136' title='bbox 725 1380 828 1455; x_wconf 89' lang='lat' dir='ltr'><strong>liccat,</strong></span> <span class='ocrx_word' id='word_1_137' title='bbox 848 1381 991 1444; x_wconf 90' lang='lat' dir='ltr'><strong>siminus</strong></span> <span class='ocrx_word' id='word_1_138' title='bbox 1006 1385 1093 1444; x_wconf 89' lang='lat' dir='ltr'><strong>liceat</strong></span> <span class='ocrx_word' id='word_1_139' title='bbox 1103 1378 1132 1441; x_wconf 87' lang='lat' dir='ltr'><strong>di·</strong></span> 
     </span>
     <span class='ocr_line' id='line_1_16' title="bbox 125 1461 1172 1540; baseline 0.007 -18"><span class='ocrx_word' id='word_1_140' title='bbox 125 1463 276 1540; x_wconf 82' lang='lat' dir='ltr'><strong>gnitatem.</strong></span> <span class='ocrx_word' id='word_1_141' title='bbox 307 1461 358 1524; x_wconf 78' lang='lat'><strong>81.</strong></span> <span class='ocrx_word' id='word_1_142' title='bbox 380 1464 524 1524; x_wconf 85' lang='lat' dir='ltr'><strong>Accusati</strong></span> <span class='ocrx_word' id='word_1_143' title='bbox 539 1471 609 1523; x_wconf 91' lang='lat' dir='ltr'><strong>sunt</strong></span> <span class='ocrx_word' id='word_1_144' title='bbox 623 1481 684 1524; x_wconf 90' lang='lat' dir='ltr'><strong>uno</strong></span> <span class='ocrx_word' id='word_1_145' title='bbox 700 1463 821 1524; x_wconf 91' lang='lat' dir='ltr'><strong>nomine</strong></span> <span class='ocrx_word' id='word_1_146' title='bbox 836 1468 1033 1537; x_wconf 89' lang='lat' dir='ltr'><strong>consulares,</strong></span> <span class='ocrx_word' id='word_1_147' title='bbox 1048 1472 1080 1527; x_wconf 86' lang='lat' dir='ltr'><strong>ut</strong></span> <span class='ocrx_word' id='word_1_148' title='bbox 1090 1463 1133 1524; x_wconf 82' lang='lat' dir='ltr'><strong>ian</strong></span> <span class='ocrx_word' id='word_1_149' title='bbox 1171 1526 1172 1529; x_wconf 74' lang='grc'>,</span> 
     </span>
     <span class='ocr_line' id='line_1_17' title="bbox 126 1545 1132 1625; baseline 0.004 -20"><span class='ocrx_word' id='word_1_150' title='bbox 126 1547 262 1607; x_wconf 87' lang='lat' dir='ltr'><strong>videatur</strong></span> <span class='ocrx_word' id='word_1_151' title='bbox 275 1545 401 1607; x_wconf 90' lang='lat' dir='ltr'><strong>honoris</strong></span> <span class='ocrx_word' id='word_1_152' title='bbox 413 1545 591 1621; x_wconf 88' lang='lat' dir='ltr'><strong>amplissimi</strong></span> <span class='ocrx_word' id='word_1_153' title='bbox 605 1563 713 1607; x_wconf 91' lang='lat' dir='ltr'><strong>nomen</strong></span> <span class='ocrx_word' id='word_1_154' title='bbox 728 1549 796 1621; x_wconf 91' lang='lat' dir='ltr'><strong>plus</strong></span> <span class='ocrx_word' id='word_1_155' title='bbox 808 1547 941 1607; x_wconf 91' lang='lat' dir='ltr'><strong>invidiae</strong></span> <span class='ocrx_word' id='word_1_156' title='bbox 954 1565 1047 1625; x_wconf 87' lang='lat' dir='ltr'><strong>qnam</strong></span> <span class='ocrx_word' id='word_1_157' title='bbox 1058 1545 1132 1623; x_wconf 75' lang='lat' dir='ltr'><strong>digni·</strong></span> 
     </span>
     <span class='ocr_line' id='line_1_18' title="bbox 125 1628 1132 1705; baseline -0.002 -15"><span class='ocrx_word' id='word_1_158' title='bbox 125 1629 194 1690; x_wconf 88' lang='lat' dir='ltr'><strong>tatis</strong></span> <span class='ocrx_word' id='word_1_159' title='bbox 204 1630 333 1689; x_wconf 88' lang='lat' dir='ltr'><strong>adlerre.</strong></span> <span class='ocrx_word' id='word_1_160' title='bbox 354 1630 534 1699; x_wconf 80' lang='lat' dir='ltr'><strong>Adsuetum,</strong></span> <span class='ocrx_word' id='word_1_161' title='bbox 549 1628 654 1704; x_wconf 89' lang='lat' dir='ltr'><strong>inquit,</strong></span> <span class='ocrx_word' id='word_1_162' title='bbox 670 1629 813 1690; x_wconf 72' lang='lat' dir='ltr'><strong>Catilinae</strong></span> <span class='ocrx_word' id='word_1_163' title='bbox 824 1630 972 1705; x_wconf 92' lang='lat' dir='ltr'><strong>illumque</strong></span> <span class='ocrx_word' id='word_1_164' title='bbox 983 1632 1132 1692; x_wconf 79' lang='lat' dir='ltr'><strong>laudarunt</strong></span> 
     </span>
     <span class='ocr_line' id='line_1_19' title="bbox 124 1709 1170 1788; baseline 0.002 -16"><span class='ocrx_word' id='word_1_165' title='bbox 124 1713 210 1773; x_wconf 86' lang='lat' dir='ltr'><strong>Nulla</strong></span> <span class='ocrx_word' id='word_1_166' title='bbox 230 1721 290 1773; x_wconf 90' lang='lat' dir='ltr'><strong>tum</strong></span> <span class='ocrx_word' id='word_1_167' title='bbox 312 1714 449 1788; x_wconf 87' lang='lat' dir='ltr'><strong>patebat,</strong></span> <span class='ocrx_word' id='word_1_168' title='bbox 470 1713 552 1772; x_wconf 92' lang='lat' dir='ltr'><strong>nulla</strong></span> <span class='ocrx_word' id='word_1_169' title='bbox 573 1721 636 1772; x_wconf 86' lang='lat' dir='ltr'><strong>erat</strong></span> <span class='ocrx_word' id='word_1_170' title='bbox 656 1712 776 1787; x_wconf 83' lang='lat' dir='ltr'><strong>cognita</strong></span> <span class='ocrx_word' id='word_1_171' title='bbox 797 1713 982 1775; x_wconf 81' lang='lat' dir='ltr'><strong>coniuratio:</strong></span> <span class='ocrx_word' id='word_1_172' title='bbox 1009 1714 1132 1775; x_wconf 80' lang='lat' dir='ltr'><strong>delente</strong></span> <span class='ocrx_word' id='word_1_173' title='bbox 1169 1709 1170 1712; x_wconf 66' lang='grc'>’</span> 
     </span>
     <span class='ocr_line' id='line_1_20' title="bbox 123 1793 1133 1872; baseline -0.003 -16"><span class='ocrx_word' id='word_1_174' title='bbox 123 1796 196 1856; x_wconf 90' lang='lat' dir='ltr'><strong>bant</strong></span> <span class='ocrx_word' id='word_1_175' title='bbox 214 1796 356 1870; x_wconf 89' lang='lat' dir='ltr'><strong>amicum,</strong></span> <span class='ocrx_word' id='word_1_176' title='bbox 384 1796 510 1856; x_wconf 80' lang='lat' dir='ltr'><strong>aderant</strong></span> <span class='ocrx_word' id='word_1_177' title='bbox 531 1793 679 1870; x_wconf 88' lang='lat' dir='ltr'><strong>supplici,</strong></span> <span class='ocrx_word' id='word_1_178' title='bbox 705 1795 786 1855; x_wconf 88' lang='lat' dir='ltr'><strong>vitae</strong></span> <span class='ocrx_word' id='word_1_179' title='bbox 806 1795 872 1857; x_wconf 90' lang='lat' dir='ltr'><strong>eius</strong></span> <span class='ocrx_word' id='word_1_180' title='bbox 888 1794 1133 1872; x_wconf 84' lang='lat' dir='ltr'><strong>turpitudiuemio</strong></span> 
     </span>
     <span class='ocr_line' id='line_1_21' title="bbox 125 1878 1133 1956; baseline 0.003 -18"><span class='ocrx_word' id='word_1_181' title='bbox 125 1878 250 1939; x_wconf 89' lang='lat' dir='ltr'><strong>suinmis</strong></span> <span class='ocrx_word' id='word_1_182' title='bbox 265 1879 332 1939; x_wconf 92' lang='lat' dir='ltr'><strong>eius</strong></span> <span class='ocrx_word' id='word_1_183' title='bbox 347 1878 489 1953; x_wconf 89' lang='lat' dir='ltr'><strong>periculis</strong></span> <span class='ocrx_word' id='word_1_184' title='bbox 501 1896 562 1939; x_wconf 92' lang='lat' dir='ltr'><strong>non</strong></span> <span class='ocrx_word' id='word_1_185' title='bbox 572 1879 818 1951; x_wconf 88' lang='lat' dir='ltr'><strong>insequebantur.</strong></span> <span class='ocrx_word' id='word_1_186' title='bbox 849 1878 925 1952; x_wconf 82' lang='lat' dir='ltr'><strong>Quin</strong></span> <span class='ocrx_word' id='word_1_187' title='bbox 938 1880 1031 1941; x_wconf 91' lang='lat' dir='ltr'><strong>etiam</strong></span> <span class='ocrx_word' id='word_1_188' title='bbox 1042 1892 1133 1956; x_wconf 81' lang='lat' dir='ltr'><strong>parens</strong></span> 
     </span>
     <span class='ocr_line' id='line_1_22' title="bbox 124 1953 1178 2037; baseline 0 -15"><span class='ocrx_word' id='word_1_189' title='bbox 124 1971 208 2032; x_wconf 90' lang='lat' dir='ltr'><strong>tuus,</strong></span> <span class='ocrx_word' id='word_1_190' title='bbox 228 1961 396 2035; x_wconf 87' lang='lat' dir='ltr'><strong>Torquate,</strong></span> <span class='ocrx_word' id='word_1_191' title='bbox 419 1963 528 2020; x_wconf 89' lang='lat' dir='ltr'><strong>consul</strong></span> <span class='ocrx_word' id='word_1_192' title='bbox 540 1978 593 2021; x_wconf 92' lang='lat' dir='ltr'><strong>reo</strong></span> <span class='ocrx_word' id='word_1_193' title='bbox 611 1960 649 2019; x_wconf 89' lang='lat' dir='ltr'><strong>de</strong></span> <span class='ocrx_word' id='word_1_194' title='bbox 664 1960 801 2036; x_wconf 87' lang='lat' dir='ltr'><strong>pecuniis</strong></span> <span class='ocrx_word' id='word_1_195' title='bbox 815 1963 994 2037; x_wconf 80' lang='lat' dir='ltr'><strong>repetundis</strong></span> <span class='ocrx_word' id='word_1_196' title='bbox 1010 1962 1133 2024; x_wconf 78' lang='lat' dir='ltr'><strong>Catilinae</strong></span> <span class='ocrx_word' id='word_1_197' title='bbox 1168 1953 1178 2022; x_wconf 86' lang='lat' dir='ltr'><strong>l&#39;</strong></span> 
     </span>
     <span class='ocr_line' id='line_1_23' title="bbox 125 2029 1178 2134; baseline 0.001 -31"><span class='ocrx_word' id='word_1_198' title='bbox 125 2044 180 2104; x_wconf 89' lang='lat' dir='ltr'><strong>luit</strong></span> <span class='ocrx_word' id='word_1_199' title='bbox 194 2045 372 2116; x_wconf 85' lang='lat' dir='ltr'><strong>advocatus,</strong></span> <span class='ocrx_word' id='word_1_200' title='bbox 389 2042 528 2118; x_wconf 88' lang='lat' dir='ltr'><strong>improbo</strong></span> <span class='ocrx_word' id='word_1_201' title='bbox 542 2042 665 2116; x_wconf 91' lang='lat' dir='ltr'><strong>homini,</strong></span> <span class='ocrx_word' id='word_1_202' title='bbox 683 2052 714 2103; x_wconf 88' lang='lat' dir='ltr'><strong>at</strong></span> <span class='ocrx_word' id='word_1_203' title='bbox 729 2043 869 2118; x_wconf 89' lang='lat' dir='ltr'><strong>supplici,</strong></span> <span class='ocrx_word' id='word_1_204' title='bbox 887 2036 1021 2106; x_wconf 80' lang='lat' dir='ltr'><strong>tortasse</strong></span> <span class='ocrx_word' id='word_1_205' title='bbox 1035 2041 1132 2113; x_wconf 79' lang='lat' dir='ltr'><strong>audao&#39;t</strong></span> <span class='ocrx_word' id='word_1_206' title='bbox 1168 2029 1178 2134; x_wconf 68' lang='grc' dir='ltr'>ξ</span> 
     </span>
    </p>
   </div>
   <div class='ocr_carea' id='block_1_3' title="bbox 40 2125 1178 2202">
    <p class='ocr_par' dir='ltr' id='par_1_3' title="bbox 40 2125 1178 2202">
     <span class='ocr_line' id='line_1_24' title="bbox 40 2125 1178 2202; baseline 0.004 -20"><span class='ocrx_word' id='word_1_207' title='bbox 40 2175 48 2182; x_wconf 83' lang='grc'>.</span> <span class='ocrx_word' id='word_1_208' title='bbox 84 2142 87 2149; x_wconf 80' lang='grc'><strong><em>’</em></strong></span> <span class='ocrx_word' id='word_1_209' title='bbox 124 2126 331 2199; x_wconf 75' lang='lat' dir='ltr'><strong>utaliquando</strong></span> <span class='ocrx_word' id='word_1_210' title='bbox 353 2125 461 2185; x_wconf 89' lang='lat' dir='ltr'><strong>amico.</strong></span> <span class='ocrx_word' id='word_1_211' title='bbox 505 2125 558 2185; x_wconf 86' lang='lat' dir='ltr'><strong>Cui</strong></span> <span class='ocrx_word' id='word_1_212' title='bbox 574 2144 665 2200; x_wconf 92' lang='lat' dir='ltr'><strong>quum</strong></span> <span class='ocrx_word' id='word_1_213' title='bbox 683 2126 779 2186; x_wconf 84' lang='lat' dir='ltr'><strong>adibit</strong></span> <span class='ocrx_word' id='word_1_214' title='bbox 798 2135 870 2202; x_wconf 90' lang='lat' dir='ltr'><strong>post</strong></span> <span class='ocrx_word' id='word_1_215' title='bbox 884 2129 1017 2189; x_wconf 86' lang='lat' dir='ltr'><strong>delatam</strong></span> <span class='ocrx_word' id='word_1_216' title='bbox 1032 2129 1133 2189; x_wconf 81' lang='lat' dir='ltr'><strong>adem</strong></span> <span class='ocrx_word' id='word_1_217' title='bbox 1169 2139 1178 2198; x_wconf 83' lang='lat' dir='ltr'><strong>l</strong></span> 
     </span>
    </p>
   </div>
   <div class='ocr_carea' id='block_1_4' title="bbox 123 2204 1178 2778">
    <p class='ocr_par' dir='ltr' id='par_1_4' title="bbox 123 2204 1178 2790">
     <span class='ocr_line' id='line_1_25' title="bbox 123 2204 1178 2296; baseline 0.007 -28"><span class='ocrx_word' id='word_1_218' title='bbox 123 2208 252 2285; x_wconf 88' lang='lat' dir='ltr'><strong>primam</strong></span> <span class='ocrx_word' id='word_1_219' title='bbox 274 2209 355 2268; x_wconf 91' lang='lat' dir='ltr'><strong>iliam</strong></span> <span class='ocrx_word' id='word_1_220' title='bbox 376 2207 629 2282; x_wconf 87' lang='lat' dir='ltr'><strong>coniurationem,</strong></span> <span class='ocrx_word' id='word_1_221' title='bbox 653 2208 798 2270; x_wconf 87' lang='lat' dir='ltr'><strong>iudicavit</strong></span> <span class='ocrx_word' id='word_1_222' title='bbox 820 2227 854 2270; x_wconf 89' lang='lat' dir='ltr'><strong>se</strong></span> <span class='ocrx_word' id='word_1_223' title='bbox 879 2211 1007 2272; x_wconf 87' lang='lat' dir='ltr'><strong>audisse</strong></span> <span class='ocrx_word' id='word_1_224' title='bbox 1029 2208 1132 2285; x_wconf 73' lang='lat' dir='ltr'><strong>aliquid.</strong></span> <span class='ocrx_word' id='word_1_225' title='bbox 1169 2204 1178 2296; x_wconf 65' lang='grc' dir='ltr'>ἱ</span> 
     </span>
     <span class='ocr_line' id='line_1_26' title="bbox 124 2290 1178 2371; baseline -0.001 -18"><span class='ocrx_word' id='word_1_226' title='bbox 124 2309 185 2353; x_wconf 92' lang='lat' dir='ltr'><strong>non</strong></span> <span class='ocrx_word' id='word_1_227' title='bbox 201 2290 378 2352; x_wconf 86' lang='lat' dir='ltr'><strong>credidisse.</strong></span> <span class='ocrx_word' id='word_1_228' title='bbox 394 2296 430 2335; x_wconf 80' lang='grc'><strong>-’-</strong></span> <span class='ocrx_word' id='word_1_229' title='bbox 444 2290 578 2352; x_wconf 86' lang='lat' dir='ltr'><strong>Alidem</strong></span> <span class='ocrx_word' id='word_1_230' title='bbox 594 2308 655 2352; x_wconf 93' lang='lat' dir='ltr'><strong>non</strong></span> <span class='ocrx_word' id='word_1_231' title='bbox 670 2292 765 2353; x_wconf 87' lang='lat' dir='ltr'><strong>adluit</strong></span> <span class='ocrx_word' id='word_1_232' title='bbox 780 2292 839 2352; x_wconf 93' lang='lat' dir='ltr'><strong>alio</strong></span> <span class='ocrx_word' id='word_1_233' title='bbox 855 2293 885 2352; x_wconf 88' lang='lat' dir='ltr'><strong>in</strong></span> <span class='ocrx_word' id='word_1_234' title='bbox 902 2294 1034 2368; x_wconf 92' lang='lat' dir='ltr'><strong>iudicio,</strong></span> <span class='ocrx_word' id='word_1_235' title='bbox 1060 2306 1133 2371; x_wconf 88' lang='lat' dir='ltr'><strong>quun</strong></span> <span class='ocrx_word' id='word_1_236' title='bbox 1169 2303 1178 2366; x_wconf 72' lang='lat' dir='ltr'><strong>p</strong></span> 
     </span>
     <span class='ocr_line' id='line_1_27' title="bbox 126 2371 1178 2453; baseline -0.002 -19"><span class='ocrx_word' id='word_1_237' title='bbox 126 2376 271 2435; x_wconf 86' lang='lat' dir='ltr'><strong>adessent</strong></span> <span class='ocrx_word' id='word_1_238' title='bbox 285 2374 405 2434; x_wconf 84' lang='lat' dir='ltr'><strong>caeteri.</strong></span> <span class='ocrx_word' id='word_1_239' title='bbox 415 2407 458 2419; x_wconf 81' lang='lat'>—</span> <span class='ocrx_word' id='word_1_240' title='bbox 469 2374 501 2436; x_wconf 86' lang='lat' dir='ltr'><strong>si</strong></span> <span class='ocrx_word' id='word_1_241' title='bbox 512 2383 621 2449; x_wconf 87' lang='lat' dir='ltr'><strong>postea</strong></span> <span class='ocrx_word' id='word_1_242' title='bbox 632 2382 777 2448; x_wconf 82' lang='lat' dir='ltr'><strong>cognorat</strong></span> <span class='ocrx_word' id='word_1_243' title='bbox 793 2376 861 2450; x_wconf 76' lang='lat' dir='ltr'><strong>ipse</strong></span> <span class='ocrx_word' id='word_1_244' title='bbox 878 2377 1005 2452; x_wconf 91' lang='lat' dir='ltr'><strong>aliquid,</strong></span> <span class='ocrx_word' id='word_1_245' title='bbox 1025 2372 1133 2453; x_wconf 87' lang='lat' dir='ltr'><strong>quodin</strong></span> <span class='ocrx_word' id='word_1_246' title='bbox 1169 2371 1178 2429; x_wconf 83' lang='grc' dir='ltr'>Ι</span> 
     </span>
     <span class='ocr_line' id='line_1_28' title="bbox 125 2437 1178 2535; baseline 0.001 -19"><span class='ocrx_word' id='word_1_247' title='bbox 125 2458 285 2517; x_wconf 84' lang='lat' dir='ltr'><strong>consulatu</strong></span> <span class='ocrx_word' id='word_1_248' title='bbox 299 2456 483 2535; x_wconf 81' lang='lat' dir='ltr'><strong>ignorasset,</strong></span> <span class='ocrx_word' id='word_1_249' title='bbox 505 2457 726 2532; x_wconf 78' lang='lat' dir='ltr'><strong>ignoscendum</strong></span> <span class='ocrx_word' id='word_1_250' title='bbox 742 2466 789 2519; x_wconf 91' lang='lat' dir='ltr'><strong>est</strong></span> <span class='ocrx_word' id='word_1_251' title='bbox 805 2459 858 2531; x_wconf 92' lang='lat' dir='ltr'><strong>iis,</strong></span> <span class='ocrx_word' id='word_1_252' title='bbox 880 2460 932 2534; x_wconf 93' lang='lat' dir='ltr'><strong>qui</strong></span> <span class='ocrx_word' id='word_1_253' title='bbox 949 2468 1061 2535; x_wconf 89' lang='lat' dir='ltr'><strong>postea</strong></span> <span class='ocrx_word' id='word_1_254' title='bbox 1078 2454 1134 2518; x_wconf 85' lang='lat' dir='ltr'><strong>uili</strong></span> <span class='ocrx_word' id='word_1_255' title='bbox 1169 2437 1178 2526; x_wconf 83' lang='grc' dir='ltr'>Ι</span> 
     </span>
     <span class='ocr_line' id='line_1_29' title="bbox 124 2535 1178 2628; baseline 0.003 -30"><span class='ocrx_word' id='word_1_256' title='bbox 124 2538 300 2598; x_wconf 77' lang='lat' dir='ltr'><strong>audierunt:</strong></span> <span class='ocrx_word' id='word_1_257' title='bbox 328 2539 375 2600; x_wconf 84' lang='lat' dir='ltr'><strong>sin</strong></span> <span class='ocrx_word' id='word_1_258' title='bbox 396 2540 446 2599; x_wconf 92' lang='lat' dir='ltr'><strong>illa</strong></span> <span class='ocrx_word' id='word_1_259' title='bbox 464 2557 515 2600; x_wconf 89' lang='lat' dir='ltr'><strong>res</strong></span> <span class='ocrx_word' id='word_1_260' title='bbox 536 2539 633 2615; x_wconf 88' lang='lat' dir='ltr'><strong>prima</strong></span> <span class='ocrx_word' id='word_1_261' title='bbox 656 2541 763 2612; x_wconf 88' lang='lat' dir='ltr'><strong>valuit,</strong></span> <span class='ocrx_word' id='word_1_262' title='bbox 790 2558 861 2600; x_wconf 91' lang='lat' dir='ltr'><strong>num</strong></span> <span class='ocrx_word' id='word_1_263' title='bbox 877 2541 1048 2605; x_wconf 89' lang='lat' dir='ltr'><strong>inveterata</strong></span> <span class='ocrx_word' id='word_1_264' title='bbox 1062 2553 1135 2618; x_wconf 82' lang='lat' dir='ltr'><strong>quam</strong></span> <span class='ocrx_word' id='word_1_265' title='bbox 1170 2535 1178 2628; x_wconf 61' lang='grc' dir='ltr'>ξ</span> 
     </span>
     <span class='ocr_line' id='line_1_30' title="bbox 123 2620 1178 2700; baseline 0.001 -20"><span class='ocrx_word' id='word_1_266' title='bbox 123 2636 233 2680; x_wconf 87' lang='lat' dir='ltr'><strong>reeens</strong></span> <span class='ocrx_word' id='word_1_267' title='bbox 254 2621 357 2680; x_wconf 89' lang='lat' dir='ltr'><strong>debuit</strong></span> <span class='ocrx_word' id='word_1_268' title='bbox 379 2639 449 2682; x_wconf 89' lang='lat' dir='ltr'><strong>esse</strong></span> <span class='ocrx_word' id='word_1_269' title='bbox 470 2623 611 2696; x_wconf 72' lang='lat' dir='ltr'><strong>graviora</strong></span> <span class='ocrx_word' id='word_1_270' title='bbox 651 2622 713 2683; x_wconf 90' lang='lat' dir='ltr'><strong>Sed</strong></span> <span class='ocrx_word' id='word_1_271' title='bbox 735 2623 762 2683; x_wconf 91' lang='lat' dir='ltr'><strong>si</strong></span> <span class='ocrx_word' id='word_1_272' title='bbox 782 2632 853 2685; x_wconf 89' lang='lat' dir='ltr'><strong>tuus</strong></span> <span class='ocrx_word' id='word_1_273' title='bbox 875 2641 988 2700; x_wconf 90' lang='lat' dir='ltr'><strong>parens</strong></span> <span class='ocrx_word' id='word_1_274' title='bbox 1013 2620 1134 2687; x_wconf 82' lang='lat' dir='ltr'><strong>elianit</strong></span> <span class='ocrx_word' id='word_1_275' title='bbox 1171 2636 1178 2696; x_wconf 77' lang='grc' dir='ltr'>ι</span> 
     </span>
     <span class='ocr_line' id='line_1_31' title="bbox 123 2697 1178 2778; baseline 0.003 -15"><span class='ocrx_word' id='word_1_276' title='bbox 123 2703 193 2778; x_wconf 90' lang='lat' dir='ltr'><strong>ipsa</strong></span> <span class='ocrx_word' id='word_1_277' title='bbox 207 2702 384 2776; x_wconf 91' lang='lat' dir='ltr'><strong>suspicione</strong></span> <span class='ocrx_word' id='word_1_278' title='bbox 400 2704 524 2778; x_wconf 88' lang='lat' dir='ltr'><strong>periculi</strong></span> <span class='ocrx_word' id='word_1_279' title='bbox 540 2706 602 2778; x_wconf 93' lang='lat' dir='ltr'><strong>sui,</strong></span> <span class='ocrx_word' id='word_1_280' title='bbox 622 2713 720 2766; x_wconf 86' lang='lat' dir='ltr'><strong>tamen</strong></span> <span class='ocrx_word' id='word_1_281' title='bbox 735 2706 919 2769; x_wconf 85' lang='lat' dir='ltr'><strong>humanitate</strong></span> <span class='ocrx_word' id='word_1_282' title='bbox 933 2710 1085 2771; x_wconf 87' lang='lat' dir='ltr'><strong>adductus</strong></span> <span class='ocrx_word' id='word_1_283' title='bbox 1094 2702 1134 2765; x_wconf 78' lang='lat' dir='ltr'><strong>od</strong></span> <span class='ocrx_word' id='word_1_284' title='bbox 1171 2697 1178 2760; x_wconf 91' lang='grc' dir='ltr'>Ι</span> 
     </span>
    </p>
   </div>
   <div class='ocr_carea' id='block_1_5' title="bbox 24 2784 1178 2867">
    <p class='ocr_par' dir='ltr' id='par_1_5' title="bbox 24 2784 1178 2867">
     <span class='ocr_line' id='line_1_32' title="bbox 24 2784 1178 2867; baseline 0.004 -23"><span class='ocrx_word' id='word_1_285' title='bbox 24 2822 27 2827; x_wconf 91' lang='grc'><strong>-</strong></span> <span class='ocrx_word' id='word_1_286' title='bbox 41 2794 44 2799; x_wconf 90' lang='grc'><strong>’</strong></span> <span class='ocrx_word' id='word_1_287' title='bbox 122 2784 313 2847; x_wconf 88' lang='lat' dir='ltr'><strong>vocationem</strong></span> <span class='ocrx_word' id='word_1_288' title='bbox 325 2785 456 2847; x_wconf 91' lang='lat' dir='ltr'><strong>hominis</strong></span> <span class='ocrx_word' id='word_1_289' title='bbox 467 2787 684 2864; x_wconf 87' lang='lat' dir='ltr'><strong>improbissimi</strong></span> <span class='ocrx_word' id='word_1_290' title='bbox 695 2791 770 2849; x_wconf 90' lang='lat' dir='ltr'><strong>sella</strong></span> <span class='ocrx_word' id='word_1_291' title='bbox 782 2791 877 2850; x_wconf 86' lang='lat' dir='ltr'><strong>curuli</strong></span> <span class='ocrx_word' id='word_1_292' title='bbox 889 2799 982 2867; x_wconf 90' lang='lat' dir='ltr'><strong>atque</strong></span> <span class='ocrx_word' id='word_1_293' title='bbox 994 2802 1134 2853; x_wconf 78' lang='lat' dir='ltr'><strong>ornamctr</strong></span> <span class='ocrx_word' id='word_1_294' title='bbox 1171 2797 1178 2842; x_wconf 91' lang='grc' dir='ltr'>Ι</span> 
     </span>
    </p>
   </div>
   <div class='ocr_carea' id='block_1_6' title="bbox 122 2849 1178 3030">
    <p class='ocr_par' dir='ltr' id='par_1_6' title="bbox 122 2849 1178 3030">
     <span class='ocr_line' id='line_1_33' title="bbox 122 2849 1178 2950; baseline 0.005 -19"><span class='ocrx_word' id='word_1_295' title='bbox 122 2870 161 2931; x_wconf 89' lang='lat' dir='ltr'><strong>tis</strong></span> <span class='ocrx_word' id='word_1_296' title='bbox 182 2878 212 2930; x_wconf 87' lang='lat' dir='ltr'><strong>et</strong></span> <span class='ocrx_word' id='word_1_297' title='bbox 233 2869 298 2929; x_wconf 90' lang='lat' dir='ltr'><strong>suis</strong></span> <span class='ocrx_word' id='word_1_298' title='bbox 318 2877 349 2928; x_wconf 86' lang='lat' dir='ltr'><strong>et</strong></span> <span class='ocrx_word' id='word_1_299' title='bbox 371 2872 546 2932; x_wconf 88' lang='lat' dir='ltr'><strong>consulatus</strong></span> <span class='ocrx_word' id='word_1_300' title='bbox 561 2866 754 2944; x_wconf 68' lang='lat' dir='ltr'><strong>honestavit,</strong></span> <span class='ocrx_word' id='word_1_301' title='bbox 768 2873 841 2946; x_wconf 94' lang='lat' dir='ltr'><strong>quid</strong></span> <span class='ocrx_word' id='word_1_302' title='bbox 863 2883 911 2934; x_wconf 88' lang='lat' dir='ltr'><strong>est</strong></span> <span class='ocrx_word' id='word_1_303' title='bbox 925 2890 1020 2950; x_wconf 86' lang='lat' dir='ltr'><strong>quarn</strong></span> <span class='ocrx_word' id='word_1_304' title='bbox 1035 2875 1072 2936; x_wconf 86' lang='lat' dir='ltr'><strong>ob</strong></span> <span class='ocrx_word' id='word_1_305' title='bbox 1086 2882 1133 2931; x_wconf 69' lang='lat' dir='ltr'><strong>rut</strong></span> <span class='ocrx_word' id='word_1_306' title='bbox 1171 2849 1178 2936; x_wconf 67' lang='lat' dir='ltr'><strong>i</strong></span> 
     </span>
     <span class='ocr_line' id='line_1_34' title="bbox 124 2949 1178 3030; baseline 0.001 -18"><span class='ocrx_word' id='word_1_307' title='bbox 124 2949 310 3026; x_wconf 73' lang='lat' dir='ltr'><strong>consula&#39;res,</strong></span> <span class='ocrx_word' id='word_1_308' title='bbox 323 2951 1133 3030; x_wconf 71' lang='lat' dir='ltr'><strong>quicatilinaenolueruntreprehendanturt-Satt</strong></span> <span class='ocrx_word' id='word_1_309' title='bbox 1175 2965 1178 3004; x_wconf 79' lang='lat'>¹</span> 
     </span>
    </p>
   </div>
   <div class='ocr_carea' id='block_1_7' title="bbox 27 3034 1134 3117">
    <p class='ocr_par' dir='ltr' id='par_1_7' title="bbox 27 3034 1134 3117">
     <span class='ocr_line' id='line_1_35' title="bbox 27 3034 1134 3117; baseline 0.009 -25"><span class='ocrx_word' id='word_1_310' title='bbox 27 3110 30 3117; x_wconf 22' lang='grc' dir='ltr'>Ι</span> <span class='ocrx_word' id='word_1_311' title='bbox 123 3036 214 3096; x_wconf 86' lang='lat' dir='ltr'><strong>iidem</strong></span> <span class='ocrx_word' id='word_1_312' title='bbox 234 3035 287 3108; x_wconf 90' lang='lat' dir='ltr'><strong>iis,</strong></span> <span class='ocrx_word' id='word_1_313' title='bbox 312 3034 364 3109; x_wconf 90' lang='lat' dir='ltr'><strong>qui</strong></span> <span class='ocrx_word' id='word_1_314' title='bbox 385 3045 454 3096; x_wconf 89' lang='lat' dir='ltr'><strong>ante</strong></span> <span class='ocrx_word' id='word_1_315' title='bbox 475 3038 555 3096; x_wconf 89' lang='lat' dir='ltr'><strong>huno</strong></span> <span class='ocrx_word' id='word_1_316' title='bbox 577 3054 699 3097; x_wconf 89' lang='lat' dir='ltr'><strong>causam</strong></span> <span class='ocrx_word' id='word_1_317' title='bbox 721 3039 759 3098; x_wconf 90' lang='lat' dir='ltr'><strong>dc</strong></span> <span class='ocrx_word' id='word_1_318' title='bbox 775 3038 984 3099; x_wconf 84' lang='lat' dir='ltr'><strong>coniuratione</strong></span> <span class='ocrx_word' id='word_1_319' title='bbox 1003 3040 1134 3103; x_wconf 62' lang='lat' dir='ltr'><strong>dixerunt</strong></span> 
     </span>
    </p>
   </div>
   <div class='ocr_carea' id='block_1_8' title="bbox 123 3119 1136 3447">
    <p class='ocr_par' dir='ltr' id='par_1_8' title="bbox 123 3119 1136 3447">
     <span class='ocr_line' id='line_1_36' title="bbox 123 3119 1136 3184; baseline 0.012 -11"><span class='ocrx_word' id='word_1_320' title='bbox 123 3132 183 3175; x_wconf 91' lang='lat' dir='ltr'><strong>non</strong></span> <span class='ocrx_word' id='word_1_321' title='bbox 191 3119 362 3179; x_wconf 82' lang='lat' dir='ltr'><strong>adfuerunt.</strong></span> <span class='ocrx_word' id='word_1_322' title='bbox 372 3151 415 3163; x_wconf 89' lang='lat'><em>-</em></span> <span class='ocrx_word' id='word_1_323' title='bbox 425 3121 520 3179; x_wconf 80' lang='lat' dir='ltr'><strong>Tanto</strong></span> <span class='ocrx_word' id='word_1_324' title='bbox 528 3121 645 3179; x_wconf 89' lang='lat' dir='ltr'><strong>scelere</strong></span> <span class='ocrx_word' id='word_1_325' title='bbox 656 3120 787 3181; x_wconf 75' lang='lat' dir='ltr'><strong>astrictis</strong></span> <span class='ocrx_word' id='word_1_326' title='bbox 800 3121 971 3183; x_wconf 90' lang='lat' dir='ltr'><strong>hominibus</strong></span> <span class='ocrx_word' id='word_1_327' title='bbox 983 3124 1136 3184; x_wconf 69' lang='lat' dir='ltr'><strong>statuerat</strong></span> 
     </span>
     <span class='ocr_line' id='line_1_37' title="bbox 124 3196 1136 3282; baseline 0.011 -28"><span class='ocrx_word' id='word_1_328' title='bbox 124 3196 196 3257; x_wconf 88' lang='lat' dir='ltr'><strong>nihil</strong></span> <span class='ocrx_word' id='word_1_329' title='bbox 212 3216 230 3258; x_wconf 91' lang='lat' dir='ltr'><strong>a</strong></span> <span class='ocrx_word' id='word_1_330' title='bbox 248 3219 282 3261; x_wconf 92' lang='lat' dir='ltr'><strong>se</strong></span> <span class='ocrx_word' id='word_1_331' title='bbox 299 3201 479 3274; x_wconf 84' lang='lat' dir='ltr'><strong>adiumenti,</strong></span> <span class='ocrx_word' id='word_1_332' title='bbox 502 3201 574 3261; x_wconf 89' lang='lat' dir='ltr'><strong>nibil</strong></span> <span class='ocrx_word' id='word_1_333' title='bbox 595 3203 679 3278; x_wconf 93' lang='lat' dir='ltr'><strong>opis,</strong></span> <span class='ocrx_word' id='word_1_334' title='bbox 700 3203 773 3262; x_wconf 91' lang='lat' dir='ltr'><strong>nihil</strong></span> <span class='ocrx_word' id='word_1_335' title='bbox 789 3202 893 3264; x_wconf 88' lang='lat' dir='ltr'><strong>auxilii</strong></span> <span class='ocrx_word' id='word_1_336' title='bbox 911 3204 982 3264; x_wconf 79' lang='lat' dir='ltr'><strong>ferri</strong></span> <span class='ocrx_word' id='word_1_337' title='bbox 1000 3212 1136 3282; x_wconf 78' lang='lat' dir='ltr'><strong>oportere</strong></span> 
     </span>
     <span class='ocr_line' id='line_1_38' title="bbox 124 3280 1136 3364; baseline 0.01 -28"><span class='ocrx_word' id='word_1_338' title='bbox 124 3280 226 3352; x_wconf 79' lang='lat' dir='ltr'><strong>Atquo</strong></span> <span class='ocrx_word' id='word_1_339' title='bbox 239 3293 272 3342; x_wconf 87' lang='lat' dir='ltr'><strong>ut</strong></span> <span class='ocrx_word' id='word_1_340' title='bbox 289 3285 327 3345; x_wconf 93' lang='lat' dir='ltr'><strong>de</strong></span> <span class='ocrx_word' id='word_1_341' title='bbox 342 3301 446 3346; x_wconf 88' lang='lat' dir='ltr'><strong>corum</strong></span> <span class='ocrx_word' id='word_1_342' title='bbox 462 3285 630 3346; x_wconf 86' lang='lat' dir='ltr'><strong>constantia</strong></span> <span class='ocrx_word' id='word_1_343' title='bbox 645 3294 736 3360; x_wconf 87' lang='lat' dir='ltr'><strong>atque</strong></span> <span class='ocrx_word' id='word_1_344' title='bbox 753 3287 852 3346; x_wconf 91' lang='lat' dir='ltr'><strong>animo</strong></span> <span class='ocrx_word' id='word_1_345' title='bbox 870 3286 900 3346; x_wconf 94' lang='lat' dir='ltr'><strong>in</strong></span> <span class='ocrx_word' id='word_1_346' title='bbox 917 3304 982 3347; x_wconf 89' lang='lat' dir='ltr'><strong>rem</strong></span> <span class='ocrx_word' id='word_1_347' title='bbox 999 3286 1136 3364; x_wconf 80' lang='lat' dir='ltr'><strong>putiau</strong></span> 
     </span>
     <span class='ocr_line' id='line_1_39' title="bbox 125 3360 1136 3447; baseline 0.008 -27"><span class='ocrx_word' id='word_1_348' title='bbox 125 3360 233 3437; x_wconf 87' lang='lat' dir='ltr'><strong>dicam,</strong></span> <span class='ocrx_word' id='word_1_349' title='bbox 246 3383 372 3439; x_wconf 88' lang='lat' dir='ltr'><strong>quorum</strong></span> <span class='ocrx_word' id='word_1_350' title='bbox 383 3367 474 3429; x_wconf 82' lang='lat' dir='ltr'><strong>tacita</strong></span> <span class='ocrx_word' id='word_1_351' title='bbox 483 3367 616 3443; x_wconf 74' lang='lat' dir='ltr'><strong>gravitas</strong></span> <span class='ocrx_word' id='word_1_352' title='bbox 628 3375 657 3428; x_wconf 89' lang='lat' dir='ltr'><strong>et</strong></span> <span class='ocrx_word' id='word_1_353' title='bbox 668 3369 745 3429; x_wconf 82' lang='lat' dir='ltr'><strong>fides</strong></span> <span class='ocrx_word' id='word_1_354' title='bbox 758 3370 796 3430; x_wconf 89' lang='lat' dir='ltr'><strong>dc</strong></span> <span class='ocrx_word' id='word_1_355' title='bbox 809 3386 868 3430; x_wconf 89' lang='lat' dir='ltr'><strong>uno</strong></span> <span class='ocrx_word' id='word_1_356' title='bbox 882 3387 1008 3446; x_wconf 83' lang='lat' dir='ltr'><strong>quoque</strong></span> <span class='ocrx_word' id='word_1_357' title='bbox 1019 3366 1136 3447; x_wconf 83' lang='lat' dir='ltr'><strong>loquitu</strong></span> 
     </span>
    </p>
   </div>
   <div class='ocr_carea' id='block_1_9' title="bbox 0 0 1182 3854">
    <p class='ocr_par' dir='ltr' id='par_1_9' title="bbox 0 0 1182 3854">
     <span class='ocr_line' id='line_1_40' title="bbox 0 0 1182 3854; baseline 0 0"><span class='ocrx_word' id='word_1_358' title='bbox 0 0 1182 3854; x_wconf 95' lang='lat' dir='ltr'><strong> </strong></span> 
     </span>
    </p>
   </div>
  </div>
 </body>
</html>
