2356 3854
117 179 181 246 ³⁹2
403 176 480 238 PRO
494 177 528 252 Q.
541 177 698 237 LIGARIO
714 175 867 236 ORATIO.

60 348 64 360 ·
118 334 171 411 qui
185 346 244 391 vos
258 335 361 389 tanae
374 325 476 389 tondis
490 325 655 389 occasione
669 325 842 401 privaverit.
862 325 913 384 IX.
929 325 981 387 26.
996 325 1059 385 Sed
1071 326 1131 400 vida

117 428 251 491 quaeso,
264 411 297 471 c,
308 411 436 482 caesar,
449 409 649 472 constantiam
662 407 849 468 amadssimi
860 407 916 467 viri
925 408 959 473 L.
975 409 1132 482 Tuberon‘u

119 512 211 573 quum
228 506 302 568 ego,
323 493 463 568 quamvis
488 493 557 569 ipse
578 491 753 567 probarem,
777 499 811 551 ut
834 491 951 565 probo,
973 501 1072 553 tamen
1090 510 1132 554 nou
1175 571 1176 575 Ἰ

117 592 401 649 commemorarem,
422 575 483 635 nisi
496 593 517 636 a
530 585 561 636 te
576 574 792 648 cognovissem
806 573 840 632 iu
855 575 965 648 primis
980 592 1051 636 eam
1064 579 1133 638 viu
1175 621 1176 625 ,

116 671 176 722 tem
190 661 290 719 sotere
310 657 436 718 laudari.
481 659 564 733 Quae
579 658 634 718 tuit
647 658 895 731 igitur'umquam
910 657 942 716 iu
958 661 1022 719 utto
1037 659 1133 719 hominu
1175 684 1176 695 ¹

116 751 199 804 tanta
213 741 406 802 constantius
419 740 620 801 constantiam
634 741 725 800 dicct
737 741 842 799 nescio
858 744 898 798 ad
917 742 1031 802 meiius
1042 743 1133 818 patien·
1175 752 1176 791 ἐ

117 826 188 888 bam
202 824 319 903 possim
334 825 445 883 dicere.
485 825 602 897 Quotus
615 824 695 882 enim
714 821 846 897 quisque
859 822 947 883 istud
962 825 1092 898 iecisset,
1105 835 1133 897 ut
1174 840 1176 874 ε

117 908 259 982 aquibus
273 909 304 966 in
316 906 512 966 dissensione
525 905 608 965 civiti
619 922 680 965 aun
696 913 780 965 esset
792 912 950 979 receptus,
965 917 1053 968 esset
1067 908 1132 970 edm
1173 928 1176 947 ·

118 1007 187 1052 cum
202 989 381 1050 crudelitate
393 989 538 1060 reiectus,
553 990 592 1047 ad
608 1005 665 1048 ecs
683 990 769 1063 ipsos
783 988 923 1048 rediret?
935 990 1040 1064 Magni
1057 991 1132 1051 cuim
1173 1001 1176 1039 t

118 1073 187 1134 dam
201 1072 291 1132 animi
306 1081 397 1146 atque
413 1073 479 1133 eius
494 1071 551 1131 viri
565 1079 630 1142 est,
650 1087 739 1145 quem
760 1072 959 1146 desuscepta
976 1088 1072 1133 causa
1083 1076 1148 1148 pm'
1172 1074 1176 1120 t

118 1156 282 1233 positaque
296 1156 445 1215 sententia
460 1157 543 1215 uutta
555 1154 752 1226 contumatia,
766 1156 850 1214 uuita
865 1154 927 1228 vis,
945 1157 1063 1216 nuttam
1076 1155 1132 1231 pai·
1172 1172 1176 1202 ¹

120 1241 220 1300 culum
243 1237 342 1312 possit
357 1239 520 1311 depettere.
547 1235 596 1298 27.
612 1237 652 1297 Ut
665 1238 745 1296 euim
763 1246 882 1296 caetera
901 1238 992 1312 paria
1005 1237 1132 1299 Tuberoni
1170 1249 1176 1285 ¹

120 1336 188 1380 cum
207 1321 291 1379 Varo
311 1318 454 1393 tuissent,
479 1320 593 1392 honos,
620 1319 777 1394 nobilitas,
801 1322 966 1394 splendor,
994 1323 1131 1397 ingenium,
1169 1331 1176 1370 ἱ

120 1418 199 1477 quae
219 1414 414 1476 nequaquam
431 1400 566 1474 tuerunt,
587 1402 646 1463 hoc
669 1410 750 1463 certe
770 1401 973 1485 praecipuum
987 1404 1133 1466 Tuberonis
1170 1414 1176 1487 ξ

119 1486 185 1557 fuit,
204 1485 287 1559 quod
303 1484 383 1544 iusto
400 1501 468 1543 cum
483 1485 610 1559 imperio
625 1503 665 1545 ex
682 1493 808 1546 senatus
819 1489 963 1547 consuttc
988 1490 1019 1547 in
1035 1488 1131 1563 provin

120 1569 197 1627 ciam
218 1583 305 1628 suam
327 1577 463 1631 venerat.
507 1569 584 1628 iiiuc
599 1569 767 1644 prohibitus
782 1584 842 1628 uon
857 1570 898 1628 ad
913 1569 1091 1644 Caesarem,
1105 1585 1133 1628 nc

119 1649 230 1724 iratus,
245 1667 306 1710 uon
318 1651 456 1725 dommo,
470 1668 508 1712 ne
524 1651 622 1722 iners,
649 1668 709 1711 riou
730 1651 760 1711 in
777 1652 909 1726 utiquam
924 1655 1094 1728 regionem,
1105 1666 1134 1712 uc

122 1735 325 1794 condemnare
347 1750 470 1795 causam
489 1735 917 1809 ittan1,quamsccutuserat,
939 1735 1134 1798 videreturziu

65 1889 67 1893 ι
121 1817 333 1877 Macedoniam
347 1819 387 1878 ad
403 1819 454 1877 Cu.
470 1817 605 1893 Pompeii
619 1826 720 1878 castra
732 1817 823 1888 venit,
836 1817 867 1876 in
882 1834 951 1877 eam
968 1819 1069 1894 ipsam
1081 1836 1135 1879 cau·

122 1916 202 1973 sam,
222 1917 314 1976 aqua
331 1909 394 1961 erat
409 1901 540 1962 reiectus
557 1917 625 1961 cum
640 1900 756 1961 iniuria.
799 1899 849 1969 28.
866 1890 970 1974 uuida
992 1903 1137 1978 quunisu

121 1999 171 2043 res
186 1982 258 2041 nihil
273 1986 489 2044 commovisset
502 1985 569 2044 eius
586 1983 734 2055 antimum,
750 1984 789 2043 ad
805 2000 896 2058 quem
910 1988 1136 2063 venerabelem

121 2064 267 2140 gntidiore,
279 2067 381 2138 credo,
396 2066 496 2126 studio
509 2067 538 2125 in
556 2082 649 2126 causa
663 2066 777 2126 fuistis:
789 2074 902 2127 tantum
915 2071 1013 2130 modo
1027 2071 1057 2129 in
1070 2084 1138 2144 prac-

123 2147 209 2208 sidiis
226 2148 325 2219 eratis,
341 2148 432 2208 animi
447 2165 520 2209 vero
533 2167 551 2208 a
563 2166 657 2209 cause
670 2151 886 2211 abhorrebant:
903 2169 952 2222 an,
971 2161 1006 2213 ut
1022 2155 1055 2214 m
1069 2153 1095 2212 iu
1107 2150 1139 2211 ci·

122 2230 333 2291 vitibusbetlis
347 2274 458 2290 ......
478 2250 535 2293 uec
553 2233 583 2292 in
607 2233 693 2292 vobis
710 2230 805 2308 magis
833 2241 924 2308 quani
951 2235 985 2293 in
1012 2236 1141 2311 reliquist

123 2330 229 2374 omnes
244 2314 324 2375 euim
335 2313 478 2375 vincendi
490 2317 590 2376 studio
601 2316 786 2377 tenebamur.
812 2315 901 2376 Pacis
917 2319 1065 2392 equidem
1079 2334 1141 2378 seur

123 2412 178 2471 per
192 2394 300 2458 aucto'r
313 2397 364 2469 tui,
382 2400 511 2460 sedtum
524 2415 609 2460 sero=
626 2409 689 2459 erat
703 2399 783 2460 enim
798 2399 939 2472 amentis,
950 2419 1048 2476 quum
1061 2402 1141 2463 actea

124 2474 258 2554 videres,
280 2496 387 2554 pacem
410 2483 553 2556 cogitare.
598 2481 724 2554 Omnes,
740 2483 874 2563 inquam,
887 2482 1020 2546 vincere
1036 2484 1141 2545 voleus

123 2574 206 2639 mus:
225 2571 256 2621 tu
275 2572 356 2623 certe
371 2566 550 2639 praecipue,
565 2567 616 2640 qui
633 2564 664 2624 in
679 2583 747 2626 eum
762 2569 863 2626 iocum
878 2582 1026 2640 veneras,
1040 2569 1089 2629 ubi
1101 2562 1140 2628 tibi
1174 2608 1176 2615 .

124 2650 207 2702 esset
221 2647 419 2720 pereundum,
434 2647 493 2706 nisi
511 2649 649 2708 vicisses.
692 2650 894 2723 Quamquam.
916 2657 950 2710 ut
962 2663 1140 2712 nuncscres

123 2725 221 2797 habet,
240 2744 299 2786 non
313 2729 418 2789 dubito
433 2730 506 2804 quin
520 2731 600 2791 hanc
614 2733 738 2792 satutem
754 2741 926 2807 anteponas
940 2733 986 2793 itti
1003 2731 1140 2807 victoriae·

13 2815 16 2823 ·
123 2809 160 2868 Χ.
176 2809 226 2871 29.
239 2811 324 2870 Haec
338 2826 397 2902 epo
411 2830 471 2872 nou
485 2814 627 2885 dicerem,
643 2815 771 2887 Tubero,
787 2816 813 2874 si
831 2821 882 2875 aut
893 2832 953 2876 vos
967 2815 1140 2891 commendas

125 2901 246 2955 vestrae
258 2901 310 2953 aut
325 2895 485 2957 Gaesarem
500 2897 639 2957 beneticii
652 2899 699 2957 sui
716 2899 892 2971 poeniteret.
936 2900 1031 2961 Nunc
1044 2910 1138 2974 quaero

124 2983 223 3036 utrum
238 2985 357 3038 vestras
372 2978 497 3039 iniurias
519 2997 557 3039 an
576 2980 621 3039 rei
643 2980 783 3055 publicae
804 2983 1055 3055 persequamini:
1073 2973 1138 3043 sini

123 3059 282 3134 pubtica'e,
298 3062 372 3135 quid
387 3063 425 3121 de
442 3071 543 3122 vestra
560 3064 590 3121 in
605 3060 656 3121 itta
671 3079 765 3122 causa
783 3067 1020 3137 perseverantia
1032 3076 1137 3139 rapot·

124 3139 255 3201 debitist
277 3143 303 3202 si
325 3153 457 3216 vestras,
482 3145 583 3205 videte
604 3162 643 3205 ne
657 3146 778 3218 erretis,
800 3147 851 3218 qui
867 3140 1137 3210 caesammveurts

38 3266 50 3281 .
124 3216 252 3285 inimicis
268 3225 374 3286 iratum
391 3228 458 3288 tore
472 3228 593 3302 putetis,
608 3245 700 3303 quum
715 3228 865 3301 ignoverit
877 3229 956 3288 suis.

184 3306 289 3381 ltaque
312 3324 385 3368 num
399 3310 450 3369 tibi
467 3311 574 3370 videor
593 3311 623 3369 in
642 3327 735 3371 causa
752 3310 863 3383 Ligarii
877 3309 1138 3389 essecccupatnst

123 3394 196 3441 num
207 3385 245 3443 de
259 3388 328 3448 eius
342 3392 423 3451 tacto
438 3394 562 3451 diceret
581 3393 734 3468 Quidquid
750 3392 828 3464 dixi,
840 3393 883 3452 ad
900 3410 997 3456 unam
1012 3402 1136 3456 summm
