2356 3854
115 193 156 259 to
246 156 347 250 ‘nno
368 188 452 249 sun.
473 174 808 249 nosoro‘nnruamo
831 185 984 246 onnuo

114 275 231 418 populo
246 337 449 414 gratissimum
461 346 517 399 est
535 337 668 408 Deinde,
685 353 712 396 s1
703 334 845 410 voletis
858 337 947 395 etiam
960 344 1022 396 turn
1031 340 1135 412 ‚qumi

115 423 180 484 veri
196 423 293 482 simile
308 421 365 481 erit
380 420 512 495 aliquem
527 419 730 492 commisisse,
752 419 783 478 in
801 417 978 493 suspicione
996 420 1132 479 lauatote

113 508 149 566 ld
166 521 289 581 quoque
305 504 434 564 concedi
447 511 558 578 potest
585 501 638 562 Sin
653 509 753 561 autem
768 501 813 562 sic
829 502 941 576 agetis,
961 508 995 562 ut
1009 500 1131 576 arguatis

114 588 247 664 aliquem
266 595 382 662 patrem
403 586 556 647 occidisse
576 601 677 660 neque
704 586 805 645 dicere
824 582 952 658 possitis
973 586 1027 644 aut
1050 599 1131 658 quare

114 679 166 731 aut
187 688 248 746 quo
266 671 357 730 modo
374 686 410 729 ac
432 677 546 730 tantum
567 669 659 728 modo
684 667 751 729 sine
776 666 953 741 suspicione
980 665 1129 738 latrabitis,

110 770 203 815 crura
224 753 346 828 quidem
367 752 456 813 vobis
476 768 565 811 nemo
588 749 761 824 suffringet,
783 750 839 810 sed
860 749 886 809 si
906 766 964 824 ego
987 749 1046 810 hos
1065 749 1131 808 bene

113 836 204 909 novi,
219 836 346 896 litteram
358 834 452 907 illam,
470 836 518 895 cui
535 851 592 895 vos
606 850 707 908 usque
722 849 760 894 eo
775 831 889 893 inimici
899 831 990 907 estis,
1005 841 1040 894 ιιι
1055 832 1129 892 etiam

16 990 19 999 ¹
113 919 179 980 Kal.
205 935 311 980 omnes
333 917 472 990 oderitis,
494 917 536 976 ita
556 915 751 978 veliementer
771 917 810 975 ad
834 923 926 990 caput
945 915 1092 989 adfigent,
1105 920 1130 974 ut

115 1011 224 1078 postea
243 1002 394 1061 neminem
410 999 501 1059 alium
515 998 574 1059 nisi
592 1001 728 1059 fortunas
742 1005 862 1058 vestras
879 1014 1027 1058 accusare
1044 996 1130 1072 possi-

114 1086 163 1147 tis.
206 1086 283 1144 XXI.
305 1081 355 1144 58.
380 1082 459 1156 Quid
476 1081 548 1142 milri
562 1084 602 1142 ad
617 1082 842 1142 defendendum
858 1081 985 1155 dedisti,
1000 1082 1080 1141 bone
1091 1095 1129 1139 ac·

114 1175 262 1228 cusator?
289 1165 363 1240 quid
379 1165 465 1226 hisce
479 1173 581 1225 autem
595 1167 635 1224 ad
650 1165 890 1241 suspicandum?
900 1197 941 1206 —
957 1165 1002 1224 Ne
1017 1164 1129 1224 exhere

112 1252 236 1310 daretur
252 1248 366 1309 veritus
384 1257 441 1309 est.
458 1281 501 1292 -
526 1249 644 1321 Audio,
660 1249 715 1308 sed
731 1249 844 1323 quade
860 1252 954 1306 causa
969 1247 1070 1306 vereri
1087 1247 1128 1321 de·

112 1332 213 1412 buerit
226 1348 315 1391 nemo
328 1331 461 1392 dicit.-
475 1331 614 1391 Habebat
627 1340 714 1406 pater
728 1331 760 1391 in
774 1329 935 1390 animo—
947 1330 1073 1390 Planum
1084 1329 1129 1387 lac.

113 1415 191 1481 Nihil
212 1422 273 1474 est:
295 1431 373 1487 non,
399 1413 522 1490 quicum
535 1413 722 1484 deliberarit,
746 1431 838 1489 quem
854 1411 1014 1474 certiorem
1030 1410 1130 1481 lecerit

112 1498 195 1558 unde
221 1498 303 1560 istud
324 1497 412 1557 vobis
434 1496 586 1572 suspicari
611 1496 642 1555 in
662 1505 792 1556 mentem
813 1495 938 1557 venerit.
970 1497 1067 1569 Quum
1084 1495 1131 1554 hoc

112 1581 205 1641 modo
227 1596 372 1653 accusas,
398 1580 504 1655 Emci,
533 1596 635 1639 nonne
655 1580 714 1641 hoc
733 1579 945 1654 palamdicis=
982 1580 1049 1654 Ego
1070 1576 1132 1671 quid

61 1726 64 1739 ,
109 1663 284 1738 acceperim
306 1664 387 1736 scio,
414 1663 488 1738 quid
514 1663 611 1722 dicam
632 1663 752 1724 nescio·
782 1680 874 1723 unum
895 1662 970 1721 illud
992 1658 1131 1736 spectavi,

110 1747 198 1822 quod
212 1709 430 1824 Chrysogonus
448 1746 563 1819 aiebat,
584 1745 735 1806 neminem
755 1745 805 1806 isti
820 1754 982 1820 patronum
996 1747 1131 1805 futurum:

109 1831 152 1890 de
168 1831 317 1891 bonorum
333 1831 486 1905 emptione
504 1831 605 1904 deque
624 1845 662 1890 ea
677 1830 822 1889 societate
836 1827 989 1888 neminem
1003 1845 1074 1888 esse
1088 1822 1132 1901 qul

33 1972 36 1991 s
111 1914 239 1974 verbum
256 1914 358 1973 lacere
371 1913 431 1974 hoc
446 1922 583 1987 tempore
597 1914 744 1972 auderet?
756 1912 840 1971 Haec
855 1922 884 1971 te
898 1911 1003 1986 opinio
1020 1907 1113 1972 laisa
1105 1924 1131 1967 ιιι

39 1998 42 2007 ’
111 1994 201 2055 istam
219 1996 356 2054 fraudem
371 1995 503 2070 impulit:
529 2012 589 2054 non
604 1995 794 2055 mehercules
814 1995 939 2054 terbum
954 1994 1095 2065 fecisses,
1108 1987 1130 2050 si

111 2076 598 2151 tibrquemquamresponsurum
615 2086 768 2152 putasses.
799 2075 849 2137 59.
873 2078 991 2152 Operae
1005 2075 1130 2153 precium

109 2167 192 2232 erat,
207 2159 232 2218 si
248 2158 521 2232 animadvertistis,
543 2159 677 2233 iudices,
692 2160 906 2235 negligentiam
922 2160 989 2220 eius
1005 2160 1038 2220 in
1052 2174 1129 2219 accu-

108 2243 211 2303 sando
238 2241 442 2303 considerare.
480 2237 592 2315 credo,
615 2260 708 2317 quum
725 2243 854 2303 'vidisset
877 2243 929 2318 qui
949 2238 1129 2304 hominesin

110 2325 199 2384 hisce
222 2324 376 2406 subselliis
392 2326 551 2405 sederent,
574 2326 736 2399 quaesisse
755 2344 827 2386 num
842 2327 892 2386 ille
907 2335 958 2386 aut
972 2326 1023 2386 ille
1038 2326 1129 2387 delen·

109 2424 204 2467 surus
219 2416 315 2468 esset:
339 2409 377 2468 de
392 2424 440 2468 me
455 2424 494 2468 ne
509 2408 697 2483 suspicatum
715 2409 836 2483 quidem
851 2426 936 2484 esse,
953 2410 1038 2485 quod
1053 2416 1129 2468 antea

108 2505 237 2548 causam
258 2489 410 2565 publicam
429 2491 542 2550 nullam
563 2491 701 2552 dixerim.
732 2493 935 2568 Posteaquam
956 2491 1073 2552 invenit
1086 2505 1128 2550 ne

111 2572 222 2631 minem
237 2589 357 2644 eorum,
374 2571 427 2647 qui
441 2583 572 2648 possunt
585 2583 615 2635 et
630 2577 743 2648 solent,
759 2574 800 2635 ita
814 2577 972 2651 negligens
985 2592 1057 2636 esse
1071 2587 1128 2634 coe-

112 2653 171 2728 pit,
186 2663 220 2715 ιιι
237 2672 329 2728 quum
344 2655 374 2714 in
389 2656 519 2716 mentem
533 2657 650 2718 veniret
664 2658 706 2733 ei,
723 2657 886 2732 resideret,
905 2659 1017 2719 deinde
1030 2656 1129 2754 spatia-

109 2746 207 2810 retur,
228 2754 459 2813 nonnumquam
469 2739 558 2800 etiam
573 2758 714 2816 puerum
717 2750 857 2815 vocaret,
882 2743 991 2816 credo,
1008 2741 1057 2802 cui
1072 2731 1129 2799 oo'e·

78 2836 182 2909 nam
194 2818 374 2895 imperaret,
397 2839 524 2896 prorsus
538 2833 571 2891 ut
584 2831 688 2885 vestro
704 2841 856 2885 consessu
870 2833 900 2885 et
913 2824 973 2884 hoc
989 2829 1130 2887 conventu

110 2921 167 2978 pro
190 2921 307 2966 summa
327 2905 489 2966 solitudine
506 2907 643 2968 abuteret
631 2916 688 2968 ι.ιιι
730 2907 820 2967 XXII
842 2907 893 2968 60
915 2902 1130 2969 Peroravitali·

111 2989 249 3060 quando·
276 2986 409 3048 adsedit:
436 2989 555 3050 surrexi
575 3007 643 3064 ego.
676 2989 840 3064 Respirare
859 2990 946 3051 visus
967 2992 1030 3065 es't,
1058 2983 1132 3064 qul(l

109 3084 173 3127 non
191 3070 268 3131 nllus
289 3070 391 3146 potius
413 3070 536 3133 diceret.
574 3073 669 3148 Coepi
684 3073 795 3137 dicere.
830 3073 937 3148 Usque
952 3090 990 3134 eo
1006 3036 1130 3134 animad-

88 3143 202 3223 verti,
226 3153 357 3226 iudices,
380 3155 556 3236 eumiocari
576 3156 943 3231 atquealiasresagere,
964 3165 1132 3250 antequam

108 3231 343 3308 chrysogonum
368 3238 536 3300 nominavi.
564 3255 655 3315 quem
680 3239 768 3299 simul
796 3247 888 3313 atque
915 3233 1014 3314 attigi,
1041 3237 1132 3300 statim

110 3312 203 3374 homo
227 3332 261 3375 se
283 3320 386 3381 erexit.
418 3322 521 3382 Mirari
540 3322 627 3383 visus
649 3330 704 3384 est.
737 3315 875 3383 Intellexi
898 3323 972 3396 quid
993 3340 1063 3384 eum
1082 3337 1132 3396 pn·

7 3416 11 3421 ‘
93 3397 263 3471 pugisset.
290 3401 400 3462 lterum
422 3421 458 3464 ac
475 3405 562 3466 tertio
581 3399 745 3481 nominavi.
776 3405 886 3466 Postea
908 3405 1048 3468 homines
1072 3418 1131 3465 cur·
