2356 3854
123 202 185 267 178
403 198 476 256 PRO
491 198 524 256 L.
538 196 702 255 MURENA
718 194 868 254 ORATIO.
933 192 936 203 ”

24 375 26 381 ’
123 348 302 422 cognomine
319 347 387 422 ipso
403 346 672 420 praeseferebat,
696 345 839 413 eamdem,
853 343 903 403 hic
923 343 983 404 sibi
1002 360 1038 402 ex
1049 347 1080 404 Αι

123 431 244 492 nomine
258 429 438 502 adsumpsit.
483 428 532 489 32.
557 428 620 501 Quo
643 427 765 502 quidem
786 428 815 486 in
832 428 914 486 bello
930 426 1025 488 vinus
1041 429 1080 487 eni

123 514 245 590 egregia
257 513 298 571 M.
315 511 450 582 Catonis,
469 511 574 584 proavi
587 509 643 570 tui:
662 528 722 584 quo
738 511 800 582 ille,
819 527 911 584 quum
927 519 1025 582 esset,
1041 520 1069 570 ut

122 597 193 657 mihi
208 604 323 668 statuo,
335 595 417 665 teth,
434 597 552 669 qualem
568 602 597 653 te
613 609 683 652 esse
699 593 797 665 video,
813 609 979 667 numquam
995 609 1057 652 cum
1071 594 1080 652 t

121 680 318 740 brioneesset
332 679 495 753 proiectus,
511 678 536 736 si
553 692 620 735 cum
639 675 821 735 mulierculis
837 676 1008 735 bellandum
1022 678 1078 734 arbi

122 772 212 823 retur.
241 763 345 836 Neque
361 777 433 820 vero
451 777 518 819 cum
532 759 563 817 P.
577 758 721 819 Africano
741 767 864 818 senatus
879 759 1003 832 egisset
1018 768 1049 818 ut
1061 761 1080 817 le

123 855 170 905 tus
185 845 267 905 fratri
288 843 546 919 proficisceretur,
571 858 662 916 quum
684 842 752 916 ipse
772 843 873 916 paullo
895 851 965 901 ante
980 842 1080 900 Hannil

121 945 161 988 ex
180 928 265 988 ltalia
286 929 431 1001 expulso,
459 942 497 984 ex
519 925 624 985 Africa
648 924 760 996 eiecto,
785 923 971 996 Karthagine
995 941 1080 999 oppre

20 1054 30 1065 .
120 1009 259 1071 maxhnis
274 1009 417 1085 periculis
437 1025 500 1067 rem
517 1007 667 1082 publicam
683 1008 857 1080 liberasset,
881 1007 940 1066 nisi
960 1007 1032 1066 illud
1050 1024 1080 1081 gr

82 1095 88 1106 '
120 1094 232 1154 bellum
248 1102 277 1150 et
291 1093 455 1150 vehemens
471 1100 632 1166 putaretur.
663 1091 727 1149 XV.
749 1091 841 1164 Atqui
858 1090 884 1149 si
899 1089 1080 1163 diligentcrq

120 1175 308 1235 Mithridates
329 1175 460 1248 potuerit
474 1183 503 1233 et
524 1173 596 1247 quid
613 1172 748 1232 effecerit
768 1173 864 1246 etqui
883 1172 928 1230 vir
943 1174 1031 1232 luerit
1044 1190 1080 1231 cor

122 1257 247 1330 deraris,
264 1256 404 1315 omnibus
418 1258 550 1330 regibus,
568 1256 747 1330 quibuscum
762 1257 896 1330 populus
911 1255 1080 1314 Romanusl

121 1340 181 1399 lum
196 1337 306 1414 gessit,
329 1339 409 1397 hunc
423 1355 525 1412 regem
541 1338 677 1397 nimirum
692 1348 876 1413 antepones=
898 1355 988 1411 quem
1004 1339 1036 1396 L.
1050 1339 1080 1396 Sr

121 1423 252 1481 maximo
268 1429 299 1480 et
312 1421 476 1481 fortissimo
491 1420 639 1491 exercitu,
660 1438 784 1495 pugnax
802 1431 833 1482 et
849 1437 920 1479 acer
937 1430 968 1480 et
983 1438 1042 1479 non
1057 1438 1080 1479 n

31 1512 34 1519 '
121 1505 299 1578 imperator,
316 1512 349 1563 ut
365 1503 445 1571 aliud
462 1503 533 1563 nihil
549 1504 661 1576 dicam,
681 1521 772 1578 quum
788 1505 898 1564 bellum
914 1503 1077 1563 invexisset

123 1596 183 1646 tum
198 1586 227 1646 in
243 1585 356 1657 Asiam,
373 1602 440 1645 cum
456 1603 531 1660 pace
546 1586 673 1646 dimisit:
691 1603 780 1661 quem
793 1588 825 1646 L.
841 1587 976 1658 Murena,
992 1596 1072 1661 pater

121 1670 222 1742 iusce,
249 1669 514 1729 vehementissime
534 1667 822 1745 vigilantissimeque
842 1679 1000 1741 vexatum,
1025 1686 1080 1743 repr

30 1752 33 1757 ’
121 1770 188 1813 sum
203 1769 311 1827 magna
328 1769 365 1812 ex
380 1761 482 1827 parte,
502 1769 562 1812 non
576 1769 757 1827 oppressum
772 1752 907 1827 reliquit:
931 1754 983 1826 qui
998 1769 1064 1821 rex,

120 1836 237 1910 aliquot
258 1834 346 1894 annis
372 1837 500 1911 sumptis
524 1837 563 1894 ad
588 1836 809 1896 confirmandas
829 1835 964 1895 rationes
986 1845 1016 1894 et
1038 1851 1080 1907 cop

120 1917 199 1988 belli,
213 1927 324 1977 tantum
336 1935 392 1992 spe
405 1926 577 1992 conatuque
587 1918 704 1990 valuit,
704 1928 736 1978 ut
747 1935 781 1978 se
794 1919 946 1978 Oceanum
960 1933 1029 1977 cum
1039 1919 1080 1975 Por

121 1999 246 2059 Sertorii
258 2000 363 2075 copias
379 2016 445 2060 cum
461 2000 525 2060 suis
540 2001 767 2061 coniuncturum
779 2010 906 2084 putaret·
936 2000 987 2062 33.
1004 2003 1049 2059 Ad
1061 2018 1080 2072 qt

120 2082 231 2141 bellum
252 2082 371 2141 duobus
392 2083 568 2142 consulibus
588 2083 629 2142 ita
649 2085 766 2157 missia,
791 2093 824 2144 ut
847 2086 922 2144 alter
943 2084 1080 2143 Mithrida

120 2173 363 2259 persequeretur,
379 2166 453 2224 alter
466 2165 637 2242 Bithyniam
655 2175 752 2227 tuerat
742 2178 796 2238 t,ur
814 2168 937 2226 alterius
954 2183 1005 2226 res
1022 2177 1050 2226 et
1063 2176 1080 2225 tt

120 2256 151 2307 et
169 2246 244 2306 mari
265 2248 458 2308 calamitosae
473 2248 667 2308 vehementer
680 2258 711 2309 ct
727 2266 802 2323 opes
823 2249 904 2323 regis
920 2259 950 2310 ct
967 2266 1072 2314 nomen

119 2339 242 2390 xerunt:
256 2332 289 2390 L.
301 2330 416 2390 Luculli
429 2347 501 2391 vero
510 2348 563 2392 res
577 2340 674 2391 tantae
687 2333 873 2403 exstiterunt,
891 2341 924 2391 ut
936 2347 1080 2407 nequens

119 2412 229 2471 beilum
246 2414 473 2474 commemorari
491 2415 589 2488 possit
604 2432 703 2489 neque
718 2417 832 2474 maiore
848 2415 976 2474 consilio
994 2425 1024 2474 ct
1036 2415 1080 2472 virt

120 2503 246 2569 gestum.
290 2498 363 2555 Nam
391 2514 482 2573 quum
505 2498 595 2566 totius
618 2500 747 2572 impetus
768 2498 839 2557 belli
863 2496 901 2556 ad
925 2499 1080 2575 Cyzicenot

8 2617 11 2626 .
120 2577 239 2636 moenia
262 2579 450 2639 constitisset
474 2596 602 2654 eamque
627 2583 731 2639 urbem
758 2581 814 2640 sibi
839 2581 1028 2639 Mithridates
1041 2580 1080 2637 'Ar

120 2662 238 2719 ianuam
254 2662 320 2721 lore
336 2663 519 2735 putavisset,
539 2680 598 2736 qua
614 2663 738 2723 effracta
758 2671 788 2721 et
802 2665 925 2722 revulsa
946 2671 1010 2722 tota
1031 2670 1080 2736 patr

119 2743 284 2819 provincia,
304 2745 489 2818 perlectatab
500 2746 625 2806 Lucullo
640 2747 716 2806 hacc
729 2753 799 2805 sunt
814 2745 922 2811 omnia,
942 2755 974 2805 ut
987 2742 1080 2804 urbsfi

117 2826 302 2887 lissimorum
327 2827 478 2888 sociorum
504 2831 717 2889 defenderetur
743 2837 772 2889 ct
797 2845 902 2886 omnes
928 2829 1036 2901 copiae
1058 2840 1080 2882 rt

118 2909 311 2971 diuturnitate
326 2912 516 2972 obsessionis
530 2920 787 2971 consumerentur.
815 2911 900 2984 Quid,
916 2911 998 2970 illam
1015 2924 1080 2985 pugn

119 2996 255 3054 navalem
275 2996 314 3053 ad
329 2994 498 3068 Tenedum,
521 3012 612 3068 quum
629 3004 770 3055 contento
787 3011 894 3066 cursu,
919 2992 1068 3053 acerrimis

119 3074 218 3161 cibuS,
240 3077 371 3138 hostium
394 3077 502 3137 classis
517 3077 630 3136 Italiam
650 3095 706 3152 spe
730 3087 820 3152 atque
842 3077 950 3136 animis
971 3077 1069 3135 inflata

120 3145 207 3228 teret,
229 3161 374 3220 mediocri
396 3160 557 3221 certamme
578 3170 608 3220 e
628 3177 722 3234 parva
744 3159 935 3219 dimicatione
951 3161 1080 3219 commiss

119 3237 292 3302 arbitraris?
319 3245 403 3304 Mitto
420 3244 552 3318 proelia:
574 3252 731 3318 praetereo
748 3242 994 3317 oppugnationes
1016 3238 1079 3315 oppi

117 3335 194 3377 rum.
234 3323 388 3398 Expulsus
404 3343 499 3400 regno
513 3329 632 3389 tandem
648 3327 811 3400 aliquando
827 3335 939 3385 tantum
957 3335 1079 3384 tumens

89 3480 90 3485 ἵ
119 3401 187 3462 silio
200 3411 291 3478 atque
303 3408 479 3468 auctoritate
491 3409 591 3477 valuit,
604 3417 637 3467 ut
649 3425 683 3467 se
694 3425 765 3481 rege
776 3408 987 3468 Armeniorum
999 3407 1080 3467 adiun
