2356 3854
129 173 194 240 too
356 175 431 235 ruo
444 170 548 236 mou
564 141 759 235 autoraao
776 173 934 235 orario.

127 344 254 388 rannum
268 323 405 397 inveniri,
422 324 545 384 atthaeo
560 323 701 396 omittam,
715 322 803 383 cuius
819 323 892 384 tanti
906 323 1022 385 luroris
1034 324 1087 385 luit
1097 340 1143 385 ou·

129 428 185 471 nes
201 425 299 483 reges,
315 424 444 482 quorum
458 408 542 468 multi
556 416 649 466 erant·
657 405 783 478 finitimi,
798 422 909 466 omnes
925 407 1044 480 socios,
1058 423 1143 467 omnes

128 495 239 552 liberos
253 493 401 566 populos,
424 506 531 550 omnes
546 489 735 563 provincias,
758 488 861 549 omnia
879 491 1019 565 deniqne
1032 490 1143 550 omniun

127 591 210 634 arma
221 583 327 634 contra
341 590 376 634 se
388 591 479 632 unum
492 574 645 633 excitaret
658 571 794 645 Quonam
804 570 856 631 ille
871 573 966 633 modo
979 589 1050 632 cum
1061 588 1143 646 regno,

127 675 197 718 cum
210 658 319 730 domo,
334 673 403 716 cum
419 657 563 730 coniuge,
584 671 654 715 cum
675 654 833 716 carissimo
855 655 921 716 lilio
937 656 1099 716 distractas
1109 670 1143 715 es·

128 750 188 813 set,
208 747 292 800 tanto
314 741 432 799 scelere
454 755 516 798 non
536 739 628 798 modo
651 739 802 812 perlecto,
825 738 882 797 sed
902 738 997 799 etiam
1015 738 1144 812 cogitatui
1168 801 1170 804 y

126 822 440 895 vl.16.At,cred0,
460 821 1142 881 haechomoinconsultusettemerariusnoa

127 905 259 966 videbat.
281 904 355 978 Quis
370 904 589 964 consideratior
602 904 676 963 illo?
692 904 774 980 [quis
786 904 928 978 tectiort]
943 905 1017 977 quis
1033 884 1141 978 pru'den·

127 989 207 1049 tior?
223 1005 407 1064 quamquam
419 988 477 1048 huc
489 987 557 1046 loco
569 985 744 1046 Deiotarum
759 1002 819 1045 non
834 994 896 1046 tarn
910 985 1039 1060 ingenio
1055 994 1141 1060 etprc

19 1086 24 1100 ·
128 1070 231 1131 dantia
248 1088 339 1147 quam
354 1072 415 1130 lide
429 1079 459 1130 et
472 1068 618 1143 religione
635 1068 714 1150 yitae
731 1069 958 1129 detendendum
976 1077 1061 1142 pulo.
1085 1070 1141 1128 Nota

127 1155 180 1215 tibi
201 1161 248 1214 est
268 1153 400 1213 hominis
420 1151 572 1226 probitas,
587 1151 619 1211 c.
632 1151 760 1223 Caesar,
782 1150 845 1211 noti
860 1167 982 1224 moreS,
1006 1161 1076 1213 nota
1087 1167 1140 1211 can·

129 1236 247 1296 stantia.
282 1235 336 1295 Cui
354 1252 461 1310 porro,
477 1235 528 1309 qui
543 1235 634 1294 modo
649 1233 755 1308 populi
768 1233 897 1294 Romani
912 1249 1029 1294 nomen
1041 1232 1140 1303 audivit

126 1317 260 1379 Deiotari
281 1317 452 1391 integritas,
481 1317 629 1392 gravitas,
644 1317 766 1388 virtue,
786 1316 863 1377 fides
883 1333 946 1376 non
967 1317 1072 1378 audita
1092 1321 1140 1375 esti

128 1401 216 1475 Quod
238 1400 329 1473 igitur
350 1400 468 1459 lacinus
491 1416 547 1459 nec
575 1399 773 1459 inhominem
792 1397 1140 1473 imprudentemcaderet

128 1491 253 1558 propter
280 1490 390 1542 metum
412 1482 583 1557 praesentis
603 1481 701 1553 exitii,
724 1482 834 1543 necin
857 1482 1082 1555 facinorosum,
1097 1478 1140 1541 alsi

68 1582 70 1589 ·
127 1575 212 1626 esset
233 1565 312 1626 idem
333 1565 583 1638 amentissimus,
604 1567 638 1626 id
661 1582 724 1627 vos
744 1573 777 1625 et
800 1581 818 1624 a
845 1564 912 1625 viro
934 1566 1052 1640 optimo
1072 1562 1140 1625 etab

127 1648 251 1709 homine
271 1647 393 1708 minime
413 1650 505 1709 stulto
527 1648 691 1721 cogitatum
720 1664 791 1708 esse
813 1646 1004 1722 confingitis.
1055 1646 1098 1709 tt.
1113 1648 1141 1705 tt

129 1749 218 1808 quam
235 1748 296 1791 non
313 1732 404 1793 modo
416 1748 478 1791 non
496 1729 692 1802 credibiliter,
708 1731 816 1791 sed-ne
831 1730 1011 1804 suspiciose
1026 1729 1140 1806 quiden!

128 1815 233 1888 Quum,
245 1815 351 1889 inquit,
367 1814 398 1873 in
413 1815 570 1874 castellum
582 1813 726 1875 Luceium
738 1813 872 1874 venisset
887 1821 917 1873 et
929 1814 1058 1874 domurn
1071 1810 1140 1887 regis,

127 1898 257 1973 hospitis
274 1895 332 1970 tui,
348 1899 549 1968 devertisses,
565 1898 652 1956 locus
667 1903 732 1956 erat
748 1896 881 1970 quidam,
899 1895 930 1955 in
948 1914 1015 1971 quo
1029 1904 1142 1957 erantea

128 1981 313 2055 composita,
336 1980 447 2055 quihus
467 1988 497 2039 te
517 1995 573 2038 rex
592 1994 752 2039 munerare
765 1977 979 2039 constituerat.
1023 1982 1142 2039 Huctoe

126 2063 246 2135 balneo,
262 2063 345 2138 prius
360 2080 450 2138 quam
464 2061 669 2135 accumberes,
683 2062 795 2123 ducere
811 2061 944 2122 volebat.
976 2063 1071 2124 Erant
1082 2058 1140 2121 euim

128 2147 248 2217 armati,
272 2147 323 2220 qui
344 2153 374 2206 te
396 2146 611 2218 interficerent,
632 2144 663 2203 in
682 2161 721 2206 eo
739 2144 809 2219 ipso
833 2145 903 2203 loco
921 2144 1076 2205 collocati.
1108 2141 1140 2200 En
1174 2196 1177 2210 ,

128 2230 256 2303 crimen,
271 2245 309 2287 en
324 2245 434 2301 causa,
457 2244 511 2288 cur
524 2244 627 2302 regem
643 2224 795 2302 fugitivus,
812 2226 973 2287 dominum
990 2243 1096 2290 servus
1106 2240 1138 2284 ac·
1174 2258 1175 2263 κ

128 2321 224 2372 cusat.
255 2313 320 2386 Ego
337 2312 542 2383 mehercules,
564 2312 686 2383 Caesar,
700 2309 797 2383 initio,
811 2327 905 2384 quum
920 2319 973 2372 est
989 2313 1030 2373 ad
1044 2327 1087 2372 me
1098 2308 1139 2369 isa
1172 2337 1176 2377 :

128 2410 223 2453 causa
237 2397 344 2467 delata,
360 2394 541 2470 Phidippum
556 2394 721 2465 medicum,
738 2409 861 2452 servum
880 2392 1014 2467 regium,
1030 2394 1080 2471 qui
1091 2405 1139 2452 cum
1170 2420 1175 2461 ι

126 2476 235 2549 legatis
251 2478 362 2540 missus
375 2487 467 2551 esset,
481 2479 519 2537 ab
531 2476 590 2537 isto
605 2477 802 2537 adolescente
813 2492 886 2536 esse
901 2474 1140 2553 corruptumhu
1169 2513 1178 2540 t

128 2575 196 2617 sum
224 2560 401 2634 suspicione
428 2576 611 2634 percussus:
639 2560 790 2620 Medicum
811 2557 946 2622 iudicem
970 2554 1139 2622 subornavit:
1173 2611 1178 2624 „

127 2641 221 2714 linget
234 2641 376 2702 videlicet
390 2643 515 2717 aliquod
537 2643 649 2703 crimen
666 2641 784 2702 veneni.
805 2640 869 2701 Etsi
886 2646 1138 2713 averitatelongt,
1170 2692 1171 2698 ,

126 2732 227 2785 umen
250 2740 269 2782 a
292 2725 512 2785 consuetudine
531 2725 706 2785 criminandi
726 2742 787 2785 non
807 2725 935 2785 multum
952 2745 1007 2789 res
1024 2726 1139 2787 eblone·
1169 2734 1171 2769 t

126 2809 186 2868 bat.
231 2806 279 2868 18.
303 2808 380 2880 Quid
400 2808 441 2868 ait
461 2809 622 2869 medicus?
640 2809 718 2867 Nihil
739 2809 778 2867 de
798 2824 929 2871 veneno.
985 2814 1028 2870 At
1048 2810 1076 2870 id
1093 2800 1138 2865 lieri
1176 2847 1178 2874 ,

129 2890 226 2966 potuit
242 2891 369 2966 primum
388 2891 536 2952 occultius
550 2890 581 2950 in
598 2889 721 2965 potione
736 2891 785 2949 vel
800 2891 828 2949 in
844 2889 931 2949 ciboe
949 2887 1137 2953 deindeetian
1168 2903 1178 2958 t

128 2975 280 3049 impunius
296 2975 343 3045 m,
366 2976 450 3050 quod
465 2992 557 3049 quum
568 2983 616 3034 est
633 2976 761 3045 lactum,
781 2973 885 3046 negari
901 2982 1020 3047 potest.
1062 2973 1090 3033 Si
1100 2982 1136 3044 pc·
1168 3001 1174 3041 ι

128 3057 186 3116 lam
202 3067 232 3117 te
246 3058 464 3131 interemisset,
486 3056 618 3118 omnium
641 3059 670 3116 in
687 3072 722 3117 se
736 3057 867 3130 gentium
883 3073 949 3116 non
967 3060 1066 3119 solum
1079 3050 1136 3115 odil,
1167 3083 1172 3123 ι

128 3141 184 3198 sed
202 3143 291 3201 etiam
303 3158 385 3200 arma
402 3141 617 3201 convertissem
640 3139 667 3199 si
684 3155 817 3211 veneno,
831 3137 915 3198 Iovis
940 3140 1026 3201 illius
1042 3135 1135 3215 quidem
1167 3151 1177 3207 t·

128 3217 287 3294 hospitalis
311 3241 420 3284 numen
439 3240 604 3299 numquam
628 3224 728 3284 celare
750 3221 916 3296 potuisset,
938 3222 1077 3285 homines
1093 3218 1134 3275 ¹⁰³·
1166 3256 1178 3287 2

128 3306 211 3361 tasse
232 3309 403 3381 celavisset.
448 3308 535 3380 Quod
555 3307 644 3381 igitur
658 3315 687 3365 et
707 3303 811 3364 conari
826 3304 982 3365 occultius
996 3315 1027 3367 et
1039 3303 1133 3365 elllcett
1166 3312 1177 3376 p

129 3384 245 3446 cautius
263 3389 368 3462 potuit,
384 3387 413 3447 id
434 3388 495 3463 tibi,
512 3397 542 3449 et
554 3388 672 3449 medico
686 3387 798 3448 callido
812 3393 842 3447 et
856 3402 963 3462 servo,
984 3395 1015 3448 ut
1029 3383 1132 3462 prabet
