2356 3854
355 145 436 204 cAP.
449 148 549 208 '1-3·
571 153 596 214 S·
616 156 711 212 1—-f-
979 152 1043 219 ³43

56 291 190 369 lenique
212 310 355 367 umquam
377 296 464 355 locus
487 296 741 370 amplissimorum
764 298 903 359 ordinum
920 300 1044 364 delectis

58 394 78 436 s
98 376 194 435 datus
210 384 266 445 esf,
281 385 314 435 ut
326 388 381 436 sua
393 377 494 436 studia
506 394 578 452 erga
594 380 687 439 fortes
699 388 730 440 et
745 381 883 442 bonos
857 399 949 454 crves,
965 401 1044 459 quse

56 468 92 518 lu
111 466 143 517 el
158 458 262 517 verbis
279 474 372 534 saepe
389 460 628 534 significassent,
642 478 675 520 re
690 470 720 521 et
734 465 891 524 sententiis
907 466 1044 527 declara-

57 551 88 613 t,
114 541 176 600 boe
200 542 336 614 profecto
348 550 489 617 tempore
505 559 571 602 eam
586 551 767 618 potestatem
783 562 902 605 omnem
918 565 973 608 vos
991 550 1043 610 ha-

56 626 104 707 ls,
122 630 158 683 ul
175 623 311 684 statualis
325 632 506 696 ulrumnos,
532 625 583 699 qui
600 643 722 700 semper
738 636 857 688 vestrae
875 632 1043 693 auctoritati

56 708 104 767 liti
124 705 252 778 fuimus,
277 723 398 780 semper
413 707 517 766 miseri
530 709 688 782 lugeamus
704 722 743 768 an
761 709 813 769 diu
831 713 930 771 vexati
943 730 960 772 a
974 731 1043 788 per·

57 788 172 849 ssimis
193 788 312 850 civibus
332 791 497 864 aliquando
519 807 581 864 per
591 808 647 849 vos
668 808 704 851 ae
727 808 782 864 per
796 802 928 852 vestram
942 795 1042 870 fidem,

56 882 154 933 utem
168 871 408 946 sapientiamque
422 889 601 932 recreemur.
630 873 658 934 5.
679 873 756 947 Quid
773 873 852 933 enim
866 876 954 936 nobis
968 879 1042 938 duo·

56 976 71 1027 r,
92 953 224 1027 iudices,
244 955 437 1027 laboriosius,
454 955 527 1030 quid
542 957 638 1030 magis
655 955 826 1030 sollicitum,
843 956 940 1030 magis
956 975 1042 1019 exer·

56 1055 103 1098 rm
123 1037 185 1096 dici
201 1045 253 1096 aul
266 1037 339 1111 fingi
355 1047 471 1111 potest,
495 1039 546 1112 qni
567 1056 624 1114 spe
644 1038 897 1112 amplissimorum
915 1041 1050 1114 praemi.
1078 1045 1080 1053 '
1126 1036 1128 1039 ’

56 1138 97 1180 un
120 1120 162 1178 ad
182 1120 411 1195 rempublicam
434 1121 556 1180 adducti
579 1130 661 1182 metu
676 1122 954 1182 crudelissimorum
970 1141 1042 1199 sup-

56 1206 172 1263 :iorum
189 1217 292 1262 carere
318 1219 378 1261 non
399 1211 584 1277 possumus?
603 1204 769 1278 Equidem
771 1214 906 1264 caeteras
928 1215 1043 1282 tempe·

56 1295 109 1346 tes
123 1292 154 1356 et
167 1285 340 1358 procellas
333 1303 364 1344 ιιι
379 1284 437 1344 illis
449 1287 605 1347 dumtaxat
613 1287 755 1348 fluctibus
776 1288 948 1349 contionum
964 1305 1042 1350 sern-

56 1366 193 1442 *putavi
207 1368 312 1429 Miloni
333 1384 404 1429 esse
429 1370 617 1460 subeundas,
639 1370 711 1447 qula
731 1387 852 1467 semper
873 1387 929 1445 pro
952 1372 1042 1433 bonis

56 1460 118 1511 rtra
131 1449 290 1525 improbos
306 1460 457 1525 senserat,
481 1455 512 1511 in
532 1429 644 1514 iudicio
667 1471 739 1513 vero
744 1452 835 1513 etin
851 1470 888 1513 eo
904 1455 1041 1528 consilio,

56 1550 118 1609 quo
136 1548 176 1592 ex
191 1534 309 1594 cunctis
325 1533 483 1595 ordinibus
498 1537 677 1610 amplissimi
693 1536 748 1594 viri
762 1535 939 1608 iudicarent,
956 1555 1039 1598 num·

56 1634 101 1675 rm
117 1615 290 1676 existimavi
304 1634 390 1691 spem
406 1619 496 1678 ullam
511 1635 582 1678 esse
593 1619 750 1677 habituros
765 1619 910 1679 Milonis
902 1621 1040 1680 mimicos

58 1699 131 1760 eius
144 1716 204 1759 nou
217 1701 308 1759 modo
323 1703 448 1760 salutem
461 1702 723 1775 exstinguendam,
740 1700 797 1759 sed
812 1700 901 1760 etiam
915 1703 1041 1774 gloriam
1124 1726 1126 1732 >

56 1800 62 1816 ·
82 1785 163 1842 tales
182 1781 267 1841 viros
290 1782 522 1855 infringendam.
558 1778 594 1843 6.
610 1783 799 1856 Quamquam
814 1781 844 1839 in
860 1782 918 1841 hac
936 1798 1039 1855 cause,

56 1865 145 1936 ieeS,
165 1866 197 1924 T.
220 1864 311 1923 Annii
338 1865 504 1934 tribunatu,
525 1866 616 1924 rebus
632 1863 772 1930 omuibus
797 1879 852 1938 pro
881 1865 984 1924 salute·
997 1864 1042 1924 rei

56 1947 153 2024 plicae
167 1948 262 2022 gestis
274 1948 313 2006 ad
329 1946 418 2006 huius
436 1946 569 2006 oriminis
580 1946 788 2007 defensionem
799 1963 860 2005 non
874 1947 1040 2007 abutemur.

56 2032 69 2089 1
86 2031 188 2090 oeulis
202 2030 338 2090 videritis
352 2029 480 2099 iusidias
492 2028 597 2090 Miloni
612 2046 630 2089 a
650 2029 754 2090 Clodio
771 2045 841 2088 esse
857 2030 968 2100 factas,
985 2046 1041 2090 nec

56 2113 203 2173 >necaturi
222 2128 343 2186 sumus,
358 2121 392 2173 ul
403 2112 516 2172 crimen
531 2113 590 2172 'noc
606 2113 694 2173 nobis
710 2121 833 2203 propter
849 2115 941 2172 multa
955 2131 1040 2208 pree-

56 2213 92 2257 ra
105 2195 136 2254 in
149 2213 213 2255 rem
229 2196 381 2274 publicam
395 2195 499 2256 merita
512 2196 701 2271 condonetis,
716 2211 772 2254 nec
792 2195 980 2268 postulaturi,
998 2203 1039 2267 ut,

56 2279 185 2339 morsP.
201 2278 507 2340 Clodiisalusvestra
530 2264 631 2351 fuerit,
654 2278 768 2339 idcirco
785 2293 852 2336 eam
867 2277 970 2352 virtuti
949 2277 1041 2336 tMi·
1062 2324 1065 2347 ,

58 2364 90 2422 is
113 2363 217 2436 potius
240 2378 330 2436 quam
350 2362 456 2438 populi
471 2363 598 2422 Romani
613 2359 748 2420 felicitati
766 2358 943 2433 adsignetis.
988 2359 1040 2419 Sin

56 2462 91 2507 rs
107 2444 238 2504 insidiae
254 2445 397 2505 clariores
413 2446 471 2505 hac
487 2447 554 2505 luce
570 2444 695 2517 fuerint,
715 2450 778 2503 tum
801 2441 1040 2517 deniqueobse·

56 2531 102 2588 bo
119 2527 358 2602 obtestaborque
372 2545 445 2598 νοε,
445 2550 447 2554 ·
470 2523 603 2600 iudices,
618 2526 644 2587 si
659 2537 780 2588 caetere
793 2525 965 2596 amisimus,
980 2526 1040 2586 hoc

56 2620 119 2671 tem
134 2612 223 2670 nobis
236 2618 270 2671 ut
281 2611 477 2693 relinquatur,
494 2611 585 2671 vitem
599 2611 637 2670 ab
652 2610 840 2670 inimicorum
855 2608 983 2669 audacia
998 2618 1040 2669 te·

56 2710 110 2769 que
126 2701 159 2752 ut
172 2693 296 2768 impune
309 2688 398 2753 liceat
412 2693 585 2755 defendere.

68 2772 168 2840 111.f
184 2776 246 2835 Sed
260 2783 330 2835 ante
345 2791 435 2850 quam
449 2776 490 2834 ed
502 2791 569 2834 eam
578 2740 747 2836 orationem
763 2774 870 2848 venio,
893 2790 971 2847 quae
996 2779 1044 2831 est·
1064 2848 1067 2852 Ι

56 2860 138 2934 »pria
151 2868 272 2918 vestrae
287 2856 486 2952 quaestionis,
500 2856 640 2916 videntur
651 2874 689 2917 ea
702 2857 775 2916 mibi
792 2873 863 2917 esse
873 2852 1043 2924 refutanda,

56 2958 91 3003 sc
104 2950 137 3000 el
146 2941 176 3000 in
189 2949 297 3002 senatu
311 2940 369 3001 ab
361 2938 490 3000 mimicis
500 2954 595 3014 saepe
609 2939 719 2999 iactata
733 2946 845 2998 suntet
858 2934 1042 2995 incautione
1140 2967 1143 2970 ι

58 3023 213 3099 improbis
231 3033 262 3084 et
271 3025 374 3099 paullo
389 3031 460 3082 ante
475 3020 512 3079 ab
527 3021 773 3093 accusatoribus,
797 3028 831 3079 ut
845 3019 926 3078 omni
940 3031 1043 3075 errore

56 3109 212 3168 >latorem
228 3109 333 3182 plane,
358 3121 437 3180 quae
451 3103 554 3163 veniat
567 3103 598 3161 in
611 3103 772 3176 indicium,
785 3100 891 3160 videre
907 3097 1041 3194 possitis.

56 3196 131 3265 gant
146 3189 256 3250 intueri
273 3191 370 3249 lucem
388 3203 459 3248 esse
474 3186 520 3246 ias
534 3185 576 3257 ei,
592 3186 676 3258 quit
691 3201 727 3246 se
740 3184 891 3243 hominem
907 3181 1043 3243 occisum

56 3289 84 3332 re
105 3273 244 3333 fateatur.
287 3273 321 3330 ln
340 3286 402 3345 qua
417 3269 538 3329 undem
558 3266 634 3328 urbe
647 3267 707 3327 boc
722 3264 861 3326 homines
876 3265 1043 3326 stultissimi

56 3361 193 3432 putanti
207 3370 316 3430 nempe
330 3353 361 3413 iu
376 3368 427 3425 ee,
444 3368 523 3427 quae
538 3348 666 3427 primum
681 3348 824 3410 iudicium
835 3349 874 3410 de
889 3349 987 3423 capite
999 3347 1044 3409 vi·

996 3608 999 3613 »
1057 3561 1106 3624 ..ι’
