2356 3854
90 166 133 233 ra
241 238 244 255 ι
308 167 347 226 nr
364 166 396 225 c.
417 165 582 225 varrum
601 163 684 224 nor.
703 123 903 222 n.ura.1v.'
962 179 1013 207 -,

87 320 157 390 lum,
173 315 347 377 interesset:
369 314 453 374 illum
468 313 605 375 noluisse
622 329 679 375 sua
693 310 865 371 laudatione
886 309 992 370 iuvare
1008 312 1069 379 hl

87 401 207 469 callium,
226 398 340 457 sororis
359 396 464 469 virum,
481 397 601 471 quicum
614 395 726 469 optime
741 394 951 454 convenisset:
963 393 1069 456 hunch

86 482 157 544 mini
178 479 364 541 alienissimo
384 496 403 538 a
418 479 589 539 civitatibus
606 476 796 537 laudationes
815 475 948 561 pervim
963 486 1069 537 etmetr

86 579 274 637 comparare.
307 561 377 625 lta.
408 562 495 635 Quod
504 561 557 626 ubi
571 559 719 631 intellexi,
735 560 860 619 multum
875 558 961 632 apud
973 558 1069 618 illumi

86 653 190 706 cantas
206 645 350 717 nuncios,
377 647 502 705 multum
520 644 646 704 tabellas
667 638 729 703 non
751 641 1034 714 commendaticias,
1056 661 1069 702 s

85 728 257 788 tributarias
278 728 426 801 valuisse,
448 726 604 786 admonitu
619 725 882 803 Syracusanorum
899 724 1037 799 ipsorum
1056 726 1069 784 it

89 820 190 885 petum
204 810 234 872 in
248 826 301 870 eas
314 811 431 870 tabulas
446 810 536 880 lacio,
554 809 585 868 in
601 809 711 892 quibus
727 816 852 868 senatus
864 809 1036 868 consultum
1047 826 1069 882 pt

87 892 281 967 scripserant.
320 894 401 953 Ecce
422 901 522 952 autern
540 909 621 952 nova
635 891 723 951 turba
737 898 827 964 atque
842 890 924 962 rixa,
951 907 991 950 ne
1016 899 1069 950 tam

85 974 176 1036 istum
190 975 313 1035 omnino
328 968 490 1050 Syracusis
513 975 579 1034 sine
595 973 715 1047 amicis,
731 973 797 1034 sine
820 973 1004 1047 hospitibus,
1026 975 1069 1047 pla

86 1060 200 1118 nudum
226 1075 296 1117 csse
322 1073 358 1116 ac
383 1058 535 1118 desertum
552 1056 680 1132 putetis,
710 1054 840 1115 retinere
863 1055 969 1129 incipit
997 1057 1069 1115 tabul

85 1141 305 1200 Theomnastus
322 1139 453 1214 quidam,
467 1140 558 1200 homo
573 1139 704 1213 ridicule,
716 1139 858 1211 insanus,
875 1154 966 1214 quem
985 1138 1069 1214 Syrac

86 1224 152 1282 sani
164 1224 362 1283 Theoractum
381 1230 504 1282 vocant:
527 1222 578 1297 qui
595 1222 655 1281 illic
671 1221 736 1282 eius
748 1221 892 1292 modicst,
905 1231 939 1281 ut
949 1238 1019 1282 eum
1030 1239 1069 1295 pu·

86 1312 254 1377 sectentur,
277 1315 310 1364 ut
330 1321 452 1378 omneS,
477 1322 570 1379 quum
591 1305 673 1378 loqui
694 1304 809 1378 coepit,
832 1302 986 1364 irrideant.
1018 1302 1070 1363 Hui

84 1395 183 1446 lamen
199 1385 327 1457 insania,
343 1403 422 1460 quae
438 1387 565 1447 ridicula
579 1395 626 1447 est
639 1386 715 1458 aliis,
734 1387 805 1446 mi'ni
821 1396 883 1446 tum
897 1388 1027 1447 molesta
1040 1403 1069 1447 sa

86 1469 155 1529 luit:
171 1486 240 1528 nam
256 1486 349 1543 quum
367 1485 492 1543 spumas
507 1477 611 1542 ageret
625 1469 655 1528 in
671 1487 739 1542 ore,
761 1469 857 1531 oculis
879 1469 1016 1541 arderet,
1037 1486 1069 1528 vo

86 1551 217 1612 maxima
233 1553 293 1611 vim
308 1568 356 1612 mc
373 1552 431 1611 sibi
446 1553 565 1611 adlerre
581 1554 731 1623 clamaret,
748 1552 881 1626 copulati
895 1553 926 1611 in
943 1552 993 1612 ius
1008 1568 1069 1627 perr

84 1633 200 1713 nimus.
227 1632 295 1696 149.
329 1635 385 1695 Hic
403 1651 461 1709 ego
475 1637 631 1709 postulare
646 1637 750 1710 coepi,
766 1644 798 1695 ut
811 1635 883 1694 mihi
899 1636 1020 1695 tabulas
1034 1636 1069 1694 oh

85 1732 178 1791 gnare
192 1734 228 1777 ac
244 1719 405 1792 deportare
422 1717 535 1778 liceret.
567 1719 619 1777 llle
641 1724 745 1778 contra
766 1718 883 1778 dicere:
911 1735 1024 1792 negare
1044 1734 1069 1777 ea

84 1799 157 1862 illud
172 1810 296 1861 senatus
318 1802 504 1876 consultum,
532 1800 563 1860 in
586 1817 646 1875 quo
674 1809 796 1875 praetor
817 1802 991 1875 appellatus
1018 1817 1069 1861 ess

42 1902 45 1905 ·
84 1899 196 1957 negare
216 1885 246 1942 id
268 1883 340 1944 mihi
351 1884 428 1942 tradi
444 1892 596 1959 oportere.
627 1885 692 1957 Ego
707 1886 804 1956 legem
818 1884 961 1962 recitare,
984 1883 1069 1947 omnir

83 1965 156 2023 mihi
175 1967 342 2025 tabularum
363 1973 393 2026 et
413 1966 576 2026 litterarum
597 1967 664 2026 heri
683 1974 874 2041 potestatem.
906 1968 960 2027 llic
983 1967 1069 2028 furios

84 2063 208 2120 urgere,
234 2049 306 2107 nihil
327 2048 368 2106 ad
389 2064 423 2107 se
436 2058 557 2109 nostras
572 2051 657 2123 leges
672 2049 832 2124 pertinere.
863 2050 990 2110 Praetor
1009 2051 1069 2110 inte,

84 2145 159 2203 gens
181 2145 292 2203 negare
310 2129 367 2189 sihi
393 2132 531 2206 placere,
558 2132 643 2207 quod
671 2140 795 2193 senatus
820 2134 994 2194 consultum
1019 2141 1069 2193 rati

86 2228 241 2272 essenon
268 2213 406 2286 deberet,
431 2213 463 2273 id
483 2231 531 2275 me
548 2217 675 2276 Romam
702 2217 873 2289 deportare.
903 2214 984 2288 Quid
1003 2216 1069 2275 mult

85 2295 145 2355 nisi
163 2295 371 2356 vehementius
385 2296 500 2357 homini
512 2298 643 2361 minatus
661 2300 778 2370 essem,
801 2298 860 2365 nisi
880 2297 958 2373 legis
984 2307 1069 2359 sanct

86 2395 155 2437 nem
170 2393 364 2454 poenamque
378 2379 571 2454 recitassem,
595 2382 764 2441 tabularum
784 2381 856 2439 mihi
875 2389 1014 2456 potestas
1037 2383 1069 2439 lat

85 2478 146 2521 non
161 2471 254 2523 esset.
286 2463 339 2520 Ille
353 2471 453 2524 autem
467 2463 610 2537 insanus,
627 2463 678 2538 qui
694 2480 749 2538 pro
770 2463 830 2524 isto
846 2463 1069 2524 vehementissir

86 2551 189 2617 contra
204 2561 253 2604 me
268 2545 481 2620 declamasset,
503 2555 665 2623 postquam
680 2563 741 2606 non
756 2545 997 2621 impetravisset,
1013 2562 1069 2605 oret

84 2634 118 2687 ut
133 2626 300 2701 ingratiam
315 2645 432 2689 mecum
446 2629 573 2703 rediret,
587 2630 719 2690 libellum
736 2629 807 2687 mihi
822 2630 887 2703 dat,
902 2629 933 2687 in
953 2646 1014 2704 quo
1027 2627 1070 2687 isti

84 2710 163 2770 furta
178 2709 373 2787 Syracusana
390 2712 560 2787 perscripta
583 2721 681 2773 erant:
705 2727 784 2787 quae
803 2728 861 2786 ego
885 2721 976 2774 antea
997 2712 1054 2772 iam

82 2792 142 2852 illis
156 2809 320 2868 cognoram
335 2804 366 2855 et
379 2811 568 2868 acceperam.

163 2877 281 2938 LXVll.
314 2877 383 2940 150.
415 2878 552 2939 Laudent
567 2887 597 2939 te
612 2878 675 2938 iam
689 2894 762 2938 sane
775 2875 954 2948 Mamertini,
971 2874 1069 2952 quonia

82 2977 122 3021 ex
138 2968 201 3022 tota
218 2959 375 3036 provincia
389 2960 446 3021 soli
465 2970 534 3021 sunt
554 2961 607 3038 qui
628 2969 656 3022 te
675 2962 792 3022 salvum
812 2960 921 3020 velint:
951 2959 993 3019 ita
1014 2969 1068 3036 tam

83 3045 221 3115 laudent,
252 3052 286 3104 ut
301 3043 411 3115 HeiuS,
439 3043 490 3116 qui
511 3043 655 3119 princeps
677 3044 837 3118 legationis
861 3052 924 3114 est,
953 3041 1069 3102 adsita,

82 3125 220 3197 laudent,
235 3127 381 3196 aledea,
397 3143 475 3200 quae
489 3127 586 3202 rogati
601 3137 697 3201 erunt,
712 3124 784 3187 mihi
798 3124 895 3201 parati
911 3124 972 3186 sint
985 3138 1069 3196 respo

83 3207 165 3266 dere.
196 3210 242 3268 Ac
257 3226 295 3269 nc
310 3209 444 3270 subitos
460 3226 508 3279 me
526 3209 751 3286 opprimantur,
765 3206 840 3269 haec
859 3225 925 3268 sum
937 3215 1069 3281 rogaturo

83 3289 197 3350 Navem
216 3294 330 3366 populo
350 3293 488 3354 Romano
510 3294 701 3355 debeantnei
735 3292 928 3354 Fatebuntur.
964 3289 1069 3348 Praetu

83 3371 179 3433 rintne
194 3383 333 3448 praetore
348 3377 379 3435 C.
397 3379 516 3437 Verre?
552 3378 720 3451 Negabunt.
751 3374 990 3438 aedificarintne
1005 3384 1069 3431 nave
