2356 3854
69 120 84 149 ὁ,

88 179 151 245 160
333 184 373 241 IN
387 183 420 241 L.
437 181 646 242 CATILINAM
660 181 802 241 ORATIO
817 184 870 241 lV.

86 334 135 394 cio
152 334 282 393 levando
300 348 334 391 se
349 333 459 391 iactare
478 341 507 391 et
521 331 550 389 in
568 331 733 404 perniciem
756 331 861 406 populi
879 334 1009 393 Romani
1028 343 1096 407 post·

84 415 308 490 lracpopularis
320 430 391 475 esse
402 416 514 509 possit·
527 414 661 488 admugit
670 414 758 474 etlam
770 415 1007 488 publicationem
1017 415 1097 476 bono

84 516 159 568 rum,
175 508 208 559 ut
222 514 329 558 omnes
344 497 435 556 animi
450 500 601 557 cruciatus
617 505 647 557 et
663 498 803 599 corporis
825 498 916 557 etiam
932 506 1053 573 egestas
1071 513 1097 557 at

84 581 263 642 mendicitas
281 589 497 654 consequatur.

167 665 218 722 Vl
249 664 297 725 ll.
328 663 569 736 Quamobrem,
596 663 662 721 sive
682 662 741 721 hoc
758 661 942 736 statueritis,
968 663 1097 724 dederitis

83 747 155 807 mihi
176 747 315 807 comitem
332 747 371 805 ad
388 747 560 806 contionem
578 747 811 821 populocarum
828 755 921 820 atque
939 746 1096 814 iucundum

84 830 150 890 sive
166 829 261 890 Silani
276 829 455 909 sententiam
472 829 561 903 sequi
577 828 755 901 malueritis,
773 829 862 887 facile
882 845 933 888 me
949 838 1040 904 atque
1053 844 1096 888 vos

83 913 268 973 crudelitatis
290 912 509 986 vituperatione
533 912 638 986 populi
663 910 792 970 Romani
817 913 996 985 exsolvam,
1024 919 1097 986 atque

83 996 226 1056 obtinebo
257 1012 324 1055 eam
350 996 443 1055 multo
465 994 611 1054 leniorem
635 993 740 1052 fuisse.
778 994 985 1068 Quamquam,
1014 1005 1096 1069 patres

83 1079 258 1157 conscripti,
276 1095 355 1151 quae
371 1086 472 1151 potest
487 1094 556 1137 esse
571 1076 601 1135 in
617 1076 690 1136 tanti
712 1079 837 1136 sceleris
857 1077 1043 1137 immanitate
1056 1093 1096 1152 pu·

82 1161 194 1220 nienda
210 1160 394 1220 crudelitas?
423 1161 488 1234 Ego
506 1160 584 1218 enim
599 1159 637 1218 de
651 1175 719 1218 meo
735 1176 830 1220 sensu
844 1160 960 1228 iudico.
983 1160 1055 1220 Nam
1068 1159 1096 1217 1ιι

81 1243 155 1302 mihi
169 1245 255 1303 salva
271 1258 305 1301 re
323 1241 444 1316 publica
459 1243 618 1302 vobiscum
635 1243 749 1317 perfrui
769 1244 874 1314 liceat,
890 1253 1015 1320 mago,
1030 1242 1095 1318 quod

83 1325 114 1386 in
132 1326 189 1384 hac
205 1341 299 1385 causa
316 1325 524 1384 vehementior
539 1341 616 1396 sum,
637 1342 697 1385 non
710 1325 869 1386 atrocitate
883 1327 976 1385 animi
991 1339 1096 1385 moveor

82 1442 126 1454 -
141 1407 210 1482 quis
223 1416 269 1466 est
284 1407 363 1465 enim
377 1424 425 1467 me
439 1407 560 1467 mitior?
575 1441 623 1479 -,
638 1409 693 1467 sed
702 1408 998 1482 singulariquadam
1011 1409 1097 1469 tuna

1 1488 2 1494 ’
85 1492 177 1551 nitate
194 1498 224 1550 et
237 1489 454 1550 misericordia.
472 1490 588 1550 Videor
601 1491 680 1549 enim
695 1491 767 1550 milri
782 1490 887 1550 videre
902 1493 983 1552 hanc
1000 1492 1094 1559 urbem,

30 1562 39 1581 ¹
83 1578 182 1635 lucem
201 1572 283 1633 orbis
304 1581 451 1634 terrarum
466 1581 559 1648 atque
571 1589 672 1633 arcem
687 1574 820 1633 omnium
841 1575 992 1648 gentium,
1016 1572 1094 1635 subito

82 1675 144 1718 uno
168 1657 308 1717 incendio
332 1656 559 1717 concidentem:
583 1672 675 1716 cerno
697 1656 797 1716 animo
820 1660 941 1732 sepulta
964 1658 996 1716 in
1018 1652 1095 1732 pauit

82 1741 211 1802 miseros
226 1747 317 1814 atque
334 1739 504 1814 insepultos
520 1756 648 1800 acervos
664 1739 791 1803 civium:
809 1748 950 1799 versatur
963 1740 1094 1799 minianu

83 1826 191 1885 oculos
212 1831 356 1897 aspectus
372 1823 496 1898 Cethegi
511 1831 541 1882 et
552 1824 640 1883 furor
652 1822 683 1881 in
698 1832 801 1883 vestra
815 1823 911 1883 caede
927 1818 1094 1882 bacchantis

1 1901 2 1907 '
83 1908 132 1970 ta.
162 1907 258 1979 Quum
280 1922 351 1965 vero
374 1905 446 1965 mihi
468 1904 618 1981 proposui
637 1914 814 1979 regnantem
835 1901 1014 1977 Lentulum,
1035 1903 1095 1964 sicut

82 1991 150 2064 ipse
166 2005 204 2047 ex
216 1988 286 2048 fatis
298 2005 332 2048 se
345 2005 490 2062 sperasse
502 1990 666 2048 confessus
678 1997 733 2058 est,
746 1997 946 2063 purpuratum
957 2003 1029 2048 esse
1040 1982 1094 2045 huic

83 2071 258 2143 Gabinium,
274 2086 342 2131 cum
359 2073 494 2132 exercitu
511 2071 635 2131 venisse
650 2070 821 2145 Catilinam,
840 2080 904 2131 tum
926 2067 1093 2131 lamentatio

83 2170 153 2215 nem
164 2161 291 2213 matrum
310 2153 453 2225 familias,
474 2163 534 2214 tum
556 2156 657 2228 fugam
671 2153 821 2228 virginum
843 2162 936 2229 atque
950 2165 1095 2229 puerorum

82 2254 119 2299 ac
132 2237 326 2298 vexationem
341 2235 888 2331 virginumVestaliumperhorresco,
904 2247 944 2309 et,
961 2231 1094 2312 quiamihi

83 2321 280 2381 vehementer
295 2320 371 2378 haec
394 2320 534 2380 videntur
550 2319 661 2379 misera
677 2327 708 2378 at
709 2336 768 2393 que
786 2321 979 2390 miseranda,
1000 2319 1093 2379 idcirco

83 2403 113 2463 in
129 2420 194 2475 eos,
209 2403 312 2477 quiea
326 2402 474 2477 perficere
488 2404 659 2473 voluerunt,
639 2411 720 2462 tme
735 2419 876 2462 severum
888 2403 1093 2462 vehementem

84 2503 143 2561 que
160 2488 304 2561 praebeo.
343 2484 461 2563 Etenim
477 2502 606 2560 quaero,
629 2485 656 2544 si
668 2485 749 2580 ..quis
752 2489 864 2560 paterf
851 2485 998 2559 familias,
1012 2480 1093 2543 liberis

83 2569 149 2630 suis
167 2586 185 2627 a
201 2585 290 2628 servo
306 2568 482 2640 interfectis,
498 2583 596 2630 uxore
610 2566 722 2638 occisa,
741 2566 867 2628 incensa
883 2568 985 2640 domo,
999 2561 1093 2641 suppti-

83 2651 162 2713 cium
174 2652 215 2711 de
236 2667 326 2711 servo
343 2666 403 2709 non
424 2669 516 2727 quam
531 2651 762 2710 acerbissimum
778 2651 958 2725 sumpserit,
974 2661 1063 2712 utrum
1074 2645 1093 2703 is

83 2737 216 2795 clemens
232 2750 268 2794 ac
285 2733 460 2795 misericors
480 2753 524 2795 an
536 2734 805 2794 inhumanissimus
830 2743 860 2793 et
882 2733 1092 2795 crudelissimus

82 2836 154 2881 esse
170 2817 329 2877 videatur?
369 2818 441 2877 Μ11ι1
449 2836 533 2887 vero
549 2817 739 2890 importunus
755 2834 791 2876 ac
814 2818 948 2888 ferreus,
980 2816 1030 2892 qui
1047 2826 1091 2872 not

83 2905 189 2964 dolore
204 2909 234 2961 et
251 2901 384 2961 cruciatu
408 2901 548 2961 nocentis
564 2916 652 2959 suum
668 2900 805 2959 dolorem
826 2900 1051 2996 cruciatumque
1061 2897 1091 2954 le

83 2974 179 3046 aierit.
216 2982 267 3044 Sic
283 3001 339 3044 nos
357 2985 387 3044 in
403 2985 450 3044 his
467 2982 649 3052 hominibus,
668 2982 719 3056 qui
734 3000 801 3078 nos,
818 2984 870 3057 qui
887 2983 1042 3058 coniuges,
1054 2972 1090 3052 qui

82 3069 195 3129 liberos
210 3077 333 3128 nostros
346 3067 496 3127 trucidare
509 3068 676 3137 voluerunt,
694 3066 746 3151 qui
761 3067 897 3161 singulas
909 3069 1000 3128 unius
1012 3063 1090 3125 cuius

85 3165 144 3221 que
157 3159 294 3210 nostrum
312 3152 428 3211 dumos
443 3159 472 3210 el
488 3151 546 3210 hoc
561 3149 738 3208 universum
762 3150 805 3208 rei
827 3149 968 3223 publicae
989 3140 1088 3210 domici

83 3230 155 3289 lium
170 3232 271 3292 delere
288 3233 387 3294 conati
402 3243 486 3307 sunt,
506 3231 603 3308 quiid
617 3240 759 3306 egerunt,
785 3241 818 3290 ut
833 3241 956 3306 gentem
973 3231 1087 3317 Allobro·

84 3328 153 3385 gum
168 3313 197 3370 in
214 3316 349 3390 vestigiis
361 3317 450 3377 huius
464 3317 546 3377 urbis
558 3324 651 3388 atque
666 3314 695 3373 iu
708 3316 812 3374 cinere
823 3313 984 3389 deflagrati
996 3303 1086 3386 imperti

84 3395 283 3468 collocarent,
299 3398 326 3457 si
341 3397 597 3459 vehementissimi
612 3397 772 3469 fuerimus,
788 3396 1003 3458 misericordes
1017 3394 1084 3455 hate
