2356 3854
83 153 149 241 424
228 154 272 212 ¹IN
288 153 328 211 ln.
341 150 541 225 nnuonlttlu
556 87 696 209 OIIATIO
711 148 927 214 PHILIPPICA
943 150 978 208 II.

84 302 269 371 clarissimos
283 300 366 361 viros
378 301 460 360 soles
476 301 640 374 appellare,
656 307 768 360 tantam
779 308 889 360 essent
901 300 1027 374 gloriam
1040 325 1043 354 ι

84 387 188 452 secuti.
223 385 315 458 Quale
330 392 429 442 autem
444 383 624 442 beneficium
639 390 698 453 est,
717 383 802 457 quod
816 391 849 442 te
864 383 1043 444 abstinueris

83 471 159 532 fario
175 470 313 530 seelere‘t
348 466 413 539 Qua
429 467 459 524 in
474 483 509 525 re
525 480 587 525 non
601 473 660 524 tam
677 465 844 525 Iucundum
860 466 936 524 mihi
954 468 1043 526 videri

81 553 160 623 buit,
176 568 237 612 non
251 550 439 609 interfectum
453 557 613 623 alequam
626 547 768 608 miserum
782 556 811 608 te
828 548 861 607 id
875 548 1003 631 impune
1018 552 1043 608 la

83 634 232 711 potuisse
272 633 305 694 16.
322 631 383 691 Sed
399 631 438 692 sit
454 632 651 703 beneficium,
671 632 792 704 quando
809 632 940 706 quidem
951 636 1043 693 melu

83 718 177 792 eipia
199 718 315 776 latrone
337 716 451 775 nullum
466 715 577 788 potuit:
599 713 630 773 in
648 731 709 789 quo
725 722 813 789 potes
833 732 883 775 me
899 717 1027 777 dicere
1020 736 1043 775 ιι

81 807 165 887 tum?
191 802 239 860 An
261 799 299 858 de
320 797 442 857 interitu
459 797 502 856 rei
519 795 657 871 publicae
673 797 759 871 queri
773 814 835 857 non
851 800 970 872 debui,
993 818 1043 859 ne

83 862 217 958 Ingratus
233 881 374 940 viderent
400 879 466 939 Αι
459 897 488 939 ιιι
504 881 555 939 illa
569 882 707 954 querele,
728 881 840 941 misera
864 883 994 956 quidem
1012 893 1040 943 et

83 975 186 1039 tunsa,
208 964 264 1026 sed
284 963 357 1023 mihi
371 979 426 1038 pro
437 963 496 1023 hoe
510 964 641 1038 gradus
633 980 664 1022 ιιι
679 981 739 1038 quo
757 981 804 1024 me
823 975 958 1028 senatus
975 984 1043 1041 popu

39 1104 45 1120 ,
84 1065 145 1143 que
158 1012 314 1109 IIomanus
329 1047 502 1118 collocavit,
522 1047 713 1120 necessaria,
734 1047 807 1121 quid
826 1056 879 1108 est
905 1049 1043 1111 dictumt

85 1133 152 1194 eum
175 1129 376 1192 contumelia?
408 1129 481 1204 quid
509 1146 570 1190 non
595 1131 771 1191 moderate?
804 1131 880 1205 quid
911 1149 977 1191 non
1005 1151 1043 1192 an

5 1262 6 1266 ,
84 1215 171 1291 Quod
187 1213 308 1290 quidem
323 1211 410 1273 euius
424 1212 639 1287 temperandae
656 1213 711 1275 luit
724 1201 816 1273 deM.
828 1215 975 1275 Antonio
993 1234 1043 1291 qua

83 1309 142 1360 tem
158 1296 309 1357 abstinere
326 1296 507 1377 maledieto?
531 1297 709 1371 praesertim
734 1313 827 1371 quum
851 1304 884 1356 tu
908 1301 1043 1374 reliquia.

83 1379 224 1456 publicae
239 1378 475 1453 dissipavisses,
499 1397 591 1454 quum
599 1380 687 1439 domi
701 1389 771 1440 tuae
785 1380 972 1455 turpissimo
987 1399 1043 1442 rner

86 1461 188 1524 omnia
203 1469 307 1523 essent
322 1461 454 1534 venalia,
473 1480 566 1537 quum
576 1464 665 1538 ‘leges
681 1479 749 1535 eas,
767 1479 848 1536 quae
862 1481 1031 1539 numquam

84 1547 234 1619 mulgatae
256 1552 374 1616 essent,
400 1553 436 1605 et·
449 1545 487 1604 de
510 1555 539 1606 te
560 1554 676 1607 etate
697 1548 773 1606 latas
797 1548 1001 1622 confiterere,
1027 1568 1043 1623 q

85 1628 223 1705 auspicia
239 1644 343 1703 augur,
359 1627 609 1689 intercessionem
625 1631 732 1690 consul
744 1629 931 1690 sustulisses
941 1649 1043 1707 ‚quun

85 1729 136 1774 ses
154 1711 330 1796 loedIssime
345 1710 474 1786 stipatus
484 1712 615 1786 armatis,
633 1730 725 1811 quum
735 1729 842 1774 omnes
857 1713 1043 1789 impuritates

85 1795 176 1856 dica
167 1813 198 1881 ιιι
204 1781 306 1855 domo
322 1795 433 1855 cotidie
451 1795 639 1870 susciperes
661 1799 733 1856 vino
756 1798 930 1872 lustrisque
953 1800 1043 1860 eonle

12 1919 15 1929 ι
85 1876 113 1940 7
138 1883 177 1939 At
197 1894 270 1953 ego,
289 1887 443 1954 tamquam
466 1876 538 1938 mihi
558 1895 627 1939 eum
646 1880 685 1938 M
710 1880 820 1940 Crasso
844 1883 1042 1943 eontentioe

12 2013 18 2029 ,
83 1974 215 2037 quocum
230 1962 340 2022 multae
356 1971 385 2022 et
399 1977 526 2037 magnae
541 1963 674 2036 luerunt,
701 1980 760 2023 non
785 1979 854 2022 cum
869 1983 937 2023 uno
954 1966 1043 2039 gladia

85 2043 288 2117 nequissime,
304 2046 342 2103 de
356 2062 388 2105 re
405 2045 526 2120 publiea
542 2045 674 2119 graviter
691 2063 830 2120 querens,
848 2048 888 2105 de
906 2047 1031 2108 homiue

62 2196 65 2207 ,
85 2126 157 2186 dixi.
185 2127 297 2201 ltaque‘
306 2128 397 2187 hodie
414 2128 631 2202 pernatamus
644 2129 790 2204 intelligat
804 2138 957 2203 quantum
972 2149 991 2190 a
1006 2147 1043 2190 ιιιι

84 2209 225 2271 nefieium
236 2217 299 2270 tum
314 2210 474 2285 acceperit
519 2212 570 2269 IV.
586 2214 625 2271 ,ιι
640 2212 730 2272 etiam
747 2212 879 2284 litterae,
901 2234 984 2290 quas
1000 2231 1044 2272 me

84 2293 205 2354 misisse
227 2293 356 2366 dleeret,
382 2293 532 2365 recitavit,
508 2295 654 2354 thome
680 2304 710 2355 et
735 2294 934 2358 humanitatis
957 2315 1043 2372 expet

84 2377 163 2436 vitae
180 2375 348 2436 communIs
362 2376 494 2452 ignarus.
524 2377 596 2451 Quis
608 2378 687 2437 enim
705 2377 863 2466 umquam,
882 2382 939 2454 qui
956 2383 1043 2455 paulli

83 2461 174 2518 modo
188 2459 336 2519 bonorum
349 2461 598 2520 eonsuetudInem
611 2470 725 2534 nosset,
741 2450 855 2522 litteras
867 2464 909 2522 ad
925 2481 961 2524 se
973 2465 1012 2524 ab
1023 2480 1043 2521 ar

83 2541 195 2600 missas
211 2540 382 2601 offensione
399 2545 521 2616 uliqua'
514 2545 692 2619 rnterposila
708 2543 737 2602 in
759 2546 894 2606 medium
915 2549 1040 2621 protulit

83 2625 205 2697 lamque
220 2623 377 2683 recitavit?
407 2624 484 2697 Quid
499 2637 546 2689 est
559 2627 640 2687 aliud
653 2629 760 2688 tollere
774 2646 792 2687 e
808 2628 871 2688 vita
889 2631 975 2700 uitae
992 2645 1043 2690 soc

85 2702 159 2779 ter'n,
188 2705 293 2765 tollere
313 2705 477 2767 amicorum
499 2711 651 2785 colloquia
672 2711 863 2770 absentium?
905 2713 1005 2786 Quam
1028 2729 1043 2769 ιι

83 2789 152 2850 ioca
171 2789 271 2849 solent
292 2805 363 2848 esse
386 2791 416 2849 in
440 2791 593 2866 epistolis,
620 2810 700 2868 quae
722 2795 838 2869 prolata
860 2794 889 2853 si
912 2796 990 2868 sint,
1017 2797 1043 2855 in

85 2873 261 2933 videanturt
278 2889 370 2946 quam
385 2876 478 2934 multa
493 2876 587 2950 seria,
604 2894 704 2951 neque
719 2885 817 2937 tamen
833 2878 896 2937 ullo
913 2882 1008 2940 modo
1023 2880 1040 2937 d

55 2980 59 2987 ·
82 2957 199 3030 ganda!
234 2955 264 3017 8.
287 2955 332 3016 Sit
347 2957 406 3017 hoe
421 2957 663 3019 Inhumanitatis·
678 2960 831 3022 stultitiam
847 2960 1043 3023 incredibiler

83 3040 162 3100 dete
201 3037 278 3112 Quid
305 3039 400 3100 habes
429 3043 512 3115 quod
533 3042 606 3101 mihi
628 3059 784 3117 opponas,
809 3043 904 3103 humo
932 3047 1043 3106 diserte

82 3120 229 3182 Mustelae
244 3121 375 3183 'lamisio
398 3132 440 3184 et
444 3125 545 3185 Tironi
559 3125 694 3186 Numisio
716 3126 851 3186 videris?
878 3131 932 3202 qui
950 3145 1041 3204 quum

82 3200 150 3279 ipso
171 3212 309 3279 tempure
332 3213 412 3267 stent
428 3223 496 3268 cum
512 3208 652 3283 gladiis
644 3227 672 3267 ιιι
699 3218 867 3283 conspeetu
891 3223 1035 3279 senatus,

83 3301 206 3381 quoque
221 3294 251 3347 te
266 3288 412 3349 disertum
427 3292 558 3366 putabo,
581 3292 608 3352 si
629 3292 801 3352 ostenderis
817 3310 879 3368 qun
897 3297 992 3356 modo
1005 3299 1043 3352 sis

81 3365 158 3427 Inter
172 3368 300 3430 sicari0s
315 3371 508 3434 defensurus
538 3373 600 3433 Sed
617 3375 690 3448 quid
706 3391 848 3449 opponas
863 3380 1004 3452 tandem,
1021 3376 1043 3434 si
