2356 3854
112 150 176 214 410
259 150 298 209 IN
312 148 354 208 Μ.
367 148 569 210 ANTONIUM
583 148 724 210 ORATIO
739 150 955 211 PHILIPPICA
968 152 998 219 1.,

111 302 236 365 quaedam
252 300 335 350 oblata
352 301 497 350 videbatur:
519 301 593 350 erecti
615 307 685 351 erant
708 315 755 365 spe
771 301 895 351 libertatis
914 309 940 350 et
956 303 1005 351 ocii
1022 303 1128 352 bonorum

92 370 202 433 ‘animm
227 369 362 418 constituta
389 382 430 416 res
451 367 553 431 publica
576 370 718 432 putabatur.
759 366 810 418 Sed
826 370 878 419 cito
896 368 943 418 ille
960 370 1128 420 simulationem

112 436 214 486 sustulit
231 437 321 498 suique
338 434 426 485 similis
443 436 516 486 visus
533 444 579 490 est.
616 436 705 488 Habito
723 437 790 493 enim
808 436 932 487 Kalendis
948 438 1030 487 Iuniis
1047 446 1129 496 senata

111 519 162 554 uon
180 519 237 553 eum
261 518 336 566 quem
355 510 430 553 antea
458 503 491 554 de
508 496 536 554 Ie
552 503 653 568 publica
675 518 776 555 sensum
800 519 848 554 uec
873 507 1036 570 superiorum
1052 507 1131 556 meran

111 575 175 622 actis
194 573 390 623 consentientem
408 571 561 622 voluntatem
580 573 695 622 ostendit.
732 572 800 622 Nihil
818 573 911 622 deinde
930 574 964 624 ad
982 582 1131 624 senatnmre·

112 640 222 691 ferebat:
237 654 283 705 per
301 640 433 706 populum,
451 641 478 690 id
495 648 541 700 est,
558 655 605 706 per
618 641 728 691 indutam
746 649 942 705 corruptamque
959 642 1073 707 plebem,
1088 656 1134 693 cvn-

112 715 207 773 tcmpta
218 707 369 775 amplissimi
388 709 484 758 ordinis
497 710 659 777 auctoritate,
674 711 764 774 agebat
776 710 861 759 omnia
878 717 968 759 contra
979 719 1081 760 senatus
1089 725 1134 760 con·

111 776 214 836 sultam,
231 777 299 840 quod
315 780 369 842 Ipse
382 777 436 826 fleri
449 777 568 836 voluerat,
585 778 684 827 tabulas
695 777 798 842 figebat,
809 774 946 827 'civitatem
965 776 1134 828 immunitates

111 861 161 908 que
177 847 268 904 dabat,
293 846 394 896 exsules
411 845 560 895 reducebat:
579 861 659 907 eaque
677 859 705 894 se
723 845 805 894 Iacere
818 846 904 895 omnia
918 846 1024 896 dlcebat
1041 862 1072 896 ex
1085 846 1134 910 legi·

111 916 158 964 bus
173 914 286 964 Caesaris
309 922 353 964 aut
375 930 407 963 ex
426 914 481 961 eius
497 915 691 966 commentariis.
728 913 793 964 Tum
810 912 908 973 Cicero,
929 914 1065 979 desperata
1078 929 1134 979 pror·

113 997 157 1032 sus
175 984 285 1038 Antonio
304 982 408 1031 consule
429 980 559 1039 libertate,
583 983 670 1032 urbem
689 970 797 1044 reliquit,
814 983 839 1030 in
857 980 998 1032 Graeciam
1016 984 1100 1047 iturus,
1112 995 1135 1030 ea
1170 994 1172 1011 ²

112 1060 203 1114 mente,
222 1058 250 1100 ut
265 1050 383 1100 KaleudIs
400 1050 532 1114 Ianuariis,
551 1065 601 1112 quo
618 1051 659 1099 die
676 1051 758 1099 Pansa
773 1057 798 1098 et
809 1050 905 1099 Hirtius
924 1051 1084 1105 consulatum
1098 1051 1134 1098 ini·
1170 1064 1172 1079 ¹

111 1121 161 1168 turi
175 1126 253 1178 erant,
273 1121 381 1168 adesset.
417 1117 469 1168 Nec
487 1125 570 1168 tammr
590 1119 637 1168 iter
656 1117 720 1167 illud
737 1117 854 1171 absolvit.
892 1117 959 1167 Nam
978 1119 1133 1184 Leucopetra

111 1187 218 1237 adversa
231 1195 379 1251 tempestate
390 1186 516 1250 detentus,
534 1188 565 1237 ab
583 1188 625 1248 iis,
643 1186 687 1250 qui
705 1186 736 1235 ab
755 1186 818 1238 urbe
830 1194 963 1250 venerant,
975 1196 1003 1237 et
1013 1185 1133 1238 condonent

112 1256 210 1319 accepit
226 1254 340 1315 Antonii,
359 1253 518 1318 quamvalde
531 1255 656 1319 probavit,
669 1261 694 1302 et
711 1253 761 1304 alia
777 1263 907 1320 cognovit,
920 1255 993 1304 unde
1013 1254 1133 1306 revertendi

112 1322 244 1372 consillum
260 1324 336 1386 capit.
357 1324 417 1373 Post
433 1324 602 1388 reversionem
619 1339 633 1374 e
651 1324 692 1372 vla
704 1319 746 1372 lan
766 1337 837 1387 ueus,
855 1323 1025 1388 incenatum,
1049 1324 1134 1388 quilla

111 1391 192 1439 lendis
212 1389 295 1457 Sept,
311 1398 340 1439 ut
356 1391 420 1440 Phil.
440 1391 473 1446 V.
491 1391 598 1458 legitur,
620 1393 647 1440 in
672 1391 736 1441 aede
748 1337 904 1441 Ioncordiae
920 1391 1081 1456 habebatur,
1097 1404 1132 1440 nor

111 1459 188 1508 venit.
208 1457 262 1516 Quo
278 1459 388 1525 graviter
406 1466 547 1510 commotus
563 1460 700 1524 Antonius,
717 1459 801 1509 Iabros
811 1475 843 1509 se
855 1461 997 1508 missurum
1011 1469 1036 1510 et
1051 1461 1133 1511 domun

113 1527 167 1575 elus
188 1525 384 1576 disturbaturum
415 1527 533 1578 audiente
561 1521 650 1579 senata
668 1528 742 1582 dixit.
775 1525 911 1590 Postridie,
928 1528 957 1577 id
975 1537 1024 1587 est,
1042 1529 1082 1579 IV.
1095 1526 1132 1576 No·

112 1609 159 1643 nas
186 1593 272 1660 Sept,
298 1593 385 1645 Cicero
411 1597 438 1647 in
460 1603 575 1646 senatum
604 1598 673 1647 venit
690 1597 792 1647 absente
809 1595 920 1646 Antonio
940 1603 967 1645 et
982 1596 1064 1662 hanc,
1085 1608 1132 1658 quse

112 1663 178 1715 inira
189 1663 291 1731 legitur,
310 1665 438 1715 oraionem
455 1665 553 1716 habuit.
941 1680 949 1689 ·

176 1834 199 1890 l.
223 1832 251 1892 1.
273 1833 353 1893 Ante
369 1849 460 1908 quam
474 1832 515 1893 'de
527 1848 560 1891 re
573 1832 709 1905 publica,
733 1838 834 1905 patres
853 1830 1042 1907 conscripti,
1055 1830 1134 1890 dicau

113 1932 165 1989 ea,
183 1931 261 1990 quae
276 1917 407 1975 dicenda
423 1916 483 1975 hoc
498 1925 636 1989 tempore
653 1915 790 1984 arbitror,
806 1921 962 1988 exponam
982 1914 1070 1973 vobis
1082 1913 1133 1971 bre·

114 1998 190 2058 viter
202 1998 361 2058 consilium
374 2008 404 2060 et
416 1996 614 2073 profectionis
627 2007 657 2058 et
666 1996 853 2057 reversionis
865 2013 964 2057 meac.
981 1997 1048 2073 Ego
1061 2009 1133 2072 quun

27 2097 29 2101 ·
80 2106 83 2109 ·
114 2096 269 2155 sperarem
294 2083 459 2156 aliquando
479 2082 519 2142 ad
539 2090 673 2141 vestrum
696 2080 857 2143 consitium
877 2079 1134 2152 auctoritatemque

114 2181 177 2223 rem
206 2163 356 2238 publicam
377 2181 448 2225 esse
470 2172 658 2236 revocatam,
687 2158 868 2224 manendum
887 2162 963 2222 mihi
986 2163 1134 2224 statuebam

115 2246 205 2322 quasi
229 2246 259 2306 iu
283 2247 386 2323 vigilia
409 2249 540 2324 quadam
563 2246 716 2307 consulari
736 2263 772 2307 ac
792 2246 957 2306 senatoria.
1004 2248 1133 2306 Necvero

115 2347 245 2406 usquam
267 2329 462 2392 discedebam
486 2347 544 2391 nec
564 2349 583 2390 a
599 2346 632 2390 re
653 2329 775 2405 publica
791 2328 974 2389 deiiciebam
991 2331 1093 2390 oculos
1106 2339 1135 2385 er

115 2429 153 2473 co
169 2415 228 2484 die,
249 2432 310 2488 quo
325 2415 356 2473 in
370 2415 478 2477 aedem
495 2413 621 2475 Telluris
640 2412 802 2474 convocati
817 2430 933 2474 sumus.
958 2414 995 2473 Iu
1009 2430 1069 2487 quo
1079 2421 1134 2471 ten·

116 2495 176 2569 plo,
189 2497 376 2570 quantumin
392 2514 440 2557 me
451 2497 518 2572 luit,
531 2497 589 2558 ieci
601 2496 795 2556 fundamenta
807 2495 893 2570 pacis
904 2493 1134 2558 Atheniensium·

117 2593 177 2654 que
191 2579 340 2638 renovavi
355 2582 645 2654 vetusexemplum=
661 2581 809 2639 Graecum
824 2578 914 2639 etiam
926 2581 1058 2640 verbum
1067 2590 1135 2636 usur·

117 2659 202 2737 pavi,
219 2678 280 2736 quo
296 2669 357 2721 tum
375 2662 404 2721 in
423 2663 568 2732 sedandIs
584 2663 749 2724 discordiis
763 2679 822 2722 usa
836 2670 902 2721 erat
917 2661 1030 2723 civitas
1048 2662 1093 2722 illa
1103 2664 1137 2716 st·

117 2761 317 2822 quepmnem
339 2745 514 2806 memoriam
537 2746 760 2807 discordiarum
787 2745 943 2806 oblivione
968 2744 1136 2822 sempiterna

116 2828 277 2889 delendam
289 2828 404 2890 censui.
447 2829 477 2890 2.
493 2829 652 2890 Praeclara
666 2840 726 2891 tum
746 2828 841 2892 oratio
856 2828 897 2889 M.
912 2829 1057 2902 Antonii,
1071 2837 1136 2900 egre

116 2912 167 2986 gia
181 2913 270 2973 etiam
287 2915 443 2988 voluntas:
463 2930 524 2988 pax
539 2913 671 2988 denique
689 2929 825 2986 pereum
841 2919 870 2970 et
885 2928 942 2986 per
957 2913 1073 2974 liberos
1086 2909 1135 2968 eins

117 3011 186 3055 cum
203 2995 473 3071 praestantissimis
490 2995 608 3057 civibus
620 2997 797 3056 confirmata
812 3002 868 3054 est.
891 2998 999 3070 Atque
1015 2997 1062 3055 bis
1075 2991 1135 3068 pn'r

118 3076 206 3152 cipiis
233 3078 353 3156 reliqua
375 3079 615 3141 consentiebant.
662 3082 711 3140 Ad
730 3076 968 3138 deliberationes
987 3095 1058 3147 eas,
1077 3087 1134 3150 ulti

119 3151 250 3223 habebat
270 3163 352 3223 domi
376 3165 415 3225 de
435 3163 622 3239 republica,
646 3161 799 3236 principes
821 3160 953 3221 civitatis
978 3158 1134 3222 adhibebat:

119 3240 158 3296 ad
172 3242 253 3304 hunc
267 3246 404 3305 ordinem
422 3262 471 3312 res
488 3248 618 3321 optimas
633 3245 788 3305 deferebat
802 3265 809 3297 =
826 3242 900 3302 nibil
917 3253 983 3304 tum
999 3245 1058 3309 ulsi
1072 3234 1137 3315 quod

119 3329 183 3380 erat
197 3334 301 3385 notum
316 3329 456 3389 omnibus
477 3329 506 3389 iu
524 3327 711 3389 ceresam
732 3326 959 3387 commentards
982 3323 1136 3402 reperieba-

113 3409 176 3464 tur=
193 3422 311 3468 summa
322 3411 494 3472 constantia
509 3412 549 3470 ad
560 3427 607 3486 ea,
622 3427 703 3487 quae
719 3409 859 3486 quaesita
871 3419 970 3482 eraut,
986 3404 1136 3499 responde
