2356 3854
436 136 856 228 curuo-malma·
1083 163 1163 271 cot*

112 311 289 372 reddemus
339 311 400 372 Sed
429 299 461 370 id
493 309 613 388 quidem
643 319 751 384 restat,
773 320 806 372 ut
829 328 936 387 spero,
957 313 1143 389 victoribus,

114 394 246 470 quibus
240 401 373 453 senatus
398 393 476 454 fides
499 392 717 467 praestabitur=
747 411 835 468 quam
858 395 1019 478 quoniam
1024 397 1069 461 dii
1058 390 1142 457 tituil

112 479 185 536 limo
206 475 403 550 reipublicae
424 485 560 550 tempore
581 475 678 536 seculi
699 484 782 547 sunt,
806 493 862 538 eos
876 470 1038 552 numquam
1052 494 1142 554 opor·

110 560 189 620 tebit
211 559 330 618 consilii
346 559 393 619 sui
407 553 573 634 poenitere.
617 557 679 618 Sed
694 559 783 618 facile
801 567 848 621 est
862 559 940 619 bene
961 577 1051 635 agere
1073 579 1144 623 oum

110 641 169 715 iis,
187 641 331 715 aquibus
346 644 432 702 etiam
446 642 616 701 tacentibus
632 641 761 716 flagitari
776 643 926 702 videmur·
955 643 1029 703 illud
1047 645 1142 705 admi·

91 723 237 785 ‘rabilius
252 732 281 784 et
295 725 390 784 maius
406 723 598 799 maximeque
613 724 908 799 proprium-senatus
923 725 1068 799 sapientis
1083 735 1144 800 est,

109 815 198 883 grata
209 823 313 867 eorum
325 808 465 867 virtutem
476 806 621 868 memoria
636 810 790 883 prosequi,
807 808 859 882 qui
869 824 926 883 pro
940 807 1037 880 patria
1049 808 1141 871 vitain

107 890 320 966 profuderunt.
362 889 413 953 31,
436 890 566 964 Quorum
590 892 628 950 de
649 891 764 965 honore
779 889 894 958 utinam
910 889 982 949 mihi
1003 892 1091 969 plura
1108 891 1142 953 in.

89 982 242 1033 -uuentenc
256 973 409 1033 venirent!
452 974 519 1033 Duo
536 981 616 1032 certe
631 990 691 1031 non
709 973 896 1048 praeteribo,
913 989 992 1048 quae
1009 972 1143 1033 mexime-

109 1065 292 1116 occurruntz
315 1072 443 1130 quorum
459 1057 585 1115 alterum
601 1055 729 1130 pertinet
743 1057 783 1115 ad
803 1057 939 1116 virorum
959 1054 1138 1116 fortissimo-

106 1155 177 1201 rum
192 1137 318 1211 gioriam
332 1136 559 1214 sempiternam,
580 1140 705 1199 alterum
727 1141 765 1198 ad
781 1139 956 1199 leniendum
970 1154 1142 1199 maerorem

109 1230 143 1282 et
159 1222 271 1282 luctum
286 1223 502 1296 proximorum
757 1250 760 1254 ·

113 1356 116 1365 .
175 1304 238 1362 Xll
259 1304 382 1365 Placet
375 1303 550 1379 igiturmihi
557 1313 686 1380 ,patres
706 1304 886 1380 conscripti,
913 1265 1043 1379 legionis
1060 1305 1141 1363 Mar-

107 1386 184 1449 tiae
192 1385 334 1455 militibus
356 1395 385 1447 et
404 1387 464 1460 eis,
487 1389 538 1463 qui
555 1405 615 1449 una
631 1398 800 1464 pugnantes
820 1389 1010 1459 occiderunt,
1033 1404 1139 1449 monu

106 1478 242 1530 mentum
262 1469 328 1528 lieri
342 1487 432 1544 quam
446 1471 674 1546 amplissimum.
716 1473 828 1546 Magna
844 1481 936 1547 atque
951 1470 1140 1552 incredibilia

108 1551 224 1613 suntin
239 1569 303 1611 rem
318 1553 469 1627 publicam
484 1555 573 1615 huius
589 1555 695 1615 merita
708 1555 848 1630 legionis.
892 1557 975 1615 Haec
992 1571 1026 1614 se
1041 1554 1140 1629 prima

102 1634 268 1697 lenocinio
288 1636 409 1708 abrupit
397 1637 567 1697 ιΑιιιοιιίἰ·
589 1637 665 1696 haec
684 1639 780 1696 tenuit
794 1638 918 1696 Albam
943 1637 1019 1696 haec
1038 1653 1077 1695 se
1098 1638 1138 1697 ad

104 1718 272 1778 Gaesarem
287 1716 426 1778 contulit:
456 1719 534 1778 hano
552 1721 664 1779 imitata
679 1727 786 1792 quarta
802 1719 883 1792 legio
902 1734 1006 1792 parem
1021 1719 1141 1779 virtutis

81 1840 86 1847 ⁵
108 1798 236 1876 gloriam
262 1808 426 1860 consecuta
446 1809 503 1862 est.
546 1802 657 1875 Quarta
677 1800 786 1862 victrix
802 1799 956 1860 desiderat
971 1800 1139 1860 neminem2
1171 1834 1174 1840 -

110 1900 150 1944 ex
164 1881 270 1942 Martia
284 1900 345 1945 non
362 1882 435 1942 nulli
449 1884 479 1944 in
493 1883 562 1959 ipsa
579 1883 704 1949 victoria
719 1884 926 1945 conciderunt.
949 1883 972 1942 0
987 1884 1138 1943 fortunata

108 1981 201 2037 mors,
217 1982 299 2046 quae
310 1974 435 2027 naturae
447 1967 548 2026 debita
558 1984 614 2042 pro
629 1967 724 2041 patria
740 1975 787 2027 est
801 1962 993 2041 potissimum
1004 1965 1135 2026 redditat

110 2047 161 2110 32.
186 2049 252 2108 Vos
276 2066 346 2109 vero
369 2049 483 2124 patriae
507 2059 594 2110 natos
620 2050 735 2112 iudico:
767 2066 896 2124 quorum
918 2050 1007 2110 etiam
1026 2064 1136 2108 nomen

110 2130 239 2191 aillarte
255 2140 315 2204 est,
331 2127 375 2192 >ut
398 2132 478 2192 idem
494 2134 570 2193 deus
590 2133 695 2193 urbem
715 2132 795 2192 hanc
812 2132 966 2207 gentibus,
988 2149 1046 2192 vos
1067 2132 1137 2191 huic
1160 2178 1169 2201 ,

107 2213 176 2275 urbi
190 2215 334 2288 genuisse
350 2215 496 2276 videatur.
538 2217 573 2275 ln
590 2217 661 2290 luga
675 2217 766 2275 foeda
779 2232 861 2277 mors
877 2222 939 2274 est:
965 2213 996 2274 in
1012 2214 1138 2275 victoria

107 2297 251 2374 gloriosa.
293 2298 411 2358 Etenim
426 2299 508 2360 Mars
528 2298 597 2375 ipse
619 2315 659 2358 ex
679 2299 744 2358 acie
764 2298 959 2360 fortissimum
985 2312 1138 2371 quemque

70 2381 261 2456 „pignerari
277 2383 362 2443 solet.
406 2383 452 2441 lili
466 2382 555 2457 igitur
568 2381 669 2458 impii,
692 2397 772 2457 quos
794 2380 961 2453 cecidistis,
987 2379 1075 2440 etiam
1098 2379 1138 2438 ad

105 2462 222 2525 inferos
236 2479 353 2539 poenas
370 2464 521 2538 parricidii
536 2469 633 2527 luentz
655 2482 711 2525 vos
722 2482 811 2537 vero,
827 2463 879 2539 qui
895 2471 1061 2525 extremum
1075 2463 1137 2538 spl-

105 2549 195 2608 ritum
221 2546 251 2607 in
269 2546 396 2608 victoria
416 2548 582 2624 effudistis,
607 2548 725 2625 piorum
751 2547 824 2608 estis
850 2546 954 2606 sedem
981 2554 1012 2608 et
1036 2547 1138 2612 iocum

107 2629 275 2693 consecuti.
317 2629 521 2692 Brevtsana
509 2641 576 2692 ura
591 2632 709 2705 nobis
709 2634 758 2692 tta
773 2631 843 2690 data
861 2638 920 2692 est·
947 2637 978 2690 at
992 2645 1137 2690 memoria
1168 2630 1171 2641 '

105 2716 186 2774 bene
200 2713 338 2774 redditae
355 2714 434 2772 vitae
456 2715 649 2789 sempiterna.
693 2715 776 2789 Quae
792 2715 818 2773 si
839 2731 899 2774 non
915 2721 1000 2773 esset
1018 2700 1138 2785 longior

109 2812 200 2871 quam
214 2796 291 2855 haec
305 2796 382 2869 vita,
404 2795 473 2871 quis
495 2806 578 2857 esset
594 2806 654 2858 tam
673 2813 778 2858 amens
797 2796 849 2871 qui
869 2795 1009 2856 maximis
1027 2792 1137 2852 labori·

105 2879 167 2940 bus
192 2868 222 2940 ei
246 2878 389 2956 periculis
414 2881 453 2940 ad
479 2877 626 2942 summam
652 2880 773 2938 laudem
799 2879 991 2951 gloriamque
1013 2883 1137 2936 conten

107 2963 214 3023 deret?
261 2960 311 3021 33.
340 2964 450 3023 Actum
476 2963 565 3037 igitur
587 2963 742 3037 praeclare
766 2960 941 3030 vobiscum,
970 2957 1138 3028 fortissimi,

106 3046 181 3106 dum
206 3042 340 3117 vixistis,
369 3062 450 3105 nunc
475 3063 547 3106 vero
576 3045 664 3105 etiam
691 3041 875 3104 sanctissimi
902 3040 1029 3113 militeS,
1054 3041 1138 3115 quod

95 3135 211 3190 'vestra
223 3126 320 3188 virtus
334 3145 390 3188 nec
409 3128 561 3188 oblivione
581 3143 700 3200 eorum,
722 3127 777 3200 qui
789 3141 869 3186 nunc
885 3132 968 3198 sunt,
991 3139 1048 3183 nec
1067 3122 1137 3183 reti-

106 3210 208 3273 centia
233 3219 423 3285 posterorum
448 3210 599 3285 insepulta
622 3225 692 3269 esse
713 3211 837 3284 poterit,
860 3223 953 3283 quum
973 3205 1091 3266 vobis
1083 3221 1136 3265 tm-

107 3294 236 3356 mortale
251 3301 475 3354 monumentum
496 3293 560 3354 suis
578 3309 677 3368 paene
691 3290 830 3351 manibus
847 3291 1135 3383 senatuspopulus

109 3393 172 3452 que
196 3377 351 3436 Romanus
378 3377 568 3437 exstruxerit.
605 3375 689 3435 Multi
711 3389 805 3449 saepe
833 3372 985 3487 exercitus
1005 3370 1136 3436 Punicis.

869 3450 911 3514 30
1146 3533 1160 3563 Ο

1012 3568 1019 3587 “
1114 3574 1168 3624 Δ
