2356 3854
311 84 317 113 l

379 116 723 211 cnr.r-a.ss.r-a.
754 124 764 139 ”
828 202 833 214 ,
1000 147 1063 217 tat
1149 156 1154 213 ῑ

60 301 120 354 ecto
138 302 197 354 est:
213 310 274 354 non
286 292 467 355 existimavit
482 295 529 354 sui
544 293 691 356 similibus
705 296 827 371 probari
841 314 935 372 posse
947 315 981 359 se
993 315 1064 359 esse

62 386 157 436 ostem
172 375 298 450 patriae,
315 375 373 436 nisi
386 376 458 436 mihi
473 385 556 437 esset
566 376 715 441 inimicus,
759 378 789 439 3.
804 380 858 440 Cui
872 381 957 455 prius
973 374 1064 457 quam

62 475 79 517 e
94 460 221 519 cacteris
238 460 330 520 rebus
346 461 538 534 respondeo,-
551 459 591 518 'de
606 460 751 534 amicitia,
769 479 858 536 quam
873 480 892 522 a
907 480 954 522 me
969 464 1063 524 viola-

60 557 99 599 tm
127 557 197 601 esse
223 541 397 603 criminatus
421 550 482 615 est,
515 542 597 614 quod
631 558 688 616 ego
713 544 925 616 gravissimum
951 546 1063 609 crimen

60 623 158 698 adico,
173 640 271 698 pauca
286 624 394 687 dicam.
470 685 474 692 ,
614 682 618 687 .

102 707 137 764 Il.
152 707 424 768 Contraremsuam
438 722 486 767 me
499 706 602 766 neseio
611 707 998 783 quandovenissequcstus
1007 717 1062 774 est.

60 806 85 848 n
100 805 157 863 ego
173 806 233 849 non
249 791 382 850 venirem
395 797 500 850 contra
512 788 641 848 alienum
655 804 709 863 pro
724 789 862 849 familiari
878 797 907 851 et
922 807 1062 852 necessa-

60 877 106 930 ,οἳ
122 889 182 931 non
201 874 334 934 venirem
349 879 454 933 contra
465 871 590 946 gratiam
601 888 661 931 non
675 871 793 932 virtutis
810 888 875 946 spe,
890 874 946 931 sed
958 874 1064 935 aetatis

61 969 115 1012 ore
130 957 309 1015 collectam?
328 973 388 1015 non
406 953 540 1015 venirem
553 963 657 1015 contra
670 954 824 1027 iniuriam,
843 971 932 1029 quam
948 955 1005 1014 iste
1020 955 1063 1013 in-

60 1039 219 1097 rrcessoris
232 1037 415 1112 iniquissimi
426 1037 575 1100 beneficio
588 1037 722 1108 obtinuit,
742 1055 801 1098 non
816 1037 881 1098 iure
892 1037 1066 1113 praetorio?

60 1120 100 1177 ed
115 1119 174 1181 hoc
186 1119 301 1179 idcirco
316 1129 580 1181 commemoratum
600 1138 619 1180 a
638 1129 668 1180 te
682 1130 771 1194 puto,
786 1130 828 1180 nt
848 1130 878 1181 te
897 1119 999 1179 infimo
1018 1136 1065 1178 or·

59 1201 101 1259 ini
117 1203 361 1273 commendares,
392 1218 485 1277 quum
504 1211 534 1261 te
558 1219 664 1263 omnes
682 1204 917 1267 recordarentur
935 1201 1065 1265 libertini

60 1299 183 1342 enarum
199 1292 229 1343 et
246 1283 359 1343 liberos
380 1293 448 1345 tuos
469 1293 596 1359 nepotes
612 1285 645 1357 Q.
659 1284 757 1356 Fadii,
779 1283 1063 1363 libertinihominis,

60 1366 144 1424 risse.
180 1368 220 1425 At
235 1366 313 1426 enim
331 1376 359 1427 te
373 1366 606 1441 indisciplinam
623 1384 721 1426 meam
742 1368 910 1430 tradideras
932 1401 971 1408 —
994 1384 1064 1429 nam

60 1449 194 1508 edixisti
213 1472 267 1503 -ι
289 1450 411 1511 domum
435 1466 531 1513 meam
557 1449 728 1511 ventitaras.
755 1451 799 1510 Nc
815 1458 863 1523 tu,
885 1450 911 1510 si
927 1449 957 1510 id
975 1451 1064 1511 lecis-

60 1548 102 1600 as,
121 1531 230 1591 melius
246 1532 357 1605 lamae,
376 1533 483 1593 melius
498 1533 661 1607 pudicitiae
676 1543 746 1594 tuae
757 1525 977 1604 consuluisses.
1001 1530 1064 1595 Sed

60 1629 136 1686 aque
154 1614 252 1674 fecisti
268 1631 339 1687 nec,
355 1615 382 1676 si
396 1632 542 1690 cuperes,
558 1615 610 1676 tibi
624 1616 655 1675 id
670 1633 725 1693 per
739 1616 770 1675 C.
788 1613 947 1677 Curionem
963 1617 1064 1679 lacere

60 1696 181 1756 ruisset.
223 1694 253 1756 4.
276 1702 451 1771 Auguratus
472 1697 647 1772 petitionem
667 1697 743 1757 milri
757 1707 787 1758 te
807 1698 1004 1761 concessisse
1019 1698 1063 1758 di-

60 1779 115 1837 lsti.
146 1777 168 1838 Ο
192 1779 399 1842 incredibilem
421 1781 594 1840 audaciam!
617 1797 635 1839 o
656 1779 871 1856 impudentiam
886 1782 1063 1857 praedican—
1096 1808 1099 1812 ·

60 1869 124 1941 arnt,
157 1861 221 1934 Quo
240 1863 319 1922 enim
333 1870 470 1938 tempore
485 1879 534 1922 me
552 1878 696 1936 augurem
711 1879 729 1922 a
745 1872 807 1924 toto
823 1864 951 1938 collegio
969 1880 1063 1937 cxpe-

60 1953 119 2003 tum
135 1944 186 2003 Cn.
201 1945 363 2020 Pompeius
379 1955 409 2006 et
424 1946 457 2019 Q.
474 1944 652 2007 Hortensius
667 1946 946 2007 nominaverunt-
962 1962 1062 2020 neque

59 2027 115 2085 rim
137 2029 247 2087 licebat
268 2045 286 2086 a
310 2029 446 2101 pluribus
468 2028 615 2101 nominari
630 2062 673 2073 —
692 2037 724 2090 tu
747 2046 802 2088 nec
822 2031 971 2090 solvendo
994 2045 1073 2105 eras,

60 2127 91 2168 ac
106 2118 136 2170 te
151 2111 211 2169 ullo
228 2110 318 2172 modo
330 2111 389 2171 nisi
404 2127 512 2187 eversa
525 2127 558 2169 rc
571 2111 692 2187 publica
707 2114 771 2172 lore
784 2113 964 2173 incolumem
977 2121 1059 2185 puta·

60 2210 99 2251 as.
131 2193 255 2252 Poteras
271 2201 371 2253 autern
385 2209 422 2254 eo
438 2202 574 2268 tempore
591 2203 769 2269 auguratum
785 2204 903 2270 petere,
923 2210 1015 2269 quum
1031 2193 1063 2252 in

60 2276 120 2335 alia
137 2276 224 2336 Curio
240 2277 304 2336 non
317 2282 419 2337 essett
438 2285 490 2336 aut
510 2284 586 2349 tum,
608 2296 700 2351 quum
723 2294 757 2337 es
778 2273 890 2348 lactus,
907 2292 997 2335 unam
1012 2276 1062 2335 tri·-

60 2375 107 2418 um
123 2359 188 2428 sine
200 2358 328 2419 Curione
344 2361 423 2420 ferre
438 2360 615 2435 potuissest
634 2360 720 2420 cuius
738 2360 827 2418 etiam
843 2358 1005 2418 familiares
1023 2358 1063 2421 de

60 2445 64 2500 ἱ.
88 2442 280 2501 condemnati
300 2451 384 2515 suut,
412 2444 494 2518 quod
514 2443 557 2503 tui
581 2441 669 2505 nimis
690 2440 821 2505 studiosi
845 2439 983 2502 luissent.
1012 2441 1062 2504 llL

60 2569 62 2579 .
78 2527 118 2584 At
131 2523 281 2585 beneficio
298 2541 365 2586 sum
378 2534 429 2585 tuo
447 2543 533 2586 usus.
562 2525 649 2599 Quot
665 2541 848 2601 quamquam
864 2524 938 2584 illud
953 2526 1063 2600 ipsum,

60 2608 119 2666 nod
134 2623 369 2683 commemoras,
388 2623 510 2683 semper
526 2626 599 2683 prae
615 2626 662 2669 me
678 2607 740 2669 tuli.
770 2608 861 2668 Malui
877 2607 993 2670 mc-tibi
1010 2609 1084 2691 deu

60 2705 107 2748 ere
122 2690 258 2750 confiteri
281 2706 372 2764 quam
393 2690 533 2764 cuiquam
554 2692 653 2753 minus
671 2693 809 2770 prudenti
825 2709 887 2753 non
903 2691 977 2752 satis
995 2707 1062 2766 gra·

60 2789 81 2831 ts
99 2772 203 2832 videri.
226 2772 287 2832 Sed
304 2789 364 2847 quo
379 2771 551 2833 beneficiat
576 2773 662 2845 Quod
678 2791 725 2834 me
738 2774 891 2835 Brundisii
905 2791 965 2833 non
982 2773 1060 2833 occi-

60 2855 139 2914 erisl
165 2854 260 2927 Quem
280 2855 349 2929 ipse
364 2853 474 2926 victor,
498 2854 550 2928 qni
567 2854 635 2927 nni,
657 2864 688 2914 ut
708 2864 767 2916 tute
789 2856 911 2931 gloriari
925 2855 1058 2925 solebas,

60 2940 182 2998 etulerat
201 2954 240 2997 ex
260 2936 427 2999 latronibus
451 2937 515 2997 suis
536 2937 752 3011 principatum,
775 2939 892 2997 salvum
913 2952 984 2996 essa
1004 2952 1058 2994 ve·

60 3021 157 3093 isset,
171 3020 200 3079 in
218 3019 331 3080 ltaliam
349 3019 393 3079 ire
409 3018 566 3093 iussisset,
587 3034 660 3078 eum
672 3027 704 3079 tu
719 3019 898 3078 occideres?
930 3019 991 3077 Fac
1006 3034 1060 3092 po·

60 3103 139 3162 risse.
162 3103 248 3176 Quod
264 3111 311 3163 est
330 3103 428 3175 aliud,
448 3109 550 3176 patres
570 3101 749 3176 conscripti,
771 3101 951 3170 beneficium
970 3103 1060 3160 latro·

60 3203 104 3245 rm
126 3185 184 3245 nisi
213 3195 244 3247 ut
271 3200 506 3248 commemorare
535 3183 657 3259 possint
686 3183 724 3243 iis
751 3200 786 3245 se
807 3183 931 3252 dedisse
958 3182 1059 3257 vitam,

60 3268 145 3328 uibus
160 3285 220 3330 non
233 3268 423 3329 ademerintt
445 3267 570 3341 Quodsi
582 3275 665 3329 esset
676 3265 866 3338 beneficium,
886 3283 1058 3344 numquam,

60 3352 83 3412 ri
104 3351 186 3413 illum
206 3352 435 3424 interfecerunt,
454 3368 475 3412 a
496 3367 556 3424 quo
579 3359 663 3412 erant
681 3351 807 3424 servati,
834 3367 912 3424 quos
935 3349 1058 3437 tuipse
