2356 3854
128 195 190 259 106
332 199 381 257 DE
397 197 551 258 IMPERIO
567 199 622 257 CN.
637 198 789 259 POMPEII
808 194 959 260 ortaria

128 358 207 420 tere,
229 355 262 408 ut
283 362 343 407 non
371 348 473 420 plures
489 363 594 407 secum
610 348 639 407 ln
658 349 794 424 eamdem
808 348 927 409 trahant
942 346 1136 410 calamitatem.
1173 383 1178 410 ι

128 435 157 492 Α
177 447 238 504 quo
262 429 397 504 periculo
412 428 570 503 prohibete
586 446 648 489 rem
663 430 815 504 publicam
835 440 865 491 et
883 425 1137 506 mihi'crediteid,
1173 418 1178 488 Ι

67 532 71 543 ’
130 513 213 590 quod
232 511 292 587 ipsi
316 510 440 571 videtls=
462 512 537 572 haec
558 513 635 572 fides
656 522 748 587 atque
763 514 839 572 haec
853 514 929 573 ratio
945 513 1137 587 pecuniarum
1173 501 1178 576 i

130 611 209 671 quae
224 595 353 667 Romae,
376 611 455 668 quae
475 594 504 653 ln
526 596 592 655 loro
608 604 760 669 versatur,
775 587 931 670 ‘implicata
947 603 996 656 est
1011 612 1080 655 cura
1092 595 1138 656 illis
1175 647 1178 658 .

129 677 268 753 pecuniis
284 676 428 737 Asiaticis
452 686 482 736 et
504 677 654 737 cohaeret.
691 679 791 738 Ruerc
808 678 860 737 ilfa
879 693 939 737 non
955 687 1099 752 possunt,
1114 686 1140 739 ut
1173 663 1178 713 ¹

128 761 206 820 haec
229 775 289 818 non
312 760 420 819 eodem
440 760 588 818 labefacta
607 768 690 820 motu
712 760 879 820 concidant.
920 760 986 832 Qua
1000 776 1037 820 re
1050 760 1140 821 videte
1174 719 1178 808 ¹

49 852 53 859 '
128 860 201 903 num
221 841 418 902 dubitandum
437 841 527 901 vobis
545 841 585 902 slt
599 841 679 902 omni
695 843 793 903 studio
808 843 848 903 ad
864 841 895 901 id
908 842 1024 902 bellum
1038 842 1139 903 incum-
1175 833 1178 902 ¹

128 927 218 997 bere,
232 925 263 984 ln
279 942 340 999 quo
355 923 451 998 gloria
465 923 595 984 nominis
613 925 722 997 vestri,
741 927 824 985 salus
841 924 1005 998 sociorum,
1021 927 1139 1000 vectiga-
1177 917 1178 938 ¹

128 1007 326 1079 tumaxime,
348 1009 485 1067 fortunae
506 1005 701 1080 plurimorum
716 1007 824 1067 civium
842 1007 1025 1069 coniunctae
1040 1021 1140 1069 cumre

127 1090 250 1167 publica
265 1089 474 1149 defendantur.

212 1172 291 1230 Vlll.
320 1171 369 1230 20.
401 1170 548 1243 Quoniam
569 1172 608 1231 de
628 1188 740 1246 genere
753 1172 823 1232 belli
841 1171 918 1245 dixi,
936 1189 1020 1233 nunc
1036 1174 1076 1233 de
1088 1188 1139 1233 mt-

128 1253 285 1328 gnitudlne
306 1269 404 1327 pauca
425 1252 534 1312 dicam.
565 1254 668 1314 Potest
689 1255 747 1314 hoc
771 1255 849 1314 enim
869 1255 944 1329 dici,
966 1254 1139 1330 belligerus

128 1351 199 1396 esse
214 1335 255 1394 ita
269 1335 484 1408 necessarium,
497 1344 531 1396 ut
546 1335 584 1396 sit
600 1339 774 1410 gerendum,
791 1355 851 1397 non
865 1353 938 1397 esse
948 1337 989 1398 ita
1001 1354 1140 1414 magnoin,

123 1427 162 1478 'ut
182 1418 221 1477 sit
243 1418 527 1492 pertimescendum.
565 1419 597 1477 In
618 1436 678 1492 quo
695 1419 823 1479 maxime
837 1420 1039 1480 laborandum
1054 1430 1140 1481 estne

128 1502 206 1561 forte
221 1517 240 1559 a
256 1499 344 1559 vobis
363 1517 442 1575 quae
458 1500 687 1575 diligentissime
701 1501 891 1576 providenda
907 1512 994 1576 sunt,
1020 1512 1140 1564 conteru-

128 1584 229 1642 nenda
253 1599 324 1642 esse
345 1583 513 1644 videantur.
555 1586 657 1658 Atque
678 1593 710 1644 ut
730 1602 834 1644 omnes
856 1585 1025 1661 intelligant
1045 1584 1138 1647 mela

126 1665 253 1726 Lucullo
274 1673 388 1725 tantum
410 1665 562 1741 impertire
573 1666 697 1740 laudis,
720 1677 863 1742 quantum
886 1668 955 1728 lorti
974 1668 1044 1730 viro
1059 1676 1139 1729 etaa

18 1763 23 1782 l
128 1748 222 1829 pienti
238 1748 351 1809 bomini
366 1758 396 1808 et
410 1747 519 1824 magno
542 1749 716 1824 imperatori
737 1750 895 1823 debeatur,
917 1750 988 1810 dico
1010 1751 1077 1812 eius
1096 1750 1138 1810 ad·

127 1841 221 1892 ventu
240 1832 388 1892 maximas
402 1832 565 1892 Mithridati
588 1833 693 1908 copias
709 1833 848 1893 omnibus
862 1834 954 1893 rebus
970 1842 1094 1895 ornatas
1104 1839 1137 1893 at·

128 1931 188 1989 que
210 1915 372 1976 instructas
394 1914 505 1987 fuisse,
530 1916 697 1990 urbemque
711 1915 804 1976 Asiae
824 1915 1024 1975 clarissimam
1047 1914 1138 1977 nobie

128 2014 189 2071 que
203 1997 425 2068 amicissimam,
441 1997 668 2074 Cyzicenorum,
683 2000 842 2059 obsessam
856 2015 926 2058 esse
941 1999 979 2057 ab
995 1999 1066 2073 ipso
1080 2013 1140 2072 rege

127 2080 257 2136 maxima
278 2079 467 2139 rntrltltudine
488 2090 518 2139 et
535 2090 739 2155 oppugnatam
755 2080 1039 2155 vehementissime,
1062 2094 1167 2159 quart,

126 2160 160 2221 L.
176 2161 320 2221 Lucullus
339 2162 463 2233 virtute,
482 2162 678 2234 adsiduitate,
694 2164 820 2224 consilio
836 2163 961 2224 summis
979 2162 1139 2225 obsidionis

127 2242 271 2317 periculis
292 2242 446 2304 liberavit:
475 2243 526 2303 21.
550 2246 588 2304 ab
609 2247 715 2318 eodem
738 2245 918 2320 imperatore
939 2246 1072 2307 classem
1088 2260 1139 2306 ma·

126 2343 217 2400 gnam
238 2336 267 2387 et
288 2336 438 2399 curatam,
460 2343 540 2402 quae
560 2328 689 2388 ducibus
705 2327 884 2388 Sertorianis
899 2329 939 2388 ad
956 2329 1074 2389 ltaliam
1089 2336 1139 2387 su·
1175 2324 1178 2371 Ι

128 2407 179 2467 dio
201 2417 294 2482 atque
310 2410 381 2470 odio
396 2409 581 2470 inflammata
595 2418 764 2483 raperetur,
786 2418 957 2483 superatam
973 2418 1139 2483 essentque
1171 2376 1178 2492 ¹

126 2491 322 2563 depressam:
347 2509 474 2567 magnas
497 2491 630 2551 hostium
648 2499 802 2566 praeterea
820 2490 925 2565 copias
942 2493 1046 2553 multis
1064 2504 1138 2567 prce

126 2571 175 2632 liis
197 2588 268 2632 esse
284 2574 399 2650 deletas
416 2576 661 2649 patefactumque
675 2574 786 2634 nostris
801 2573 971 2647 legionibus
989 2590 1062 2634 esse
1074 2575 1137 2635 Pon·

126 2664 205 2726 tum,
223 2655 274 2729 qui
296 2665 383 2716 antea
404 2659 519 2731 populo
534 2658 670 2717 Romano
693 2673 732 2716 ex
746 2655 827 2716 omni
841 2655 923 2715 aditu
938 2656 1064 2723 clausus
1079 2655 1137 2717 fule
1163 2717 1171 2736 ᾗ

127 2748 188 2798 set:
202 2737 337 2812 Sinopen
350 2748 440 2812 atque
447 2738 594 2812 Amisum,
606 2738 716 2813 quibus
728 2737 891 2813 in-oppidis
903 2746 990 2798 erant
1001 2735 1136 2801 damiate
1161 2738 1178 2814 ξ

125 2819 216 2896 regia,
226 2820 366 2882 omnibus
376 2822 467 2881 rebus
478 2832 600 2883 ornatas
610 2830 701 2895 atque
710 2823 836 2881 refertas
846 2821 1134 2896 caeterasqueurae
1160 2811 1178 2891 ,ἓ

125 2904 212 2964 Ponti
230 2913 260 2964 et
279 2903 492 2978 Cappadociae
510 2905 675 2980 permultas
692 2920 752 2964 uno
771 2903 854 2964 aditu
870 2905 1067 2979 adventuque
1080 2914 1134 2964 esse
1158 2891 1178 3046 Ε

126 2996 248 3063 captas,
269 3003 372 3061 regem
388 2986 547 3061 spoliatum
564 3003 660 3060 regno
671 2985 768 3061 patrio
781 2996 872 3060 atque
882 2985 963 3046 avito
976 2989 1017 3048 ad
1029 2988 1133 3053 otiose
1161 3039 1173 3068 ’,Ι

125 3084 215 3141 reges
228 3080 320 3144 atque
331 3071 371 3129 ad
381 3069 456 3129 alias
467 3079 573 3144 gentes
589 3068 758 3143 supplicem
777 3068 960 3142 contulisse,
971 3078 1064 3144 atque
1074 3055 1178 3127 taa'b

126 3151 228 3209 onrnia
240 3152 333 3212 salvis
345 3151 452 3228 populi
462 3151 590 3213 Romani
602 3152 695 3212 sociis
707 3160 798 3225 atque
814 3151 936 3224 integris
952 3148 1132 3227 vectigalibus
1159 3147 1178 3230 Ἀ

125 3246 197 3290 esse
208 3243 303 3306 gesta.
322 3235 402 3295 Satis
415 3232 1133 3320 opinorhaecesselaudisatqueitaQuirithtl
1160 3236 1178 3316 ξ

124 3311 185 3373 hoc
199 3330 257 3375 vos
272 3315 454 3392 intelligatis,
472 3335 492 3377 a
508 3319 589 3378 nullo
603 3317 738 3387 istorum,
755 3317 805 3390 qul
823 3316 893 3375 huic
910 3316 1077 3377 obtrectant
1088 3314 1133 3396 legt
1161 3319 1178 3398 ξ

124 3404 218 3471 atque
230 3412 348 3471 causae,
357 3401 390 3459 L.
400 3401 557 3461 Lucutbrm
568 3399 703 3463 similiter
711 3415 749 3461 ex
759 3399 818 3461 boc
827 3399 896 3460 loca
905 3415 977 3462 esse
986 3399 1132 3461 laudatum
1161 3401 1178 3476 ξ
