2356 3854
87 127 131 225 ao
207 118 209 125 ’
245 163 319 222 rao
343 162 426 222 sax.
449 161 587 223 aoscro
609 116 783 259 auratac
803 157 954 218 canno.

8 388 10 393 Ι
87 330 166 374 mus
199 313 270 372 Erat
283 320 344 372 tum
360 311 518 374 multitudo
535 309 729 385 sicariorum,
750 309 781 369 id
798 309 882 385 quod
893 324 1089 370 commemora·

54 390 56 395 ’
91 398 132 456 vit
150 395 294 467 Erucius,
316 403 346 453 et
366 393 504 454 homines
534 394 657 468 impune
669 400 674 410 ’
688 392 913 454 occidebantur.
953 391 1048 465 Quidl
1068 408 1089 450 et

88 478 247 538 mullitudo
261 488 340 551 quae
355 484 451 537 eratr‘
461 476 591 550 Opinor,
608 486 660 537 aut
674 480 794 546 eorum,
812 475 865 549 qui
879 476 909 533 in
923 474 1013 535 bonis
1027 490 1089 533 crau

90 561 246 636 occupati,
264 558 317 619 aut
331 576 456 632 eorum,
473 560 529 633 qui*
547 560 586 619 ab
607 560 643 619 iis
659 559 907 619 conducebantur
928 566 960 617 ut
978 557 1089 632 aliqueu

89 644 273 704 occiderent.
309 641 341 702 sl
356 658 412 702 eos
426 651 531 718 putas,
547 642 605 716 qui
620 642 751 702 alienum
768 641 968 716 appetebant,
988 648 1020 700 tu
1034 658 1064 700 es
1074 640 1089 698 it

83 739 127 786 'eo
145 742 285 798 numero,
304 724 356 798 qui
372 733 476 787 nostra
491 726 622 810 pecunia
637 725 724 784 dives
746 741 797 792 es;
813 723 859 783 sin
876 740 946 800 eos,
965 740 1042 797 quos
1057 741 1089 797 qu

87 809 203 869 leviore
221 807 342 868 nomine
358 810 511 883 appellant
526 824 725 882 percussores
740 813 865 878 vocant,
882 823 996 879 quaere
1011 806 1089 864 ineu

86 891 135 952 lus
150 893 211 951 lide
226 891 286 950 sint
300 899 330 950 et
346 891 497 950 clientela:
515 890 587 949 mibi
599 880 698 962 crede,
710 890 842 964 aliquem
853 890 891 949 de
903 889 1048 949 societate
1059 898 1089 948 tur

10 992 11 997 ¹
87 976 238 1048 reperies;
256 983 300 1046 et,
316 973 464 1048 quidquid
482 983 513 1033 tu
529 972 779 1044 contradixeris,
797 971 829 1030 id
847 988 914 1031 cum
931 972 1089 1031 delensIon

86 1066 193 1120 nostra
213 1055 403 1117 contenditoz
427 1056 468 1114 ita
490 1056 630 1115 facillime
649 1072 744 1115 causa
765 1055 835 1114 Sex.
851 1054 956 1115 Roscii
975 1072 1043 1115 cum
1058 1063 1089 1125 tur

86 1142 269 1201 conferetur.
295 1137 345 1198 94.
363 1138 469 1198 Dices:
486 1138 563 1211 Quid
578 1147 700 1214 postea,
717 1137 743 1198 si
753 1139 868 1197 Romae
883 1137 1032 1198 adsiduus
1047 1137 1083 1198 lui

86 1222 310 1296 Respondebo:
327 1222 368 1279 At
383 1237 440 1294 ego
452 1218 580 1281 'omnino
600 1238 660 1281 non
675 1221 726 1280 lui.
759 1220 869 1280 Fateor
892 1236 939 1280 me
962 1230 1089 1281 secloren

86 1320 175 1376 esse,
198 1320 304 1363 verum
319 1298 413 1362 etalii
429 1303 522 1363 multi.
556 1306 597 1364 At
615 1321 688 1378 ego,
706 1311 742 1378 ut
758 1311 818 1362 tute
838 1305 957 1376 arguis,
978 1305 1089 1379 agricol

84 1386 274 1447 etrusticus.
308 1386 376 1444 Non
391 1387 549 1458 continuo,
565 1386 591 1446 si
606 1403 653 1446 me
664 1386 694 1445 in
709 1403 832 1461 gregem
845 1385 1025 1446 sicariorum
1040 1403 1089 1446 con

86 1469 156 1541 tuli,
185 1486 252 1530 sum
267 1467 405 1528 sicarius.
446 1471 487 1529 At
507 1486 564 1544 ego
586 1471 739 1543 prolecto,
769 1467 820 1543 qui
843 1485 880 1528 ne
899 1468 973 1528 novi
989 1471 1089 1544 quiden

88 1568 273 1627 quemquam
298 1550 455 1625 sicarium,
481 1553 572 1626 longe
592 1553 699 1612 absum
721 1551 847 1625 abelus
868 1551 951 1611 modi
978 1553 1089 1612 crimine

85 1635 236 1696 Permulta
252 1641 335 1706 sunl,
353 1651 431 1709 quae
444 1634 503 1694 dici
515 1643 645 1710 possunt
660 1651 753 1710 quare
769 1634 950 1708 intelligatur
963 1652 1089 1695 summan

86 1717 140 1778 tibi
158 1719 328 1778 facultatem
350 1717 445 1777 luisse
460 1717 599 1778 malelicii
615 1717 817 1791 suscipiendi,
835 1734 913 1791 quae
935 1734 997 1778 non
1020 1719 1089 1778 mod<

84 1801 200 1861 idcirco
214 1811 381 1875 praetereo,
398 1802 482 1874 quod
498 1800 642 1876 teipsum
657 1817 717 1861 non
732 1801 858 1859 libenter
868 1816 992 1874 accuso,
1007 1817 1089 1861 verun

87 1899 124 1943 eo
138 1886 235 1958 magis
253 1884 358 1957 etiarn,
374 1886 474 1958 quod,
487 1884 513 1944 si
528 1885 567 1943 de
582 1883 640 1944 illis
659 1883 803 1943 caedibus
818 1882 908 1942 velim
928 1899 1089 1964 commemo

84 1982 170 2038 rare,
199 1975 360 2040 quactum
386 1969 483 2026 factae
504 1975 574 2026 sunt
593 1967 651 2026 ista
674 1967 780 2025 eadem
800 1966 917 2026 ratione
925 1967 935 2038 ‚'
959 1985 1020 2040 qua
1040 1967 1089 2026 Ser

85 2047 217 2108 Roscius
235 2047 358 2107 occisus
378 2057 440 2120 est,
461 2065 570 2108 vereor
584 2066 622 2108 ne
638 2050 677 2108 ad
691 2051 794 2122 plures
816 2048 910 2109 oratio
933 2066 1002 2109 mea
1021 2048 1089 2125 perti

85 2146 159 2191 nere
176 2129 321 2189 videatur.

171 2212 304 2272 XXXIV.
345 2211 395 2273 95.
428 2212 594 2272 Videamus
616 2229 696 2272 nunc
718 2213 856 2285 strictim,
881 2213 959 2274 sicut
981 2221 1089 2273 caetera

88 2312 168 2371 quae
183 2304 394 2375 postmortem
410 2295 481 2357 Sex.
496 2295 600 2355 Roscii
616 2296 672 2355 abs
689 2304 732 2370 te,
753 2297 785 2360 T.
799 2297 908 2367 Rosci,
931 2300 1010 2356 lacta
1026 2304 1089 2357 suut

88 2395 166 2453 quae
181 2379 221 2438 ita
239 2382 344 2452 aperta
358 2377 560 2438 etmanilesta
576 2387 654 2451 sunt,
671 2387 704 2438 ut
719 2397 767 2439 me
783 2379 852 2439 dius
865 2379 967 2451 lidius,
983 2380 1089 2439 iudicet

84 2458 197 2521 invitus
213 2477 250 2520 ca
264 2462 372 2521 dicum.
404 2462 522 2520 Vereor
536 2459 629 2533 enim,
645 2461 827 2530 cuicuimodi
842 2479 891 2535 eS,
905 2463 1055 2536 T.·Rosci;
1070 2480 1089 2520 n

85 2541 128 2603 ita
141 2543 221 2602 bunc
235 2543 340 2603 videar
355 2543 491 2603 voluisse
510 2560 648 2615 servare,
671 2552 704 2604 ut
720 2544 772 2605 tibi
786 2546 907 2605 omnino
920 2562 981 2605 non
1000 2562 1089 2620 peper

85 2625 187 2685 cerim.
221 2624 317 2698 Quum
333 2626 391 2686 hoc
405 2643 514 2686 vereor
529 2635 558 2685 et
573 2626 662 2700 cupio
679 2627 731 2687 tibi
746 2628 848 2701 aliqua
862 2645 900 2687 ex
916 2638 1010 2702 parte,
1027 2645 1089 2702 quo<

36 2714 41 2725 “
84 2709 172 2769 salva
183 2708 243 2767 ilde
258 2708 381 2782 possim,
400 2725 534 2782 parcere,
548 2726 655 2770 rursus
666 2708 789 2771 immuto
803 2712 987 2771 voluntatem
1002 2727 1089 2770 mean

85 2789 178 2857 Venit
200 2789 278 2851 enirn
302 2790 374 2850 mibi
394 2791 424 2850 in
439 2800 568 2851 mentem
591 2792 653 2852 oris
672 2791 724 2852 lui.
764 2794 860 2865 Tene,
882 2811 976 2868 quum
997 2802 1089 2853 caeter

85 2873 164 2934 socii
179 2875 224 2952 tui
236 2874 374 2947 lugerent
388 2890 425 2934 ac
441 2891 475 2934 se
491 2876 688 2947 occultarent,
705 2883 738 2934 ut
752 2876 811 2935 hoc
825 2875 970 2935 iudicium
988 2893 1048 2936 non
1069 2876 1088 2935 d

6 2952 8 2959 '
84 2955 203 3018 illorum
219 2958 347 3032 praeda,
362 2958 418 3017 sed
433 2957 471 3016 de
485 2957 739 3018 huiusmalelicio
755 2958 821 3018 fieri
835 2958 996 3031 videretur,
1013 2958 1089 3034 potis

85 3039 193 3099 simum
214 3040 267 3101 tibi
287 3049 389 3115 partes
410 3040 485 3102 istas
507 3039 746 3116 depoposcisse,
767 3049 800 3102 ut
819 3039 847 3099 in
870 3041 981 3103 iudicio
1005 3058 1089 3101 versa

83 3136 151 3181 rere
167 3131 197 3182 et
211 3124 336 3183 sederes
351 3140 419 3183 cum
429 3121 632 3184 accusatore?
666 3122 731 3195 Qua
742 3123 772 3182 in
787 3140 820 3183 re
835 3123 907 3184 nibil
921 3124 1004 3185 aliud
1018 3126 1089 3184 adse

83 3205 203 3279 queris,
231 3202 290 3264 nisi
309 3215 342 3266 ut
362 3207 400 3266 ab
415 3207 555 3267 omnibus
575 3206 751 3267 mortalibus
770 3206 900 3267 audacia
919 3216 970 3267 tua
993 3225 1089 3280 cogno

82 3293 185 3346 scatur
200 3293 230 3346 et
245 3288 438 3362 impudentia.
475 3289 525 3350 96.
555 3280 663 3350 Occiso
683 3288 753 3349 Sex.
769 3289 899 3363 Roscio,
923 3290 974 3364 qui
989 3291 1089 3364 primu

67 3368 240 3429 'Ameriam
254 3369 396 3432 nunciat‘l
422 3371 541 3431 Mallius
557 3373 695 3444 Glaucia,
716 3389 806 3448 quem
821 3371 881 3432 iam
902 3381 991 3433 antea
1009 3371 1089 3434 nomi
