2356 3854
131 184 196 248 aso
419 182 493 257 nno
515 184 547 241 e.
568 180 700 242 sasno
713 180 897 259 onxno„

133 336 327 404 elicerentur,
350 329 377 390 si
390 331 620 392 Themistoclem
643 332 740 405 illum,
765 338 1015 391 conservatorem
1033 330 1136 408 patriae,
1174 354 1176 393 ;

132 434 194 477 non
217 413 360 477 deterruit
382 431 401 474 a
422 431 456 474 re
470 413 592 489 publica
605 415 796 474 defendenda
816 429 874 474 neo
888 413 1017 474 Miltiadi
1036 417 1135 475 colomi-
1170 436 1175 475 t

131 509 195 571 tas,
214 499 265 574 qul
280 499 361 557 lllam
375 496 525 557 civitatem
539 499 641 572 paullo
657 505 727 556 ante
743 505 896 569 servarat,
917 512 1020 571 neque
1031 496 1135 558 Aristidi

132 583 220 656 iuga,
236 581 289 657 qui
302 596 381 639 unus
397 578 529 640 omnium
543 580 727 641 iustissimus
741 578 838 641 luisse
851 579 989 652 traditur,
1006 580 1033 640 si
1048 590 1136 655 postet
1170 616 1172 621 ,

133 663 242 725 summi
259 662 397 724 eiusdem
414 662 542 722 civitatis
556 660 628 737 viri,
644 678 723 736 quos
738 661 914 721 nominatim
931 664 1078 737 appellari
1091 680 1135 722 non
1169 696 1176 725 ·.

133 756 180 809 est
194 762 339 819 necesse,
362 746 528 820 propositis
548 753 593 807 tot
608 745 757 820 exemplis
771 742 950 804 iracundiae
964 745 1135 820 levitatisque
1173 782 1176 809 ι

132 832 301 907 popularis,
314 837 412 889 tamen
426 844 512 890 suam
522 843 584 887 rem
597 828 749 902 publicam
763 826 844 885 illam
859 828 1072 901 defenderunt,
1083 828 1135 902 qud
1172 886 1175 893 ,

132 931 190 974 nos
211 914 333 973 tandem
354 911 455 972 lacere
477 908 638 983 debemus,
662 910 792 985 primum
818 909 848 968 in
877 925 915 968 ea
941 908 1064 971 civitate
1083 909 1133 979 nati
1173 937 1176 975 l

131 998 215 1057 unde
230 1004 295 1057 orta
316 993 387 1052 mihi
406 992 540 1068 gravitas
554 999 585 1053 et
597 992 771 1066 magnitudo
788 992 879 1050 animi
894 993 1033 1065 videtur,
1051 992 1133 1053 tunic
1168 1018 1176 1057 e,

132 1087 215 1139 tanta
228 1076 325 1152 gloria
338 1075 528 1147 insistentes,
550 1082 584 1136 ut
599 1075 699 1137 omnia
717 1076 849 1135 humana
860 1076 981 1135 leviora
997 1075 1089 1136 videri
1099 1076 1132 1133 de
1172 1103 1176 1141 ·:

131 1162 232 1232 beant,
250 1158 361 1219 deinde
374 1158 414 1216 ad
428 1174 495 1217 eam
509 1174 574 1218 rem
587 1157 738 1233 publicam
754 1156 898 1218 tuendam
909 1158 1063 1232 adgressi,
1077 1171 1133 1233 qua
1169 1169 1175 1223 .’

132 1249 215 1302 tanta
233 1240 376 1315 dignitate
390 1249 454 1312 est,
472 1249 506 1301 ut
520 1257 586 1300 eam
608 1241 818 1300 delendentem
836 1239 982 1302 occidere
998 1256 1060 1301 nou
1074 1237 1131 1300 tliul

134 1323 173 1384 sit
189 1339 280 1398 quam
295 1331 520 1397 oppugnantem
536 1339 637 1382 rerum
652 1322 763 1397 potiris
1165 1360 1176 1388 ,.

214 1406 344 1464 LXVlll.
368 1402 437 1465 tta.
467 1404 613 1465 Homines
634 1404 757 1478 Graeci,
781 1420 860 1480 quos
881 1413 975 1466 antea
995 1400 1131 1472 nominavi
1164 1430 1174 1471 ·-;

132 1486 236 1563 inique
256 1505 275 1547 a
294 1486 358 1547 suis
381 1486 499 1548 civibus
520 1487 651 1546 damnati
674 1496 766 1563 atque
786 1488 923 1562 expulsi,
944 1496 1063 1560 tamem
1084 1484 1132 1562 quit
1164 1514 1176 1555 ·,.;

132 1571 211 1631 bene
229 1579 299 1630 sunt
315 1571 353 1630 de
370 1570 434 1630 suis
450 1569 620 1631 civitatibus
634 1570 747 1644 meriti,
763 1578 843 1631 tanta
857 1569 952 1632 hodie
972 1571 1070 1647 gloria
1085 1574 1132 1629 smt

133 1669 195 1713 non
213 1655 242 1712 in
259 1652 385 1712 Graecia
400 1654 508 1726 solum,
526 1654 583 1713 sed
598 1653 688 1713 etiam
702 1655 785 1728 apud
799 1666 856 1715 nos
870 1662 967 1729 atque
982 1656 1015 1714 iu
1032 1650 1132 1714 metere
1164 1680 1176 1719 ·..

132 1737 236 1811 terris,
259 1745 293 1797 ut
313 1752 383 1809 eos,
404 1735 553 1810 aquibus
573 1735 615 1795 illi
637 1735 780 1812 oppressi
800 1745 885 1809 sunt,
906 1753 1000 1797 nemo
1018 1735 1131 1803 nomina
1164 1766 1176 1803 ·.

132 1821 240 1881 horum
262 1820 459 1880 calamitatem
479 1817 674 1880 dominationi
693 1819 812 1879 illorum
833 1835 942 1879 omnes
964 1822 1131 1895 anteponant
1164 1848 1167 1853 ·

70 1921 86 1939 ‘
133 1902 206 1976 Quis
217 1901 512 1977 Karthaginiensium
526 1901 622 1977 pluris
638 1902 870 1962 luitHannibale
885 1902 1132 1977 consiliarium
1165 1962 1176 1969 ,,

132 1985 225 2044 rebus
240 1983 350 2058 gestis,
366 1984 417 2058 qui
433 2002 512 2044 unus
528 2000 595 2044 curn
610 1992 653 2045 tot
668 1985 900 2059 imperatoribus
914 1987 1033 2046 nostris
1048 1986 1133 2061 perlat
1169 2014 1176 2035 .-

134 2082 231 2126 annos
254 2067 292 2126 de
312 2066 439 2140 imperio
456 2067 540 2127 etde
554 2067 650 2141 gloria
664 2068 851 2128 decertavit?
870 2068 961 2128 Hunc
979 2068 1030 2128 sui
1043 2068 1132 2128 dvctv
1165 2128 1176 2134 ,

134 2148 254 2209 civitate
276 2147 443 2208 eiecerunt=
463 2166 522 2208 nos
543 2150 632 2210 etiam
653 2151 771 2210 hostem
791 2149 897 2210 litteris
919 2148 1133 2212 nostrts'etne
1165 2164 1176 2217 2-

131 2233 227 2292 moria
240 2229 381 2291 videmus
397 2246 468 2291 esse
483 2233 674 2292 celebratum.
708 2231 778 2293 143.
807 2233 871 2306 Qua
891 2249 925 2292 re
940 2233 1087 2295 imitemur
1096 2243 1132 2289 no
1165 2262 1176 2284 ·.

133 2322 213 2376 siros
226 2316 353 2386 Brutos,
378 2313 533 2388 Camillos,
557 2316 686 2387 Ahalas,
707 2314 836 2388 Decios,
852 2315 977 2390 Curios,
994 2313 1133 2381 Fabricios,
1168 2344 1176 2383 :

130 2396 292 2470 Marcianos,
303 2396 474 2472 Scipiones,
485 2398 639 2472 Lentulos,
650 2398 807 2466 Aemilios,
819 2398 1059 2460 innumerabiles
1070 2396 1133 2463 clia
1170 2458 1176 2465 .

133 2478 185 2555 qui
199 2479 278 2539 hanc
291 2495 355 2539 rem
369 2479 521 2555 publicam
538 2480 759 2541 stabiliverunt:
781 2497 860 2555 quos
882 2482 1030 2556 equidem
1042 2482 1071 2541 iu
1082 2479 1133 2537 deo
1167 2508 1176 2547 .;

130 2578 196 2620 rum
222 2560 432 2622 immortalium
458 2572 548 2623 coetu
572 2579 608 2622 ac
633 2579 759 2623 numero
780 2580 908 2637 repono.
942 2568 1133 2634 Amemuspr
1167 2592 1176 2629 =.

131 2642 233 2714 triam,
252 2660 413 2718 parcamus
426 2645 559 2718 senatui,
573 2648 770 2706 consulamus
782 2646 885 2705 bonis=
901 2656 1081 2720 praesentes
1091 2644 1134 2701 lrr

131 2734 198 2786 ctus
216 2727 418 2801 negligamus,
434 2727 618 2803 posteritatis
635 2730 750 2803 gloriae
767 2729 953 2788 serviamus=
972 2729 1007 2789 id
1023 2738 1134 2796 esseop
1174 2760 1176 2781 ÷

130 2807 234 2870 timum
249 2817 400 2884 putemus,
419 2812 503 2884 quod
521 2810 577 2871 erit
591 2811 809 2871 rectissimum:
825 2827 990 2886 speremus
1014 2820 1133 2888 quaeso

129 2894 246 2966 lumus,
260 2893 316 2952 sed
331 2893 415 2967 quod
432 2893 577 2953 acciderit
591 2895 737 2953 teramum
751 2895 921 2968 cogitemus
940 2895 1075 2970 denique
1087 2902 1131 2951 eor

132 2992 189 3048 pus
210 2974 345 3036 vuorum
366 2975 485 3036 fortium
504 2992 744 3051 magnorumque
761 2976 915 3037 hominum
934 2970 1132 3039 esse'morttlb

129 3058 220 3118 animi
238 3075 313 3119 vero
334 3066 434 3119 motus
458 3067 488 3119 et
507 3058 625 3119 virtutis
647 3059 773 3134 gloriam
799 3061 1037 3134 sempiternama
1060 3063 1134 3127 aaut

129 3136 207 3200 hanc
228 3140 403 3215 opinionem
425 3141 452 3200 si
473 3141 502 3199 in
520 3142 570 3200 lllo
589 3142 781 3204 sanctissimo
796 3143 928 3202 Hercule
947 3147 1135 3204 consecratur

129 3218 283 3296 videmus,
300 3224 387 3285 cuius
403 3239 533 3299 corpore
548 3226 701 3298 ambusto,
716 3225 810 3285 vitam
824 3225 890 3284 eius
904 3233 938 3286 et
951 3220 1136 3307 virtuteninr,

130 3305 295 3364 mortalitas
317 3307 481 3380 excepisse
504 3307 634 3378 dicatur,
656 3308 755 3368 minus
777 3307 992 3368 existimemus
1014 3324 1080 3379 eos,
1099 3312 1137 3375 qut

129 3379 207 3441 hanc
228 3392 337 3448 antam
357 3404 421 3447 rem
442 3390 595 3463 publicam
615 3390 680 3450 suis
701 3389 837 3453 consiliis
858 3397 911 3450 ant
930 3392 1085 3455 laboribus
1099 3384 1138 3444 ²1¹¹
