2356 3854
343 166 425 227 cul).
440 175 569 229 39-42.
590 173 616 234 l·
629 164 761 229 85-9'1.
958 224 962 241 ,
1003 165 1057 235 ,77

58 317 130 380 ostri
145 316 263 392 gloriae.
272 332 434 390 rerumque
445 326 598 392 gestarum
609 325 802 377 monumenta
813 325 949 378 evertere
963 327 1054 394 atque

58 409 192 476 spurtare
208 416 303 459 ausus
319 407 374 458 est.
402 400 457 460 Est
473 399 612 470 sceleris,
636 401 718 475 quod
731 401 894 474 religiones
908 402 1054 463 maximas

58 480 166 545 iolavit.
197 483 251 542 Est
268 482 463 556 crudelitatis,
479 483 562 556 quod
576 482 766 542 innocentem
786 483 817 543 in
839 483 1004 559 hominem,
1025 485 1055 544 iu
1090 550 1092 554 Α

58 568 150 627 ocium
163 573 296 626 vestrum
311 573 402 639 atque
416 567 553 635 amicum,
570 581 681 624 novum
696 582 731 624 ac
747 567 898 640 singulare
913 568 1055 642 supplicii

58 666 130 710 enus
145 647 338 722 excogitavit.
372 647 422 723 89.
440 649 517 707 Illud
532 665 605 707 vero
623 647 696 722 quid
711 648 749 707 sit
764 648 821 725 iam
838 666 898 708 non
915 667 993 724 queo
1010 651 1055 710 di-

58 750 118 805 ere,
135 748 196 806 quo
212 730 333 790 nomine
348 732 499 804 appellem
514 731 633 804 nescio,
657 732 739 804 quod
755 731 784 789 in
801 732 830 790 C.
844 733 977 791 Marcelli
995 742 1054 793 sta-

58 833 94 875 ra
117 814 197 888 Quid
210 823 256 874 est
269 815 351 873 hoc?
376 815 563 874 patronusne
581 814 664 888 quod
679 820 763 873 erat‘l
792 814 868 886 Quid
889 822 971 874 turn?
993 833 1053 890 quo

58 899 215 972 lspecuta
238 898 344 973 Utrum
358 912 395 955 ea
411 913 461 956 res
482 898 522 956 ad
537 913 626 970 opem
641 913 679 955 an
694 897 734 955 ad
750 896 948 956 calamitatem
963 898 1054 956 clien-

58 999 107 1040 um
119 990 211 1054 atque
225 979 380 1054 hospitum
396 981 498 1038 valere
518 980 670 1039 debebat?
688 996 726 1037 an
749 987 781 1038 ut
796 980 855 1038 hoc
876 981 1054 1040 ostenderes

58 1072 139 1124 cntra
151 1063 212 1122 vim
227 1072 308 1122 tuam
322 1061 353 1120 in
374 1062 510 1136 patronis
526 1062 669 1137 praesidii
688 1061 760 1121 nihil
782 1069 873 1121 esset
905 1062 1053 1134 Quisnon

59 1163 94 1206 oc
107 1145 293 1219 intelligeret,
309 1144 339 1202 in
354 1133 484 1219 improbi
501 1145 669 1219 praesentis
684 1141 809 1219 imperio
824 1144 968 1204 maiorem
984 1161 1054 1205 esse

59 1229 97 1288 im
111 1245 196 1304 quam
220 1228 249 1286 in
272 1228 421 1287 bonorum
442 1228 611 1287 absentium
630 1228 822 1302 patrocinio?
855 1231 909 1286 An·
925 1244 997 1288 veru
1015 1245 1054 1288 ex

58 1328 98 1373 loc
114 1311 162 1370 illa
174 1320 224 1371 tua
242 1308 405 1384 singularis
420 1310 606 1385 significatur
619 1311 789 1383 insolentia,
807 1311 965 1384 superbia,
982 1328 1052 1371 con·

58 1397 186 1454 unaciar
201 1393 370 1454 Detrahere
384 1394 527 1455 videlicet
541 1394 655 1468 aliquid
668 1404 696 1454 te
712 1395 750 1453 de
766 1394 963 1467 amplitudine
970 1395 1052 1459 ,Mar-

58 1479 180 1537 eliorum
193 1478 315 1551 putasti.
351 1478 552 1552 ltaquenunc
569 1477 736 1538 Siculorum
751 1477 886 1536 Marcelli
907 1494 968 1536 non
984 1487 1054 1538 sunt

61 1561 166 1622 anoni:
187 1561 301 1620 Verres
315 1559 345 1618 in
367 1576 470 1619 eorum
490 1561 589 1619 locum
605 1561 784 1620 substitutus
799 1567 855 1619 est.
895 1559 944 1620 90,
960 1561 1053 1632 Quam

58 1651 230 1704 atalantam
246 1642 386 1702 virtutem
402 1659 472 1702 esse
491 1652 543 1702 aut
562 1643 736 1716 dignitatem
759 1643 920 1701 arbitratus
943 1659 993 1715 es,
1021 1652 1053 1704 ut

58 1743 178 1786 quarere
193 1726 361 1786 clientelam
375 1734 436 1786 tam
453 1725 640 1799 splendidae,
656 1734 716 1784 tam
734 1723 863 1805 illustris
878 1724 1053 1797 provinciae

58 1811 189 1871 educere
206 1811 246 1868 ad
260 1818 305 1882 te,
326 1811 446 1868 auterre
466 1825 484 1866 a
502 1806 677 1866 certissimis
698 1805 979 1880 antiquissimisque
1000 1822 1052 1880 pa-

58 1894 149 1954 ronisl
174 1894 217 1951 Tu
237 1892 296 1952 ista
314 1891 462 1967 nequitia,
483 1888 619 1961 stultitia,
641 1889 748 1948 inertia
768 1905 828 1947 uon
848 1890 939 1949 modo
960 1889 1052 1949 totius

58 1976 162 2048 liciliae
178 1976 234 2036 sed
248 1975 338 2035 unius
358 1973 528 2034 tenuissimi
543 1971 636 2032 Siculi
657 1971 824 2056 clientelam
845 1971 921 2031 tueri
943 1980 1054 2046 potest

58 2059 98 2119 ibi
115 2058 249 2118 Marcelli
276 2065 373 2118 statua
403 2075 457 2132 pro
483 2056 618 2131 patibulo
644 2055 674 2116 in
696 2057 821 2116 clientes
837 2056 1052 2129 Marcellorum

58 2142 109 2203 uit?
122 2151 156 2203 tu
166 2159 205 2202 ex
219 2140 299 2202 illius
312 2141 428 2200 honore
443 2140 473 2202 in
488 2156 543 2199 eos
557 2141 652 2213 ipsos,
671 2139 723 2214 qui
737 2140 883 2199 honorem
902 2138 943 2199 illi
958 2139 1052 2199 habu-

58 2234 131 2298 runt,
147 2223 296 2299 supplicia
311 2217 503 2298 quaerebas?
524 2223 602 2296 Quid
617 2230 746 2296 posteat
767 2222 839 2298 quid
856 2223 976 2282 tandem
992 2223 1055 2282 tuis

58 2307 138 2369 totuis
155 2311 223 2377 lore,
241 2307 448 2367 arbitrabare?
475 2309 523 2365 An
538 2307 710 2380 veruquod
729 2305 859 2366 accidit?
884 2305 957 2362 Nam
972 2304 1052 2381 Tyn-

58 2390 161 2452 laritani
175 2399 305 2450 statuam
322 2389 425 2460 istius,
445 2407 535 2465 quam
553 2388 611 2448 sibi
627 2397 751 2463 propter
764 2387 925 2455 Marcellos
946 2387 1051 2448 altiore

58 2474 121 2534 tiam
134 2474 202 2535 basi
219 2475 292 2548 poni
308 2472 452 2543 iusserat,
472 2473 680 2543 deturbarunt,
707 2470 794 2530 simul
815 2486 851 2528 ac
874 2486 1052 2531 successum

58 2557 262 2617 stiaudierunt.
289 2556 376 2614 XLII.
405 2557 494 2615 Dedit
510 2554 602 2630 ‚igitur
623 2554 676 2613 tibi
698 2570 777 2613 nunc
800 2555 920 2613 fortuna
935 2553 1051 2614 Siculo·

58 2657 99 2698 urn
112 2642 141 2701 G.
155 2640 330 2699 Marcellum
352 2639 495 2710 iudicem,
517 2647 565 2711 ut,
592 2638 677 2698 cuius
695 2640 735 2697 ad
755 2645 882 2697 statuam
904 2637 998 2698 Siculi
1022 2646 1051 2697 te

58 2733 171 2784 merore
188 2721 405 2795 adligabantur,
420 2714 484 2781 eius
504 2720 649 2794 religione
663 2729 692 2781 te
709 2720 759 2780 isti
776 2721 947 2782 devinctum
964 2721 1055 2779 astri-x

58 2813 174 2882 tumque
188 2806 345 2865 dedamus.
376 2803 425 2864 91.
442 2808 487 2863 Ac
503 2805 609 2879 primo,
624 2803 749 2876 iudices
765 2804 825 2864 huc
840 2803 958 2877 signum
973 2804 1050 2860 Mer-

58 2890 108 2948 :urii
129 2889 249 2949 dicebat
269 2888 326 2948 iste
340 2887 562 2965 Tyndaritanos
582 2887 621 2944 M.
636 2887 778 2946 Marcello
796 2885 866 2944 huic
880 2884 1049 2944 Aesernino

58 2972 223 3044 tradidisse,
242 2979 334 3045 atque
348 2971 406 3030 lroc
422 2987 478 3029 sua
492 2985 584 3029 causa
599 2969 687 3028 etiam
702 2970 742 3027 M.
757 2968 932 3026 Marcellum
949 2968 1050 3040 ipsum

58 3056 175 3127 perabat
200 3071 270 3114 esse
291 3054 454 3114 dicturum=
482 3053 565 3125 quod
585 3051 657 3110 mihi
679 3066 842 3124 numquam
868 3048 1050 3109 verisimile

58 3135 129 3198 irum
144 3146 206 3210 est,
223 3138 446 3198 adolescentem
461 3134 512 3192 illo
526 3136 594 3193 loco
614 3143 730 3206 natum,
745 3141 904 3206 patronum
921 3131 1048 3206 Siciliae,

58 3233 139 3283 tomen
156 3237 246 3282 suum
267 3220 317 3282 isti
337 3221 376 3279 ad
395 3216 619 3278 translationem
635 3215 767 3290 criminis
782 3214 1048 3276 commodaturum.

58 3302 143 3366 lerum
157 3313 258 3365 tamen
273 3303 315 3364 ita
328 3301 400 3363 mihi
414 3316 463 3360 res
485 3307 547 3358 tota
562 3298 697 3373 provisa'
709 3306 799 3372 atque
817 3309 979 3372 praecauta
993 3309 1048 3374 est,

58 3393 76 3459 l,
90 3390 115 3450 si
130 3383 260 3448 maxillae
281 3395 364 3448 esset
377 3387 528 3456 inventus,
550 3381 647 3456 quiin
662 3396 696 3442 se
711 3380 868 3455 suscipere
882 3382 969 3444 istius
987 3385 1048 3442 cul·
1139 3456 1142 3462 .
