2356 3854
106 186 127 250 a
229 232 231 239 .
260 187 334 249 nno
356 187 439 247 sux.
458 184 596 246 Roscio
616 182 790 242 Anunruo
813 169 978 242 aalma(

107 343 181 401 ritas
197 346 244 398 est
256 346 348 412 atque
363 337 543 411 amplitudo,
565 335 591 393 si
607 335 731 392 verbum
748 333 786 391 de
807 349 840 391 re
856 332 978 406 publica
993 332 1126 408 fecisset,

108 425 140 483 id
154 422 237 496 quod
256 420 287 480 in
301 421 358 480 hac
373 436 467 478 causa
481 418 547 477 lieri
560 430 689 476 necesse
704 424 765 486 est,
787 417 878 475 multo
902 418 991 489 plura
1012 416 1127 479 dixisse

110 521 200 580 quam
223 503 352 563 dixisset
376 510 544 577 putaretur:
578 498 609 563 3
634 515 691 573 ego
710 497 826 557 etiamsi
847 499 971 569 omnia,¹
985 516 1064 573 quae
1086 499 1126 558 di·

111 587 207 663 cende
222 593 306 645 sunt.
280 585 414 645 tlibere
429 584 550 656 dixero,
566 572 760 656 nequaquam
774 589 872 640 tamen
886 580 1022 641 similiter
1034 581 1126 642 oratio

109 686 178 729 mea
197 669 279 737 exire
299 676 391 743 atque
409 667 440 727 in
461 668 570 741 vulgus
590 679 731 729 emanare
752 663 875 737 poterit:
913 665 1024 723 deiude
1047 657 1125 739 quod

111 755 297 813 caeterorum
308 767 409 824 neque
424 750 536 810 dictum
552 749 715 807 obscurum
732 752 833 819 potest
850 746 920 804 esse
936 755 1028 821 propt
1029 764 1062 806 er
1075 763 1124 806 no-

109 833 205 901 bilitat
194 844 254 895 tem
274 842 303 894 ct
324 834 427 908 amplit
415 833 549 894 tudinem
567 846 668 905 nequo
687 837 801 897 temere
817 828 897 887 dicto
917 830 1046 889 concedi
1061 845 1124 904 pro-

110 925 177 993 pter
191 924 318 976 aetatem
333 926 362 976 et
378 916 582 990 prudentiam:
603 929 660 986 ego
675 911 701 971 si
718 911 791 986 quid
806 910 929 970 liberius
944 912 1066 984 dixero,
1080 912 1124 970 vel

111 1001 260 1061 occultum
280 1015 365 1070 esse,
389 1006 549 1072 propterea
570 997 655 1071 quod
675 996 809 1054 nondum
832 996 871 1053 ad
893 1010 957 1054 rem
978 994 1125 1069 publicam

111 1083 243 1152 accessi,
259 1084 308 1141 vel
323 1081 440 1154 ignosci
451 1078 675 1139 adolescentiae
689 1094 774 1137 meae
790 1077 913 1151 poterit:
935 1079 1055 1138 tametsi
1069 1093 1124 1136 non

110 1165 200 1224 modo
212 1162 390 1236 ignoscendi
401 1162 491 1233 ratio,
504 1161 708 1222 verumetiam
721 1161 928 1233 cognoscendi
939 1162 1125 1221 consuetudo

109 1246 169 1306 iarn
179 1245 217 1305 de
228 1244 347 1306 civitate
359 1245 476 1305 sublata
487 1254 541 1307 est.
559 1243 589 1306 4.
599 1244 727 1305 Accedit
736 1243 787 1301 illa
798 1259 920 1317 quoque
932 1246 1035 1316 causa,
1049 1243 1125 1317 quod

110 1327 276 1389 acaeteris
298 1327 424 1387 forsitan
448 1327 489 1388 ita
505 1328 629 1403 petitum
654 1327 692 1388 sit
707 1333 738 1385 ut
759 1324 908 1399 dicerent,
930 1335 963 1385 ut
982 1325 1126 1386 utrumvis

80 1472 88 1487 ,
111 1413 197 1472 salvo
216 1409 317 1470 oliicio
339 1411 440 1471 iacere
464 1427 498 1471 se
518 1427 613 1486 posse
630 1408 859 1469 arbitrarentur:
881 1425 900 1468 a
919 1426 968 1468 me
985 1418 1085 1469 autem
1099 1406 1127 1466 hi

110 1493 344 1566 contenderunt,
362 1494 414 1567 qui
425 1495 506 1568 apud
520 1511 568 1552 me
584 1501 614 1552 et
628 1490 758 1552 amicitia
773 1500 803 1551 et
816 1491 974 1552 beneficiis
990 1501 1020 1552 et
1036 1491 1127 1569 digni-

110 1584 171 1638 tate
190 1576 350 1652 plurimum
372 1584 515 1651 possunt,
539 1591 667 1651 quorum
688 1591 745 1648 ego
768 1591 869 1649 neque
889 1576 1142 1635 benevolentiam

111 1675 183 1734 erga
201 1675 250 1727 me
270 1658 410 1733 ignorare
430 1674 487 1719 nec
505 1659 712 1719 auctoritatem
738 1656 896 1731 aspernari
916 1675 972 1717 nec
992 1660 1127 1718 volunta·

110 1749 169 1803 tem
184 1741 338 1818 negligere
353 1743 488 1803 debeam.
508 1743 545 1801 Il.
567 1741 596 1803 5.
615 1742 670 1801 His
685 1742 723 1801 de
742 1741 843 1801 causis
852 1757 916 1836 ‘ego
934 1741 1009 1801 huic·
1020 1757 1129 1801 causae

63 1819 67 1837 ¹
109 1833 254 1900 patronus
270 1826 383 1898 exstiti,
405 1842 466 1886 non
480 1827 594 1887 electus
608 1841 687 1885 unus
708 1823 760 1898 qui
779 1823 910 1883 maximo
926 1823 1064 1898 ingenio,
1077 1824 1130 1884 sed

108 1908 232 1969 relictus
253 1925 292 1967 ex
316 1909 455 1969 omnibus
486 1909 538 1984 qui
562 1908 684 1968 minimo
710 1907 845 1983 periculo
874 1923 1000 1981 possem
1021 1908 1130 1980 dicere,

109 2005 209 2063 neque
229 1990 273 2048 uti
294 1990 367 2050 satis
389 1992 474 2050 firmo
491 1991 644 2065 praesidio
662 1992 716 2050 del
715 2007 808 2050 ansus
824 1989 895 2050 Sex
910 1991 1057 2062 Roscius,
1080 2006 1130 2051 ve·

108 2087 176 2130 rum
195 2070 239 2129 uti
258 2087 297 2129 ne
319 2072 439 2131 omnino
461 2073 600 2132 desertus
623 2081 714 2133 esset.
748 2072 886 2134 Forsitan
911 2074 1064 2147 quaeratis
1081 2073 1130 2147 qui

110 2153 167 2211 iste
185 2160 281 2212 terror
302 2154 341 2214 sit
355 2161 385 2213 et
400 2170 478 2228 quae
493 2163 575 2215 tanta
589 2155 733 2226 formido,
754 2172 832 2229 quae
847 2164 891 2215 tot
905 2173 940 2214 ac
954 2159 1032 2216 tales
1049 2156 1132 2216 viros

109 2235 254 2310 impediat
276 2255 336 2312 quo
360 2235 457 2295 minus
476 2254 530 2310 pro
553 2237 650 2312 capite
675 2247 704 2297 et
719 2239 845 2298 fortunis
868 2237 1005 2311 alterius,
1028 2224 1132 2314 quem·

110 2319 272 2379 admodum
298 2327 497 2393 consuerunt,
518 2336 641 2379 causam
661 2321 756 2380 velint
772 2321 883 2380 dicere
930 2321 1016 2394 Quod
1031 2322 1132 2382 adhuc

109 2416 167 2459 vos
188 2401 328 2474 ignorare
348 2419 408 2462 non
430 2401 536 2463 mirum
558 2412 619 2475 est,
641 2412 804 2478 propterea
827 2405 909 2477 quod
931 2406 1071 2465 consulto
1094 2406 1133 2464 ab

109 2484 337 2544 accusatoribus
353 2487 418 2545 eius
433 2485 492 2558 rei,
517 2503 595 2560 quae
611 2486 755 2546 conflavit
769 2487 828 2546 hoc
841 2486 1000 2562 iudicium,
1018 2488 1134 2547 mentio

109 2567 188 2625 lacta
208 2582 268 2626 non
296 2577 351 2628 est.
394 2568 423 2628 6.
445 2567 528 2640 Quae
547 2586 597 2629 res
616 2586 653 2629 ea
673 2577 741 2629 est?
773 2571 860 2630 Bona
889 2569 982 2643 patris
1003 2570 1133 2630 huiusce

110 2647 180 2706 Sex.
194 2649 314 2724 Roscii,
327 2667 404 2724 quae
420 2660 490 2712 sunt
501 2652 677 2726 sexagiens,
697 2669 776 2727 quae
791 2653 828 2712 de
842 2653 908 2712 viro
922 2652 1087 2713 fortissimo
1104 2662 1135 2712 et

110 2731 293 2806 clarissimo,
313 2734 345 2792 L.
362 2733 460 2809 Sulla,
484 2751 574 2810 quem
591 2735 717 2796 honoris
738 2752 833 2795 causa
848 2735 986 2808 nomino,
1009 2737 1134 2796 duobus

108 2814 227 2876 milibus
244 2833 366 2876 numum
384 2832 455 2876 sese
476 2817 549 2878 dicit
565 2819 677 2878 emisse
691 2819 872 2878 adolescens
889 2819 938 2877 vel
955 2819 1132 2892 potentissi-

108 2913 175 2958 mus
195 2899 253 2959 hoc
269 2907 405 2975 tempore
422 2907 545 2960 nostrae
566 2901 710 2976 civitatis,
732 2903 766 2961 L.
787 2901 941 2961 Cornelius
957 2901 1135 2979 Chrysogo-

108 2995 177 3041 nus.
204 2983 234 3042 is
250 2982 387 3055 avobis,
409 2981 541 3056 iudices,
565 2984 623 3044 hoc
639 2986 786 3059 postulat,
807 2993 840 3045 ut
855 2984 999 3059 quoniam
1012 2985 1042 3044 in
1058 2985 1133 3045 alie-

108 3077 178 3120 nam
194 3066 354 3137 pecuniam
371 3074 431 3126 tam
446 3068 567 3140 plenam
580 3075 672 3141 atque
690 3070 876 3141 praeclaram
898 3069 980 3128 nullo
999 3068 1065 3128 iure
1086 3068 1131 3127 in·

107 3143 222 3205 vaserit
244 3150 449 3224 quoniamque
469 3149 497 3209 ei
519 3150 668 3225 pecuniae
695 3150 755 3210 vita
783 3151 854 3210 Sex.
875 3150 980 3210 Roscii
1006 3153 1132 3212 obstare

108 3234 199 3301 atque
217 3229 339 3292 allicere
355 3230 507 3306 videatur,
526 3232 651 3294 deleatis
675 3250 713 3293 ex
729 3236 830 3294 animo
844 3249 901 3293 suo
923 3234 1131 3309 suspicionem

108 3325 228 3370 omnem
245 3321 418 3389 metumque
441 3316 567 3377 tollatis=
592 3332 663 3377 sese
684 3316 743 3377 hoc
756 3314 900 3377 incolumi
920 3332 980 3376 non
1003 3318 1132 3378 arbitra-

109 3399 155 3452 tur
174 3393 264 3454 huius
277 3394 446 3459 innocentis
461 3398 672 3475 patrimonium
691 3405 753 3459 tarn
768 3400 902 3474 amplum
919 3408 949 3461 et
966 3400 1129 3476 copiosum
