<?xml version="1.0" encoding="UTF-8"?>
<!DOCTYPE html PUBLIC "-//W3C//DTD XHTML 1.0 Transitional//EN"
    "http://www.w3.org/TR/xhtml1/DTD/xhtml1-transitional.dtd">
<html xmlns="http://www.w3.org/1999/xhtml" xml:lang="en" lang="en">
 <head>
  <title>
</title>
<meta http-equiv="Content-Type" content="text/html;charset=utf-8" />
  <meta name='ocr-system' content='tesseract 3.04.00' />
  <meta name='ocr-capabilities' content='ocr_page ocr_carea ocr_par ocr_line ocrx_word'/>
</head>
<body>
  <div class='ocr_page' id='page_1' title='image "./mtulliiciceroni08cicegoog_0490.png"; bbox 0 0 2356 3854; ppageno 0'>
   <div class='ocr_carea' id='block_1_1' title="bbox 395 187 1088 287">
    <p class='ocr_par' dir='ltr' id='par_1_1' title="bbox 395 187 1088 287">
     <span class='ocr_line' id='line_1_1' title="bbox 395 187 1088 287; baseline 0.007 -35"><span class='ocrx_word' id='word_1_1' title='bbox 395 191 743 266; x_wconf 49' lang='lat' dir='ltr'>cant-asora.</span> <span class='ocrx_word' id='word_1_2' title='bbox 906 257 909 269; x_wconf 69' lang='grc'><strong>,</strong></span> <span class='ocrx_word' id='word_1_3' title='bbox 1022 187 1088 287; x_wconf 62' lang='lat' dir='ltr'>‘litt</span> 
     </span>
    </p>
   </div>
   <div class='ocr_carea' id='block_1_2' title="bbox 10 342 1161 3493">
    <p class='ocr_par' dir='ltr' id='par_1_2' title="bbox 10 342 1161 3493">
     <span class='ocr_line' id='line_1_2' title="bbox 54 342 1090 421; baseline 0.005 -21"><span class='ocrx_word' id='word_1_4' title='bbox 54 357 196 418; x_wconf 82' lang='lat' dir='ltr'>pugnae:</span> <span class='ocrx_word' id='word_1_5' title='bbox 223 342 352 403; x_wconf 88' lang='lat' dir='ltr'>reditum</span> <span class='ocrx_word' id='word_1_6' title='bbox 368 343 408 402; x_wconf 88' lang='lat' dir='ltr'>ad</span> <span class='ocrx_word' id='word_1_7' title='bbox 424 343 566 421; x_wconf 81' lang='lat' dir='ltr'>vestitum</span> <span class='ocrx_word' id='word_1_8' title='bbox 584 344 741 403; x_wconf 86' lang='lat' dir='ltr'>conlectae</span> <span class='ocrx_word' id='word_1_9' title='bbox 756 345 901 405; x_wconf 85' lang='lat' dir='ltr'>victoriae</span> <span class='ocrx_word' id='word_1_10' title='bbox 923 352 1090 406; x_wconf 86' lang='lat' dir='ltr'>reservate.</span> 
     </span>
     <span class='ocr_line' id='line_1_3' title="bbox 56 424 1091 501; baseline 0.003 -18"><span class='ocrx_word' id='word_1_11' title='bbox 56 424 215 487; x_wconf 81' lang='lat' dir='ltr'><strong>Confectio</strong></span> <span class='ocrx_word' id='word_1_12' title='bbox 231 433 331 498; x_wconf 87' lang='lat' dir='ltr'>autem</span> <span class='ocrx_word' id='word_1_13' title='bbox 348 425 438 485; x_wconf 89' lang='lat' dir='ltr'>buius</span> <span class='ocrx_word' id='word_1_14' title='bbox 452 425 525 486; x_wconf 90' lang='lat' dir='ltr'>belli</span> <span class='ocrx_word' id='word_1_15' title='bbox 539 433 588 485; x_wconf 93' lang='lat' dir='ltr'>est</span> <span class='ocrx_word' id='word_1_16' title='bbox 601 426 637 486; x_wconf 87' lang='lat' dir='ltr'>B.</span> <span class='ocrx_word' id='word_1_17' title='bbox 652 426 736 485; x_wconf 81' lang='lat' dir='ltr'>Bruti</span> <span class='ocrx_word' id='word_1_18' title='bbox 750 429 843 488; x_wconf 90' lang='lat' dir='ltr'>salus.</span> <span class='ocrx_word' id='word_1_19' title='bbox 887 427 917 488; x_wconf 77' lang='lat'>2.</span> <span class='ocrx_word' id='word_1_20' title='bbox 940 428 1023 501; x_wconf 82' lang='lat' dir='ltr'>Quae</span> <span class='ocrx_word' id='word_1_21' title='bbox 1038 443 1091 487; x_wconf 87' lang='lat' dir='ltr'>au·</span> 
     </span>
     <span class='ocr_line' id='line_1_4' title="bbox 54 502 1101 582; baseline 0 -13"><span class='ocrx_word' id='word_1_22' title='bbox 54 519 117 569; x_wconf 88' lang='lat' dir='ltr'>tem</span> <span class='ocrx_word' id='word_1_23' title='bbox 136 509 183 569; x_wconf 76' lang='lat' dir='ltr'>cs‘t</span> <span class='ocrx_word' id='word_1_24' title='bbox 201 508 260 568; x_wconf 89' lang='lat' dir='ltr'>ista</span> <span class='ocrx_word' id='word_1_25' title='bbox 275 508 440 582; x_wconf 87' lang='lat' dir='ltr'>sententia,</span> <span class='ocrx_word' id='word_1_26' title='bbox 456 517 489 569; x_wconf 92' lang='lat' dir='ltr'>ut</span> <span class='ocrx_word' id='word_1_27' title='bbox 509 507 540 567; x_wconf 91' lang='lat' dir='ltr'>in</span> <span class='ocrx_word' id='word_1_28' title='bbox 559 507 739 569; x_wconf 89' lang='lat' dir='ltr'>hodiernum</span> <span class='ocrx_word' id='word_1_29' title='bbox 754 509 832 569; x_wconf 91' lang='lat' dir='ltr'>diem</span> <span class='ocrx_word' id='word_1_30' title='bbox 850 509 979 572; x_wconf 87' lang='lat' dir='ltr'>vestitus</span> <span class='ocrx_word' id='word_1_31' title='bbox 995 502 1101 571; x_wconf 62' lang='lat' dir='ltr'>mute?</span> 
     </span>
     <span class='ocr_line' id='line_1_5' title="bbox 54 591 1150 667; baseline 0.001 -15"><span class='ocrx_word' id='word_1_32' title='bbox 54 600 120 662; x_wconf 89' lang='lat' dir='ltr'>tur,</span> <span class='ocrx_word' id='word_1_33' title='bbox 137 591 247 651; x_wconf 88' lang='lat' dir='ltr'>deiude</span> <span class='ocrx_word' id='word_1_34' title='bbox 263 608 330 652; x_wconf 86' lang='lat' dir='ltr'>cras</span> <span class='ocrx_word' id='word_1_35' title='bbox 346 593 444 666; x_wconf 81' lang='lat' dir='ltr'>sagati</span> <span class='ocrx_word' id='word_1_36' title='bbox 464 591 673 667; x_wconf 69' lang='lat' dir='ltr'>prodeamus?</span> <span class='ocrx_word' id='word_1_37' title='bbox 713 592 778 651; x_wconf 89' lang='lat' dir='ltr'>Nos</span> <span class='ocrx_word' id='word_1_38' title='bbox 790 608 864 652; x_wconf 83' lang='lat' dir='ltr'>vero</span> <span class='ocrx_word' id='word_1_39' title='bbox 881 611 973 666; x_wconf 87' lang='lat' dir='ltr'>quum</span> <span class='ocrx_word' id='word_1_40' title='bbox 996 594 1091 655; x_wconf 90' lang='lat' dir='ltr'>semel</span> <span class='ocrx_word' id='word_1_41' title='bbox 1146 653 1150 660; x_wconf 83' lang='grc'><em>,</em></span> 
     </span>
     <span class='ocr_line' id='line_1_6' title="bbox 26 674 1090 750; baseline -0.001 -13"><span class='ocrx_word' id='word_1_42' title='bbox 26 728 30 737; x_wconf 91' lang='grc'><em>,</em></span> <span class='ocrx_word' id='word_1_43' title='bbox 53 674 96 734; x_wconf 88' lang='lat' dir='ltr'>ad</span> <span class='ocrx_word' id='word_1_44' title='bbox 111 690 190 748; x_wconf 89' lang='lat' dir='ltr'>cum,</span> <span class='ocrx_word' id='word_1_45' title='bbox 206 692 297 748; x_wconf 83' lang='lat' dir='ltr'>quem</span> <span class='ocrx_word' id='word_1_46' title='bbox 312 676 452 750; x_wconf 90' lang='lat' dir='ltr'>cupimus</span> <span class='ocrx_word' id='word_1_47' title='bbox 469 683 680 750; x_wconf 78' lang='lat' dir='ltr'><strong>optamusque,</strong></span> <span class='ocrx_word' id='word_1_48' title='bbox 696 674 837 734; x_wconf 89' lang='lat' dir='ltr'>vestitum</span> <span class='ocrx_word' id='word_1_49' title='bbox 852 675 1041 749; x_wconf 89' lang='lat' dir='ltr'>redierimus,</span> <span class='ocrx_word' id='word_1_50' title='bbox 1059 677 1090 736; x_wconf 95' lang='lat' dir='ltr'>id</span> 
     </span>
     <span class='ocr_line' id='line_1_7' title="bbox 54 758 1089 834; baseline 0.001 -16"><span class='ocrx_word' id='word_1_51' title='bbox 54 773 194 831; x_wconf 79' lang='lat' dir='ltr'>agamus,</span> <span class='ocrx_word' id='word_1_52' title='bbox 211 766 244 820; x_wconf 89' lang='lat' dir='ltr'>ut</span> <span class='ocrx_word' id='word_1_53' title='bbox 258 775 327 819; x_wconf 89' lang='lat' dir='ltr'>eum</span> <span class='ocrx_word' id='word_1_54' title='bbox 343 758 372 816; x_wconf 92' lang='lat' dir='ltr'>in</span> <span class='ocrx_word' id='word_1_55' title='bbox 389 768 570 833; x_wconf 87' lang='lat' dir='ltr'>perpetuum</span> <span class='ocrx_word' id='word_1_56' title='bbox 583 759 777 818; x_wconf 80' lang='lat' dir='ltr'>retineamus.</span> <span class='ocrx_word' id='word_1_57' title='bbox 804 759 878 817; x_wconf 91' lang='lat' dir='ltr'>Nam</span> <span class='ocrx_word' id='word_1_58' title='bbox 895 758 954 819; x_wconf 89' lang='lat' dir='ltr'>boc</span> <span class='ocrx_word' id='word_1_59' title='bbox 968 760 1089 834; x_wconf 88' lang='lat' dir='ltr'>quidem</span> 
     </span>
     <span class='ocr_line' id='line_1_8' title="bbox 54 839 1089 919; baseline 0.003 -19"><span class='ocrx_word' id='word_1_60' title='bbox 54 857 151 915; x_wconf 91' lang='lat' dir='ltr'>quum</span> <span class='ocrx_word' id='word_1_61' title='bbox 171 849 259 919; x_wconf 83' lang='lat' dir='ltr'>turpe</span> <span class='ocrx_word' id='word_1_62' title='bbox 269 851 322 918; x_wconf 88' lang='lat' dir='ltr'>est</span> <span class='ocrx_word' id='word_1_63' title='bbox 337 851 397 902; x_wconf 92' lang='lat' dir='ltr'>tum</span> <span class='ocrx_word' id='word_1_64' title='bbox 413 857 453 902; x_wconf 84' lang='lat' dir='ltr'>nc</span> <span class='ocrx_word' id='word_1_65' title='bbox 466 842 515 901; x_wconf 91' lang='lat' dir='ltr'>dis</span> <span class='ocrx_word' id='word_1_66' title='bbox 531 839 654 916; x_wconf 88' lang='lat' dir='ltr'>quidem</span> <span class='ocrx_word' id='word_1_67' title='bbox 668 840 888 901; x_wconf 73' lang='lat' dir='ltr'>immortalibus</span> <span class='ocrx_word' id='word_1_68' title='bbox 903 851 1034 915; x_wconf 82' lang='lat' dir='ltr'>gratum,</span> <span class='ocrx_word' id='word_1_69' title='bbox 1050 843 1089 903; x_wconf 87' lang='lat' dir='ltr'>ab</span> 
     </span>
     <span class='ocr_line' id='line_1_9' title="bbox 51 923 1090 1000; baseline 0.003 -17"><span class='ocrx_word' id='word_1_70' title='bbox 51 940 162 983; x_wconf 83' lang='lat' dir='ltr'>eorum</span> <span class='ocrx_word' id='word_1_71' title='bbox 183 925 261 1000; x_wconf 90' lang='lat' dir='ltr'>aris,</span> <span class='ocrx_word' id='word_1_72' title='bbox 290 926 330 984; x_wconf 88' lang='lat' dir='ltr'>ad</span> <span class='ocrx_word' id='word_1_73' title='bbox 352 941 431 999; x_wconf 91' lang='lat' dir='ltr'>quas</span> <span class='ocrx_word' id='word_1_74' title='bbox 457 923 551 999; x_wconf 83' lang='lat' dir='ltr'>togati</span> <span class='ocrx_word' id='word_1_75' title='bbox 576 925 757 998; x_wconf 89' lang='lat' dir='ltr'>adierimus,</span> <span class='ocrx_word' id='word_1_76' title='bbox 784 925 823 984; x_wconf 88' lang='lat' dir='ltr'>ad</span> <span class='ocrx_word' id='word_1_77' title='bbox 846 940 920 998; x_wconf 81' lang='lat' dir='ltr'>saga</span> <span class='ocrx_word' id='word_1_78' title='bbox 942 926 1090 986; x_wconf 87' lang='lat' dir='ltr'>sumenda</span> 
     </span>
     <span class='ocr_line' id='line_1_10' title="bbox 53 1005 1089 1082; baseline 0 -16"><span class='ocrx_word' id='word_1_79' title='bbox 53 1005 227 1072; x_wconf 86' lang='lat' dir='ltr'>discedere.</span> <span class='ocrx_word' id='word_1_80' title='bbox 272 1005 302 1067; x_wconf 81' lang='lat'>3.</span> <span class='ocrx_word' id='word_1_81' title='bbox 317 1009 420 1082; x_wconf 86' lang='lat' dir='ltr'><strong>Atque</strong></span> <span class='ocrx_word' id='word_1_82' title='bbox 438 1008 663 1079; x_wconf 88' lang='lat' dir='ltr'>animadverto,</span> <span class='ocrx_word' id='word_1_83' title='bbox 680 1015 781 1082; x_wconf 85' lang='lat' dir='ltr'>patres</span> <span class='ocrx_word' id='word_1_84' title='bbox 798 1006 978 1080; x_wconf 80' lang='lat' dir='ltr'>conscripti,</span> <span class='ocrx_word' id='word_1_85' title='bbox 997 1023 1089 1081; x_wconf 88' lang='lat' dir='ltr'>quos-</span> 
     </span>
     <span class='ocr_line' id='line_1_11' title="bbox 53 1087 1087 1165; baseline -0.001 -16"><span class='ocrx_word' id='word_1_86' title='bbox 53 1090 125 1150; x_wconf 88' lang='lat' dir='ltr'>dam</span> <span class='ocrx_word' id='word_1_87' title='bbox 145 1089 216 1150; x_wconf 89' lang='lat' dir='ltr'>huic</span> <span class='ocrx_word' id='word_1_88' title='bbox 232 1091 340 1149; x_wconf 85' lang='lat' dir='ltr'>lavere</span> <span class='ocrx_word' id='word_1_89' title='bbox 356 1091 539 1164; x_wconf 88' lang='lat' dir='ltr'>sententiae,</span> <span class='ocrx_word' id='word_1_90' title='bbox 562 1106 690 1165; x_wconf 89' lang='lat' dir='ltr'>quorum</span> <span class='ocrx_word' id='word_1_91' title='bbox 711 1105 748 1150; x_wconf 88' lang='lat' dir='ltr'>ca</span> <span class='ocrx_word' id='word_1_92' title='bbox 766 1106 852 1150; x_wconf 87' lang='lat' dir='ltr'>mens</span> <span class='ocrx_word' id='word_1_93' title='bbox 873 1087 967 1163; x_wconf 87' lang='lat' dir='ltr'>idque</span> <span class='ocrx_word' id='word_1_94' title='bbox 988 1088 1087 1149; x_wconf 79' lang='lat' dir='ltr'>cousi</span> 
     </span>
     <span class='ocr_line' id='line_1_12' title="bbox 51 1171 1161 1248; baseline 0 -16"><span class='ocrx_word' id='word_1_95' title='bbox 51 1173 127 1232; x_wconf 90' lang='lat' dir='ltr'>lium</span> <span class='ocrx_word' id='word_1_96' title='bbox 151 1179 213 1243; x_wconf 86' lang='lat' dir='ltr'>cst,</span> <span class='ocrx_word' id='word_1_97' title='bbox 243 1181 275 1232; x_wconf 94' lang='lat' dir='ltr'>ut</span> <span class='ocrx_word' id='word_1_98' title='bbox 298 1190 391 1248; x_wconf 91' lang='lat' dir='ltr'>quum</span> <span class='ocrx_word' id='word_1_99' title='bbox 411 1173 536 1234; x_wconf 84' lang='lat' dir='ltr'>videant</span> <span class='ocrx_word' id='word_1_100' title='bbox 556 1172 811 1248; x_wconf 84' lang='lat' dir='ltr'>gloriosissimum</span> <span class='ocrx_word' id='word_1_101' title='bbox 832 1171 915 1232; x_wconf 93' lang='lat' dir='ltr'>illum</span> <span class='ocrx_word' id='word_1_102' title='bbox 943 1173 978 1232; x_wconf 90' lang='lat' dir='ltr'>Il.</span> <span class='ocrx_word' id='word_1_103' title='bbox 994 1173 1087 1232; x_wconf 81' lang='lat' dir='ltr'>Bruto</span> <span class='ocrx_word' id='word_1_104' title='bbox 1159 1180 1161 1196; x_wconf 90' lang='lat'>&#39;</span> 
     </span>
     <span class='ocr_line' id='line_1_13' title="bbox 52 1255 1089 1332; baseline -0.001 -18"><span class='ocrx_word' id='word_1_105' title='bbox 52 1257 187 1314; x_wconf 76' lang='lat' dir='ltr'>futurum</span> <span class='ocrx_word' id='word_1_106' title='bbox 210 1256 304 1329; x_wconf 90' lang='lat' dir='ltr'>diem,</span> <span class='ocrx_word' id='word_1_107' title='bbox 327 1273 388 1330; x_wconf 91' lang='lat' dir='ltr'>quo</span> <span class='ocrx_word' id='word_1_108' title='bbox 406 1257 456 1318; x_wconf 92' lang='lat' dir='ltr'>die</span> <span class='ocrx_word' id='word_1_109' title='bbox 470 1264 595 1332; x_wconf 86' lang='lat' dir='ltr'>propter</span> <span class='ocrx_word' id='word_1_110' title='bbox 612 1256 679 1316; x_wconf 89' lang='lat' dir='ltr'>eius</span> <span class='ocrx_word' id='word_1_111' title='bbox 699 1257 827 1316; x_wconf 90' lang='lat' dir='ltr'>salutem</span> <span class='ocrx_word' id='word_1_112' title='bbox 845 1255 1024 1315; x_wconf 84' lang='lat' dir='ltr'>redierimus</span> <span class='ocrx_word' id='word_1_113' title='bbox 1049 1255 1089 1313; x_wconf 91' lang='lat' dir='ltr'>ad</span> 
     </span>
     <span class='ocr_line' id='line_1_14' title="bbox 52 1337 1087 1414; baseline 0 -18"><span class='ocrx_word' id='word_1_114' title='bbox 52 1337 212 1411; x_wconf 88' lang='lat' dir='ltr'>vestitum,</span> <span class='ocrx_word' id='word_1_115' title='bbox 227 1339 308 1399; x_wconf 90' lang='lat' dir='ltr'>hunc</span> <span class='ocrx_word' id='word_1_116' title='bbox 323 1346 437 1399; x_wconf 86' lang='lat' dir='ltr'>tantum</span> <span class='ocrx_word' id='word_1_117' title='bbox 452 1340 480 1400; x_wconf 93' lang='lat' dir='ltr'>ei</span> <span class='ocrx_word' id='word_1_118' title='bbox 495 1341 623 1400; x_wconf 81' lang='lat' dir='ltr'>fructum</span> <span class='ocrx_word' id='word_1_119' title='bbox 638 1337 756 1413; x_wconf 87' lang='lat' dir='ltr'>eripere</span> <span class='ocrx_word' id='word_1_120' title='bbox 770 1338 962 1414; x_wconf 85' lang='lat' dir='ltr'>cupiant,&#39;uc</span> <span class='ocrx_word' id='word_1_121' title='bbox 975 1353 1087 1398; x_wconf 92' lang='lat' dir='ltr'>memo-</span> 
     </span>
     <span class='ocr_line' id='line_1_15' title="bbox 52 1419 1111 1498; baseline 0.001 -19"><span class='ocrx_word' id='word_1_122' title='bbox 52 1421 119 1480; x_wconf 86' lang='lat' dir='ltr'>riae</span> <span class='ocrx_word' id='word_1_123' title='bbox 140 1419 372 1497; x_wconf 82' lang='lat' dir='ltr'>posteritatique</span> <span class='ocrx_word' id='word_1_124' title='bbox 396 1424 543 1498; x_wconf 88' lang='lat' dir='ltr'>prodatur</span> <span class='ocrx_word' id='word_1_125' title='bbox 563 1431 690 1498; x_wconf 90' lang='lat' dir='ltr'>propter</span> <span class='ocrx_word' id='word_1_126' title='bbox 710 1422 800 1484; x_wconf 92' lang='lat' dir='ltr'>unius</span> <span class='ocrx_word' id='word_1_127' title='bbox 820 1423 896 1484; x_wconf 91' lang='lat' dir='ltr'>civis</span> <span class='ocrx_word' id='word_1_128' title='bbox 917 1422 1111 1498; x_wconf 87' lang='lat' dir='ltr'>periculum.</span> 
     </span>
     <span class='ocr_line' id='line_1_16' title="bbox 51 1504 1087 1582; baseline 0 -18"><span class='ocrx_word' id='word_1_129' title='bbox 51 1504 202 1580; x_wconf 90' lang='lat' dir='ltr'>populum</span> <span class='ocrx_word' id='word_1_130' title='bbox 222 1507 391 1566; x_wconf 90' lang='lat' dir='ltr'>Romanum</span> <span class='ocrx_word' id='word_1_131' title='bbox 416 1507 455 1566; x_wconf 85' lang='lat' dir='ltr'>ad</span> <span class='ocrx_word' id='word_1_132' title='bbox 472 1523 546 1582; x_wconf 83' lang='lat' dir='ltr'>saga</span> <span class='ocrx_word' id='word_1_133' title='bbox 560 1507 639 1580; x_wconf 91' lang='lat' dir='ltr'>isse,</span> <span class='ocrx_word' id='word_1_134' title='bbox 659 1515 785 1582; x_wconf 82' lang='lat' dir='ltr'>proptor</span> <span class='ocrx_word' id='word_1_135' title='bbox 799 1506 936 1567; x_wconf 91' lang='lat' dir='ltr'>eiusdem</span> <span class='ocrx_word' id='word_1_136' title='bbox 957 1507 1087 1566; x_wconf 84' lang='lat' dir='ltr'>salutem</span> 
     </span>
     <span class='ocr_line' id='line_1_17' title="bbox 51 1586 1087 1663; baseline 0.002 -17"><span class='ocrx_word' id='word_1_137' title='bbox 51 1586 174 1647; x_wconf 89' lang='lat' dir='ltr'>redisse</span> <span class='ocrx_word' id='word_1_138' title='bbox 195 1588 236 1648; x_wconf 91' lang='lat' dir='ltr'>ad</span> <span class='ocrx_word' id='word_1_139' title='bbox 255 1595 353 1663; x_wconf 79' lang='lat' dir='ltr'>togas.</span> <span class='ocrx_word' id='word_1_140' title='bbox 389 1589 495 1651; x_wconf 83' lang='lat' dir='ltr'>Tollite</span> <span class='ocrx_word' id='word_1_141' title='bbox 515 1590 608 1649; x_wconf 85' lang='lat' dir='ltr'>hanc:</span> <span class='ocrx_word' id='word_1_142' title='bbox 630 1592 742 1649; x_wconf 91' lang='lat' dir='ltr'>nullam</span> <span class='ocrx_word' id='word_1_143' title='bbox 756 1599 816 1649; x_wconf 84' lang='lat' dir='ltr'>tam</span> <span class='ocrx_word' id='word_1_144' title='bbox 836 1604 950 1663; x_wconf 88' lang='lat' dir='ltr'>pravae</span> <span class='ocrx_word' id='word_1_145' title='bbox 968 1597 1087 1648; x_wconf 86' lang='lat' dir='ltr'>senten-</span> 
     </span>
     <span class='ocr_line' id='line_1_18' title="bbox 52 1669 1085 1746; baseline -0.003 -15"><span class='ocrx_word' id='word_1_146' title='bbox 52 1669 114 1732; x_wconf 83' lang='lat' dir='ltr'>tiae</span> <span class='ocrx_word' id='word_1_147' title='bbox 137 1686 261 1731; x_wconf 86' lang='lat' dir='ltr'>causam</span> <span class='ocrx_word' id='word_1_148' title='bbox 281 1670 451 1746; x_wconf 87' lang='lat' dir='ltr'>reperietis.</span> <span class='ocrx_word' id='word_1_149' title='bbox 486 1675 552 1731; x_wconf 91' lang='lat' dir='ltr'>Vos</span> <span class='ocrx_word' id='word_1_150' title='bbox 573 1687 665 1743; x_wconf 89' lang='lat' dir='ltr'>vero,</span> <span class='ocrx_word' id='word_1_151' title='bbox 685 1682 790 1746; x_wconf 86' lang='lat' dir='ltr'>patres</span> <span class='ocrx_word' id='word_1_152' title='bbox 812 1671 991 1744; x_wconf 81' lang='lat' dir='ltr'>conscripti,</span> <span class='ocrx_word' id='word_1_153' title='bbox 1015 1686 1085 1728; x_wconf 90' lang='lat' dir='ltr'>con·</span> 
     </span>
     <span class='ocr_line' id='line_1_19' title="bbox 53 1752 1085 1828; baseline -0.003 -14"><span class='ocrx_word' id='word_1_154' title='bbox 53 1762 177 1814; x_wconf 86' lang='lat' dir='ltr'>servate</span> <span class='ocrx_word' id='word_1_155' title='bbox 198 1755 408 1814; x_wconf 87' lang='lat' dir='ltr'>auctoritatem</span> <span class='ocrx_word' id='word_1_156' title='bbox 426 1762 575 1828; x_wconf 83' lang='lat' dir='ltr'>vestrum,</span> <span class='ocrx_word' id='word_1_157' title='bbox 599 1761 718 1813; x_wconf 85' lang='lat' dir='ltr'>manete</span> <span class='ocrx_word' id='word_1_158' title='bbox 737 1752 772 1812; x_wconf 90' lang='lat' dir='ltr'>in</span> <span class='ocrx_word' id='word_1_159' title='bbox 797 1755 960 1824; x_wconf 88' lang='lat' dir='ltr'>sententia,</span> <span class='ocrx_word' id='word_1_160' title='bbox 986 1760 1085 1811; x_wconf 86' lang='lat' dir='ltr'>teneto</span> 
     </span>
     <span class='ocr_line' id='line_1_20' title="bbox 53 1833 1087 1912; baseline -0.003 -16"><span class='ocrx_word' id='word_1_161' title='bbox 53 1845 157 1897; x_wconf 88' lang='lat' dir='ltr'>vestra</span> <span class='ocrx_word' id='word_1_162' title='bbox 180 1837 339 1908; x_wconf 92' lang='lat' dir='ltr'>memoria,</span> <span class='ocrx_word' id='word_1_163' title='bbox 363 1837 447 1912; x_wconf 90' lang='lat' dir='ltr'>quod</span> <span class='ocrx_word' id='word_1_164' title='bbox 470 1852 565 1911; x_wconf 82' lang='lat' dir='ltr'>saepe</span> <span class='ocrx_word' id='word_1_165' title='bbox 585 1836 778 1911; x_wconf 82' lang='lat' dir='ltr'>ostendistis,</span> <span class='ocrx_word' id='word_1_166' title='bbox 800 1835 889 1895; x_wconf 92' lang='lat' dir='ltr'>huius</span> <span class='ocrx_word' id='word_1_167' title='bbox 906 1834 998 1896; x_wconf 91' lang='lat' dir='ltr'>totius</span> <span class='ocrx_word' id='word_1_168' title='bbox 1016 1833 1087 1894; x_wconf 89' lang='lat' dir='ltr'>bclli</span> 
     </span>
     <span class='ocr_line' id='line_1_21' title="bbox 10 1915 1086 1994; baseline -0.006 -12"><span class='ocrx_word' id='word_1_169' title='bbox 10 1985 12 1988; x_wconf 73' lang='grc'><strong>,</strong></span> <span class='ocrx_word' id='word_1_170' title='bbox 52 1920 84 1982; x_wconf 91' lang='lat' dir='ltr'>in</span> <span class='ocrx_word' id='word_1_171' title='bbox 97 1922 186 1981; x_wconf 92' lang='lat' dir='ltr'>unius</span> <span class='ocrx_word' id='word_1_172' title='bbox 201 1920 257 1980; x_wconf 88' lang='lat' dir='ltr'>viri</span> <span class='ocrx_word' id='word_1_173' title='bbox 271 1919 426 1981; x_wconf 79' lang='lat' dir='ltr'>fortissimi</span> <span class='ocrx_word' id='word_1_174' title='bbox 439 1927 470 1980; x_wconf 91' lang='lat' dir='ltr'>et</span> <span class='ocrx_word' id='word_1_175' title='bbox 481 1918 602 1979; x_wconf 86' lang='lat' dir='ltr'>maximi</span> <span class='ocrx_word' id='word_1_176' title='bbox 613 1918 675 1980; x_wconf 91' lang='lat' dir='ltr'>vita</span> <span class='ocrx_word' id='word_1_177' title='bbox 686 1920 818 1994; x_wconf 92' lang='lat' dir='ltr'>positum</span> <span class='ocrx_word' id='word_1_178' title='bbox 831 1934 906 1980; x_wconf 89' lang='lat' dir='ltr'>cssc</span> <span class='ocrx_word' id='word_1_179' title='bbox 914 1915 1086 1978; x_wconf 83' lang='lat' dir='ltr'>discrimen.</span> 
     </span>
     <span class='ocr_line' id='line_1_22' title="bbox 51 1999 1085 2077; baseline -0.004 -13"><span class='ocrx_word' id='word_1_180' title='bbox 51 2005 90 2064; x_wconf 92' lang='grc' dir='ltr'>ΙΙ.</span> <span class='ocrx_word' id='word_1_181' title='bbox 108 2002 138 2065; x_wconf 80' lang='lat' dir='ltr'>l.</span> <span class='ocrx_word' id='word_1_182' title='bbox 159 2005 208 2063; x_wconf 85' lang='lat' dir='ltr'>Ad</span> <span class='ocrx_word' id='word_1_183' title='bbox 223 2005 258 2064; x_wconf 90' lang='lat' dir='ltr'>Il.</span> <span class='ocrx_word' id='word_1_184' title='bbox 273 2004 398 2064; x_wconf 88' lang='lat' dir='ltr'>Brutum</span> <span class='ocrx_word' id='word_1_185' title='bbox 417 2002 606 2062; x_wconf 84' lang='lat' dir='ltr'>liberandum</span> <span class='ocrx_word' id='word_1_186' title='bbox 622 2002 712 2077; x_wconf 85' lang='lat' dir='ltr'>legati</span> <span class='ocrx_word' id='word_1_187' title='bbox 731 2000 818 2062; x_wconf 89' lang='lat' dir='ltr'>missi</span> <span class='ocrx_word' id='word_1_188' title='bbox 839 2003 994 2077; x_wconf 90' lang='lat' dir='ltr'>principes</span> <span class='ocrx_word' id='word_1_189' title='bbox 1012 1999 1085 2060; x_wconf 91' lang='lat' dir='ltr'>civi-</span> 
     </span>
     <span class='ocr_line' id='line_1_23' title="bbox 53 2084 1087 2161; baseline -0.004 -13"><span class='ocrx_word' id='word_1_190' title='bbox 53 2086 141 2160; x_wconf 86' lang='lat' dir='ltr'>tatis,</span> <span class='ocrx_word' id='word_1_191' title='bbox 164 2087 216 2161; x_wconf 91' lang='lat' dir='ltr'>qui</span> <span class='ocrx_word' id='word_1_192' title='bbox 237 2087 277 2146; x_wconf 96' lang='lat' dir='ltr'>illi</span> <span class='ocrx_word' id='word_1_193' title='bbox 301 2086 380 2147; x_wconf 92' lang='lat' dir='ltr'>hosti</span> <span class='ocrx_word' id='word_1_194' title='bbox 394 2101 430 2146; x_wconf 90' lang='lat' dir='ltr'>ac</span> <span class='ocrx_word' id='word_1_195' title='bbox 452 2086 623 2161; x_wconf 81' lang='lat' dir='ltr'>parricidae</span> <span class='ocrx_word' id='word_1_196' title='bbox 638 2086 870 2158; x_wconf 83' lang='lat' dir='ltr'>denunciarent,</span> <span class='ocrx_word' id='word_1_197' title='bbox 892 2093 924 2146; x_wconf 89' lang='lat' dir='ltr'>ut</span> <span class='ocrx_word' id='word_1_198' title='bbox 939 2102 958 2144; x_wconf 90' lang='lat' dir='ltr'>a</span> <span class='ocrx_word' id='word_1_199' title='bbox 971 2084 1087 2145; x_wconf 83' lang='lat' dir='ltr'>Mutina</span> 
     </span>
     <span class='ocr_line' id='line_1_24' title="bbox 53 2167 1084 2243; baseline -0.004 -14"><span class='ocrx_word' id='word_1_200' title='bbox 53 2171 243 2230; x_wconf 78' lang='lat' dir='ltr'>discederet:</span> <span class='ocrx_word' id='word_1_201' title='bbox 260 2171 405 2230; x_wconf 79' lang='lat' dir='ltr'>ciusdem</span> <span class='ocrx_word' id='word_1_202' title='bbox 420 2169 456 2228; x_wconf 89' lang='lat' dir='ltr'>D.</span> <span class='ocrx_word' id='word_1_203' title='bbox 470 2169 553 2229; x_wconf 92' lang='lat' dir='ltr'>Bruti</span> <span class='ocrx_word' id='word_1_204' title='bbox 571 2167 773 2228; x_wconf 89' lang='lat' dir='ltr'>conservandi</span> <span class='ocrx_word' id='word_1_205' title='bbox 785 2167 881 2243; x_wconf 80' lang='lat' dir='ltr'>grbtia</span> <span class='ocrx_word' id='word_1_206' title='bbox 896 2168 1005 2228; x_wconf 92' lang='lat' dir='ltr'>consul</span> <span class='ocrx_word' id='word_1_207' title='bbox 1019 2183 1084 2227; x_wconf 93' lang='lat' dir='ltr'>sor-</span> 
     </span>
     <span class='ocr_line' id='line_1_25' title="bbox 52 2250 1084 2328; baseline -0.006 -15"><span class='ocrx_word' id='word_1_208' title='bbox 52 2254 110 2314; x_wconf 92' lang='lat' dir='ltr'>titu</span> <span class='ocrx_word' id='word_1_209' title='bbox 121 2255 160 2312; x_wconf 90' lang='lat' dir='ltr'>ad</span> <span class='ocrx_word' id='word_1_210' title='bbox 176 2255 286 2314; x_wconf 90' lang='lat' dir='ltr'>bellum</span> <span class='ocrx_word' id='word_1_211' title='bbox 306 2254 461 2328; x_wconf 86' lang='lat' dir='ltr'>proiectus</span> <span class='ocrx_word' id='word_1_212' title='bbox 477 2254 516 2311; x_wconf 85' lang='lat' dir='ltr'>A.</span> <span class='ocrx_word' id='word_1_213' title='bbox 533 2253 660 2325; x_wconf 59' lang='lat' dir='ltr'>Hirtius</span> <span class='ocrx_word' id='word_1_214' title='bbox 674 2252 769 2312; x_wconf 85' lang='lat' dir='ltr'>cuius</span> <span class='ocrx_word' id='word_1_215' title='bbox 784 2250 1017 2311; x_wconf 75' lang='lat' dir='ltr'>imbecillitatem</span> <span class='ocrx_word' id='word_1_216' title='bbox 1032 2266 1084 2308; x_wconf 84' lang='lat' dir='ltr'>va·</span> 
     </span>
     <span class='ocr_line' id='line_1_26' title="bbox 52 2332 1122 2410; baseline -0.003 -14"><span class='ocrx_word' id='word_1_217' title='bbox 52 2334 196 2397; x_wconf 88' lang='lat' dir='ltr'>lctudinis</span> <span class='ocrx_word' id='word_1_218' title='bbox 211 2335 304 2396; x_wconf 88' lang='lat' dir='ltr'>animi</span> <span class='ocrx_word' id='word_1_219' title='bbox 317 2336 413 2398; x_wconf 93' lang='lat' dir='ltr'>virtus</span> <span class='ocrx_word' id='word_1_220' title='bbox 433 2345 463 2396; x_wconf 89' lang='lat' dir='ltr'>et</span> <span class='ocrx_word' id='word_1_221' title='bbox 479 2352 552 2410; x_wconf 88' lang='lat' dir='ltr'>spes</span> <span class='ocrx_word' id='word_1_222' title='bbox 573 2335 720 2395; x_wconf 91' lang='lat' dir='ltr'>victoriae</span> <span class='ocrx_word' id='word_1_223' title='bbox 737 2332 941 2394; x_wconf 82' lang='lat' dir='ltr'>confirmavit:</span> <span class='ocrx_word' id='word_1_224' title='bbox 964 2333 1084 2407; x_wconf 84' lang='lat' dir='ltr'>caesar,</span> <span class='ocrx_word' id='word_1_225' title='bbox 1114 2376 1122 2393; x_wconf 76' lang='grc'><em>,</em></span> 
     </span>
     <span class='ocr_line' id='line_1_27' title="bbox 54 2413 1084 2495; baseline -0.006 -15"><span class='ocrx_word' id='word_1_226' title='bbox 54 2437 149 2495; x_wconf 90' lang='lat' dir='ltr'>quum</span> <span class='ocrx_word' id='word_1_227' title='bbox 164 2418 301 2480; x_wconf 87' lang='lat' dir='ltr'>exercitu</span> <span class='ocrx_word' id='word_1_228' title='bbox 315 2437 371 2494; x_wconf 90' lang='lat' dir='ltr'>per</span> <span class='ocrx_word' id='word_1_229' title='bbox 385 2436 420 2479; x_wconf 91' lang='lat' dir='ltr'>se</span> <span class='ocrx_word' id='word_1_230' title='bbox 437 2426 613 2494; x_wconf 87' lang='lat' dir='ltr'>comparato</span> <span class='ocrx_word' id='word_1_231' title='bbox 629 2416 737 2493; x_wconf 91' lang='lat' dir='ltr'>primis</span> <span class='ocrx_word' id='word_1_232' title='bbox 754 2417 892 2492; x_wconf 87' lang='lat' dir='ltr'>pestibus</span> <span class='ocrx_word' id='word_1_233' title='bbox 907 2432 970 2476; x_wconf 88' lang='lat' dir='ltr'>rem</span> <span class='ocrx_word' id='word_1_234' title='bbox 986 2413 1084 2491; x_wconf 90' lang='lat' dir='ltr'>publi-</span> 
     </span>
     <span class='ocr_line' id='line_1_28' title="bbox 51 2500 1084 2578; baseline -0.005 -14"><span class='ocrx_word' id='word_1_235' title='bbox 51 2519 120 2564; x_wconf 89' lang='lat' dir='ltr'>cam</span> <span class='ocrx_word' id='word_1_236' title='bbox 142 2503 319 2575; x_wconf 82' lang='lat' dir='ltr'>liberasset,</span> <span class='ocrx_word' id='word_1_237' title='bbox 342 2519 381 2562; x_wconf 91' lang='lat' dir='ltr'>nc</span> <span class='ocrx_word' id='word_1_238' title='bbox 398 2503 470 2578; x_wconf 88' lang='lat' dir='ltr'>qnid</span> <span class='ocrx_word' id='word_1_239' title='bbox 485 2510 594 2578; x_wconf 91' lang='lat' dir='ltr'>postca</span> <span class='ocrx_word' id='word_1_240' title='bbox 616 2501 741 2563; x_wconf 86' lang='lat' dir='ltr'>sceleris</span> <span class='ocrx_word' id='word_1_241' title='bbox 761 2500 903 2572; x_wconf 86' lang='lat' dir='ltr'>oriretur,</span> <span class='ocrx_word' id='word_1_242' title='bbox 927 2500 1084 2575; x_wconf 85' lang='lat' dir='ltr'>protectus</span> 
     </span>
     <span class='ocr_line' id='line_1_29' title="bbox 52 2581 1084 2659; baseline -0.007 -12"><span class='ocrx_word' id='word_1_243' title='bbox 52 2595 101 2647; x_wconf 92' lang='lat' dir='ltr'>est</span> <span class='ocrx_word' id='word_1_244' title='bbox 127 2587 167 2646; x_wconf 91' lang='lat' dir='ltr'>ad</span> <span class='ocrx_word' id='word_1_245' title='bbox 188 2587 329 2647; x_wconf 87' lang='lat' dir='ltr'>cumdem</span> <span class='ocrx_word' id='word_1_246' title='bbox 349 2585 475 2646; x_wconf 85' lang='lat' dir='ltr'>Brutum</span> <span class='ocrx_word' id='word_1_247' title='bbox 497 2586 685 2647; x_wconf 87' lang='lat' dir='ltr'>liberandum</span> <span class='ocrx_word' id='word_1_248' title='bbox 708 2581 842 2659; x_wconf 90' lang='lat' dir='ltr'>vicitque</span> <span class='ocrx_word' id='word_1_249' title='bbox 870 2586 1007 2644; x_wconf 83' lang='lat' dir='ltr'>dolorem</span> <span class='ocrx_word' id='word_1_250' title='bbox 1031 2581 1084 2642; x_wconf 90' lang='lat' dir='ltr'>ali-</span> 
     </span>
     <span class='ocr_line' id='line_1_30' title="bbox 52 2665 1086 2745; baseline -0.006 -15"><span class='ocrx_word' id='word_1_251' title='bbox 52 2687 145 2745; x_wconf 86' lang='lat' dir='ltr'>quem</span> <span class='ocrx_word' id='word_1_252' title='bbox 167 2669 367 2731; x_wconf 88' lang='lat' dir='ltr'>domesticum</span> <span class='ocrx_word' id='word_1_253' title='bbox 389 2670 505 2742; x_wconf 87' lang='lat' dir='ltr'>patriae</span> <span class='ocrx_word' id='word_1_254' title='bbox 528 2669 661 2731; x_wconf 89' lang='lat' dir='ltr'>caritate.</span> <span class='ocrx_word' id='word_1_255' title='bbox 704 2668 734 2731; x_wconf 91' lang='lat'>5.</span> <span class='ocrx_word' id='word_1_256' title='bbox 757 2666 833 2742; x_wconf 81' lang='lat' dir='ltr'>Quid</span> <span class='ocrx_word' id='word_1_257' title='bbox 856 2669 887 2728; x_wconf 85' lang='lat' dir='ltr'>c.</span> <span class='ocrx_word' id='word_1_258' title='bbox 905 2668 1004 2728; x_wconf 87' lang='lat' dir='ltr'>Pansa</span> <span class='ocrx_word' id='word_1_259' title='bbox 1024 2665 1086 2739; x_wconf 81' lang='lat' dir='ltr'>egit</span> 
     </span>
     <span class='ocr_line' id='line_1_31' title="bbox 52 2751 1084 2827; baseline -0.009 -13"><span class='ocrx_word' id='word_1_260' title='bbox 52 2754 138 2815; x_wconf 89' lang='lat' dir='ltr'>aliud</span> <span class='ocrx_word' id='word_1_261' title='bbox 165 2752 325 2815; x_wconf 90' lang='lat' dir='ltr'>dilectibus</span> <span class='ocrx_word' id='word_1_262' title='bbox 354 2751 519 2824; x_wconf 90' lang='lat' dir='ltr'>habendis,</span> <span class='ocrx_word' id='word_1_263' title='bbox 551 2753 683 2827; x_wconf 85' lang='lat' dir='ltr'>pecunia</span> <span class='ocrx_word' id='word_1_264' title='bbox 708 2752 930 2827; x_wconf 88' lang='lat' dir='ltr'>comparanda,</span> <span class='ocrx_word' id='word_1_265' title='bbox 959 2756 1084 2810; x_wconf 86' lang='lat' dir='ltr'>senatus</span> 
     </span>
     <span class='ocr_line' id='line_1_32' title="bbox 51 2832 1085 2911; baseline -0.009 -14"><span class='ocrx_word' id='word_1_266' title='bbox 51 2837 201 2897; x_wconf 90' lang='lat' dir='ltr'>consultis</span> <span class='ocrx_word' id='word_1_267' title='bbox 216 2835 365 2911; x_wconf 84' lang='lat' dir='ltr'>faciendis</span> <span class='ocrx_word' id='word_1_268' title='bbox 382 2834 570 2910; x_wconf 82' lang='lat' dir='ltr'>gravissimis</span> <span class='ocrx_word' id='word_1_269' title='bbox 585 2834 615 2894; x_wconf 94' lang='lat' dir='ltr'>in</span> <span class='ocrx_word' id='word_1_270' title='bbox 631 2835 805 2911; x_wconf 84' lang='lat' dir='ltr'>Antonium,</span> <span class='ocrx_word' id='word_1_271' title='bbox 820 2835 909 2895; x_wconf 92' lang='lat' dir='ltr'>nobis</span> <span class='ocrx_word' id='word_1_272' title='bbox 923 2832 1085 2893; x_wconf 85' lang='lat' dir='ltr'>cohortan-</span> 
     </span>
     <span class='ocr_line' id='line_1_33' title="bbox 51 2912 1086 2996; baseline -0.01 -15"><span class='ocrx_word' id='word_1_273' title='bbox 51 2921 111 2994; x_wconf 89' lang='lat' dir='ltr'>dis,</span> <span class='ocrx_word' id='word_1_274' title='bbox 131 2924 247 2996; x_wconf 89' lang='lat' dir='ltr'>populo</span> <span class='ocrx_word' id='word_1_275' title='bbox 267 2923 405 2982; x_wconf 88' lang='lat' dir='ltr'>Romano</span> <span class='ocrx_word' id='word_1_276' title='bbox 425 2918 464 2978; x_wconf 90' lang='lat' dir='ltr'>ad</span> <span class='ocrx_word' id='word_1_277' title='bbox 486 2933 612 2978; x_wconf 87' lang='lat' dir='ltr'>causam</span> <span class='ocrx_word' id='word_1_278' title='bbox 628 2917 774 2978; x_wconf 77' lang='lat' dir='ltr'>libertatis</span> <span class='ocrx_word' id='word_1_279' title='bbox 796 2916 951 2989; x_wconf 90' lang='lat' dir='ltr'>vocando,</span> <span class='ocrx_word' id='word_1_280' title='bbox 975 2912 1034 2973; x_wconf 91' lang='lat' dir='ltr'>uisi</span> <span class='ocrx_word' id='word_1_281' title='bbox 1053 2919 1086 2972; x_wconf 92' lang='lat' dir='ltr'>ut</span> 
     </span>
     <span class='ocr_line' id='line_1_34' title="bbox 49 2995 1089 3076; baseline -0.012 -11"><span class='ocrx_word' id='word_1_282' title='bbox 49 3006 87 3066; x_wconf 87' lang='grc' dir='ltr'>Ι).</span> <span class='ocrx_word' id='word_1_283' title='bbox 101 3005 213 3065; x_wconf 90' lang='lat' dir='ltr'>Brutus</span> <span class='ocrx_word' id='word_1_284' title='bbox 228 3004 427 3064; x_wconf 78' lang='lat' dir='ltr'>liberareturl</span> <span class='ocrx_word' id='word_1_285' title='bbox 445 3005 474 3060; x_wconf 84' lang='lat' dir='ltr'><strong>A</strong></span> <span class='ocrx_word' id='word_1_286' title='bbox 487 3017 548 3075; x_wconf 90' lang='lat' dir='ltr'>quo</span> <span class='ocrx_word' id='word_1_287' title='bbox 565 3001 698 3076; x_wconf 93' lang='lat' dir='ltr'>populus</span> <span class='ocrx_word' id='word_1_288' title='bbox 712 3001 869 3060; x_wconf 83' lang='lat' dir='ltr'>Romanus</span> <span class='ocrx_word' id='word_1_289' title='bbox 885 3001 1029 3073; x_wconf 74' lang='lat' dir='ltr'>frequens</span> <span class='ocrx_word' id='word_1_290' title='bbox 1044 2995 1089 3073; x_wconf 79' lang='lat' dir='ltr'>ita</span> 
     </span>
     <span class='ocr_line' id='line_1_35' title="bbox 51 3082 1085 3159; baseline -0.012 -10"><span class='ocrx_word' id='word_1_291' title='bbox 51 3090 180 3149; x_wconf 89' lang='lat' dir='ltr'>salutem</span> <span class='ocrx_word' id='word_1_292' title='bbox 191 3087 315 3149; x_wconf 89' lang='lat' dir='ltr'>D.Bruti</span> <span class='ocrx_word' id='word_1_293' title='bbox 327 3100 474 3146; x_wconf 86' lang='lat' dir='ltr'>unavoce</span> <span class='ocrx_word' id='word_1_294' title='bbox 487 3084 680 3159; x_wconf 89' lang='lat' dir='ltr'>depoposcit,</span> <span class='ocrx_word' id='word_1_295' title='bbox 694 3090 727 3144; x_wconf 94' lang='lat' dir='ltr'>ut</span> <span class='ocrx_word' id='word_1_296' title='bbox 738 3098 804 3143; x_wconf 87' lang='lat' dir='ltr'>cam</span> <span class='ocrx_word' id='word_1_297' title='bbox 816 3099 877 3142; x_wconf 91' lang='lat' dir='ltr'>nou</span> <span class='ocrx_word' id='word_1_298' title='bbox 890 3082 989 3142; x_wconf 92' lang='lat' dir='ltr'>solum</span> <span class='ocrx_word' id='word_1_299' title='bbox 1000 3094 1085 3139; x_wconf 91' lang='lat' dir='ltr'>com·</span> 
     </span>
     <span class='ocr_line' id='line_1_36' title="bbox 51 3161 1085 3249; baseline -0.011 -17"><span class='ocrx_word' id='word_1_300' title='bbox 51 3170 154 3232; x_wconf 92' lang='lat' dir='ltr'>modis</span> <span class='ocrx_word' id='word_1_301' title='bbox 175 3170 253 3241; x_wconf 90' lang='lat' dir='ltr'>suis,</span> <span class='ocrx_word' id='word_1_302' title='bbox 280 3170 336 3231; x_wconf 90' lang='lat' dir='ltr'>sed</span> <span class='ocrx_word' id='word_1_303' title='bbox 357 3168 445 3229; x_wconf 89' lang='lat' dir='ltr'>etiam</span> <span class='ocrx_word' id='word_1_304' title='bbox 466 3166 643 3229; x_wconf 85' lang='lat' dir='ltr'>necessitati</span> <span class='ocrx_word' id='word_1_305' title='bbox 661 3165 760 3228; x_wconf 88' lang='lat' dir='ltr'>victus</span> <span class='ocrx_word' id='word_1_306' title='bbox 780 3165 952 3249; x_wconf 77' lang='lat' dir='ltr'>anteferret.</span> <span class='ocrx_word' id='word_1_307' title='bbox 997 3161 1085 3237; x_wconf 81' lang='lat' dir='ltr'>Quod</span> 
     </span>
     <span class='ocr_line' id='line_1_37' title="bbox 52 3240 1085 3330; baseline -0.015 -14"><span class='ocrx_word' id='word_1_308' title='bbox 52 3270 179 3330; x_wconf 81' lang='lat' dir='ltr'>sperare</span> <span class='ocrx_word' id='word_1_309' title='bbox 199 3269 257 3313; x_wconf 91' lang='lat' dir='ltr'>nos</span> <span class='ocrx_word' id='word_1_310' title='bbox 279 3252 402 3329; x_wconf 87' lang='lat' dir='ltr'>quidem</span> <span class='ocrx_word' id='word_1_311' title='bbox 419 3251 583 3324; x_wconf 85' lang='lat' dir='ltr'>debemus,</span> <span class='ocrx_word' id='word_1_312' title='bbox 610 3258 713 3325; x_wconf 85' lang='lat' dir='ltr'>patres</span> <span class='ocrx_word' id='word_1_313' title='bbox 735 3248 913 3325; x_wconf 89' lang='lat' dir='ltr'>conscripti,</span> <span class='ocrx_word' id='word_1_314' title='bbox 936 3255 988 3307; x_wconf 90' lang='lat' dir='ltr'>aut</span> <span class='ocrx_word' id='word_1_315' title='bbox 1011 3240 1085 3306; x_wconf 90' lang='lat' dir='ltr'>inibi</span> 
     </span>
     <span class='ocr_line' id='line_1_38' title="bbox 51 3324 1085 3408; baseline -0.013 -10"><span class='ocrx_word' id='word_1_316' title='bbox 51 3353 125 3398; x_wconf 88' lang='lat' dir='ltr'>cssc</span> <span class='ocrx_word' id='word_1_317' title='bbox 140 3347 192 3398; x_wconf 89' lang='lat' dir='ltr'>aut</span> <span class='ocrx_word' id='word_1_318' title='bbox 206 3339 265 3395; x_wconf 86' lang='lat' dir='ltr'>iam</span> <span class='ocrx_word' id='word_1_319' title='bbox 281 3351 353 3396; x_wconf 86' lang='lat' dir='ltr'>esse</span> <span class='ocrx_word' id='word_1_320' title='bbox 369 3335 557 3397; x_wconf 80' lang='lat' dir='ltr'>coniectum:</span> <span class='ocrx_word' id='word_1_321' title='bbox 582 3334 639 3394; x_wconf 85' lang='lat' dir='ltr'>sad</span> <span class='ocrx_word' id='word_1_322' title='bbox 650 3332 718 3408; x_wconf 88' lang='lat' dir='ltr'>spei</span> <span class='ocrx_word' id='word_1_323' title='bbox 733 3333 860 3392; x_wconf 81' lang='lat' dir='ltr'>fructum</span> <span class='ocrx_word' id='word_1_324' title='bbox 881 3329 926 3392; x_wconf 92' lang='lat' dir='ltr'>rci</span> <span class='ocrx_word' id='word_1_325' title='bbox 941 3324 1085 3392; x_wconf 86' lang='lat' dir='ltr'>convenil</span> 
     </span>
     <span class='ocr_line' id='line_1_39' title="bbox 50 3413 1084 3493; baseline -0.012 -12"><span class='ocrx_word' id='word_1_326' title='bbox 50 3428 83 3481; x_wconf 87' lang='lat' dir='ltr'>ct</span> <span class='ocrx_word' id='word_1_327' title='bbox 97 3420 219 3481; x_wconf 84' lang='lat' dir='ltr'>eventui</span> <span class='ocrx_word' id='word_1_328' title='bbox 234 3417 400 3493; x_wconf 83' lang='lat' dir='ltr'>reservari,</span> <span class='ocrx_word' id='word_1_329' title='bbox 414 3433 453 3479; x_wconf 94' lang='lat' dir='ltr'>ne</span> <span class='ocrx_word' id='word_1_330' title='bbox 468 3423 519 3477; x_wconf 91' lang='lat' dir='ltr'>aut</span> <span class='ocrx_word' id='word_1_331' title='bbox 536 3417 662 3478; x_wconf 86' lang='lat' dir='ltr'>deornm</span> <span class='ocrx_word' id='word_1_332' title='bbox 677 3414 888 3477; x_wconf 86' lang='lat' dir='ltr'>immortalium</span> <span class='ocrx_word' id='word_1_333' title='bbox 902 3413 1084 3476; x_wconf 85' lang='lat' dir='ltr'>beneficium</span> 
     </span>
    </p>
   </div>
   <div class='ocr_carea' id='block_1_3' title="bbox 0 0 1182 3854">
    <p class='ocr_par' dir='ltr' id='par_1_3' title="bbox 0 0 1182 3854">
     <span class='ocr_line' id='line_1_40' title="bbox 0 0 1182 3854; baseline 0 0"><span class='ocrx_word' id='word_1_334' title='bbox 0 0 1182 3854; x_wconf 95' lang='lat' dir='ltr'> </span> 
     </span>
    </p>
   </div>
  </div>
 </body>
</html>
