2356 3854
100 133 168 254 aa
388 173 462 235 rao
478 144 512 235 n.
529 173 692 234 ιιιιιιιιιιι
705 171 860 235 ortano.
882 124 890 135 ’

101 345 178 389 ,mea
201 341 319 386 summa
344 332 374 384 et
397 323 487 384 vobis
513 323 634 398 cognita
656 321 686 382 in
711 338 776 383 rem
799 319 955 395 publicam
975 314 1113 396 'diligeniu
1155 332 1176 360 ι

109 427 235 481 moneo,
262 424 319 485 pro
339 409 516 467 auctoritate
537 405 691 467 consulari
711 405 829 475 hortor,
856 419 914 477 pro
934 403 1131 500 magalacio
1153 422 1161 485 j

111 493 236 568 periculi
251 493 396 562 obtestor,
417 498 450 550 ιιι
467 490 545 563 ocio,
568 498 601 550 ιιι
616 488 693 563 paci,
713 496 746 547 ιιι
760 484 859 560 satuti,
877 494 912 547 ιιι
927 472 1008 547 vitae
1020 496 1115 547 vestrae
1155 521 1157 527 .

108 584 140 637 et
151 585 339 635 caeterorum
350 573 461 634 civium
473 571 655 633 consulatis·
672 571 783 630 deinde
795 585 853 644 ego
866 568 951 631 idem
964 585 1023 631 vos
1036 571 1115 631 delen

109 660 188 719 soris
205 666 235 718 et
251 656 340 717 amici
356 656 457 716 ollicio
474 656 624 717 adductus
646 670 700 714 oro
724 662 816 726 atque
837 653 990 727 obsecro,
1013 652 1115 724 iudicer,

108 750 142 802 ut
152 757 193 801 ne
206 739 338 800 hominis
353 739 501 800 miseriei
516 755 608 813 quum
624 736 763 810 corporis
779 736 886 797 morbo
900 743 967 797 ιιιιιι
980 736 1068 799 enimi
1078 736 1115 797 io

107 827 172 885 lore
188 824 334 897 conlecti,
350 823 384 883 L.
399 823 559 895 Murenae,
581 829 735 881 recentem
749 817 986 894 gratulationem
1000 835 1077 885 nova
1087 819 1115 877 lu

107 907 291 970 mentatione
302 906 447 967 obruatis.
476 905 569 964 Modo
585 901 715 964 maximo
729 902 880 963 beneficio
893 904 1005 977 populi
1014 901 1116 965 Romani

108 1000 231 1052 ornatus
252 993 421 1051 fortunatus
444 987 618 1059 videbatur,
644 987 729 1062 quod
749 983 866 1060 primus
882 985 915 1044 in
932 985 1115 1046 lamiliamre

106 1083 217 1146 terem,
241 1073 356 1149 primus
371 1073 400 1131 in
416 1070 612 1145 municipium
628 1068 874 1143 antiquissimum
887 1070 1115 1133 consalutanti-

105 1157 240 1218 tulisset:
261 1171 342 1239 nunc
356 1156 437 1213 idem
452 1157 596 1228 squalore
612 1163 642 1213 et
655 1151 798 1213 sordibus
815 1153 994 1226 conlectus,
1010 1151 1114 1215 lacrimis
1144 1189 1145 1192 =

105 1256 143 1299 ao
163 1254 301 1299 maerore
303 1226 473 1312 perditus,
495 1246 598 1297 vester
615 1243 663 1296 est
677 1237 826 1311 supplex,
848 1233 986 1308 iudices,
1007 1244 1113 1297 vestrm

105 1323 198 1381 iidem
209 1322 385 1394 obtestatur,
398 1320 635 1380 misericordiam
645 1319 796 1394 implorat,
812 1327 944 1380 vestram
956 1326 1113 1396 potestator

26 1464 29 1469 ,
105 1421 143 1464 ac
159 1412 276 1464 vestras
292 1420 368 1477 opes
383 1404 521 1463 intuetur.
564 1401 615 1465 87.
636 1401 750 1474 Nolite,
773 1417 829 1477 per
843 1400 922 1463 deos'
936 1402 1111 1465 immoratos!
1140 1403 1141 1406 ’

104 1485 231 1559 iudices,
250 1487 308 1546 hae
325 1503 394 1546 eum
409 1503 451 1558 re,
470 1502 531 1560 qua
549 1502 583 1546 se
598 1486 803 1546 honestiorem
817 1487 883 1546 iore
899 1486 1035 1560 putavit,
1047 1483 1112 1545 elan

105 1570 234 1630 caeteris
259 1578 329 1630 ante
354 1569 449 1644 partis
469 1568 791 1643 honestatibus-atque
809 1568 889 1629 omni
911 1570 1055 1644 dignitato
1071 1566 1110 1627 lor

105 1661 237 1732 lunaque
254 1652 385 1727 privare.
415 1658 519 1727 Atque
535 1653 577 1712 ita
594 1669 650 1721 vos
668 1652 695 1712 si
708 1652 741 1710 L.
756 1652 897 1724 Murena,
912 1652 1047 1725 iudices,
1066 1655 1112 1711 ora

102 1745 196 1810 atque
216 1737 372 1808 obsecrat,
394 1735 422 1796 si
441 1735 553 1796 iniuste
567 1735 718 1796 neminem
739 1735 842 1810 laesit,
865 1735 892 1796 si
914 1736 1027 1799 nullius
1043 1746 1110 1795 auru
1143 1753 1148 1759 ·
1173 1752 1178 1779 ³

103 1822 329 1880 voluntatemve
343 1819 483 1892 violavit,
507 1818 535 1879 si
554 1818 681 1891 nemini,
701 1827 735 1879 ut
754 1818 909 1878 levissime
926 1819 1041 1893 dicam,
1058 1814 1110 1879 odil

102 1919 160 1962 uec
182 1903 264 1962 domi
287 1919 343 1962 nee
364 1902 487 1973 militiae
509 1901 578 1976 luit,
605 1902 644 1962 sit
663 1903 747 1977 apud
766 1919 824 1961 vos
845 1902 1017 1963 modestiae
1036 1903 1110 1969 loon,

103 1984 143 2044 sit
154 1985 297 2044 demissis
308 1985 480 2045 hominibus
495 1985 677 2060 perfugium,
693 1985 731 2044 sit
743 1984 887 2045 auxilium
898 1984 1021 2059 pudori.
1041 1981 1109 2045 liar
1140 2004 1158 2028 ι’

101 2066 264 2126 ricordiam
276 2067 416 2162 spoliatio
430 2069 606 2128 consulatus
617 2084 757 2142 magnam
769 2067 881 2127 habere
889 2068 992 2142 debet,
1001 2065 1108 2129 iudica·

33 2210 47 2219 ,
102 2166 162 2209 una
182 2149 263 2208 enim
283 2149 451 2225 eripiuntur
468 2166 536 2210 cum
557 2153 718 2211 consulatu
740 2149 849 2211 omnia.
892 2151 1041 2211 Invidiam
1057 2161 1109 2209 reto

101 2231 149 2292 his
164 2233 352 2329 temporibus
372 2233 483 2293 habere
501 2237 639 2295 consulat
627 2244 677 2295 tus
697 2233 764 2309 ipse
786 2235 899 2293 nullam
916 2243 1034 2308 potest·
1056 2227 1108 2319 olii

101 2315 179 2377 citur
194 2315 274 2375 enirn
293 2316 485 2377 contionibus
502 2316 734 2387 seditiosorum,
759 2316 877 2376 insidiis
896 2300 1107 2381 coniuratorum
1144 2339 1151 2362 ι

100 2399 169 2458 telis
182 2399 342 2459 Catilinae
360 2400 400 2459 ad
412 2416 500 2461 omne
515 2401 648 2476 denique
665 2399 833 2475 periculum
848 2407 941 2474 atque
957 2402 999 2461 ad
1014 2410 1109 2461 omnem

100 2479 245 2540 invidiam
259 2483 343 2542 solus
361 2483 535 2557 opponitur.
563 2482 613 2544 88.
635 2484 748 2557 Quare
765 2482 838 2558 quid
853 2481 1052 2544 invidendum
1063 2480 1109 2542 lta

95 2574 192 2623 'renae
212 2572 263 2624 aut
283 2564 424 2640 cuiquam
446 2575 582 2626 nostrum
601 2566 689 2627 sitin
709 2566 770 2626 hoc
793 2566 952 2640 praeclaro
973 2566 1109 2627 consulati
1174 2584 1178 2611 ¹

100 2662 160 2706 non
176 2644 281 2719 video,
306 2647 433 2708 iudices.
477 2649 561 2722 Quae
579 2664 652 2709 vero
669 2649 843 2708 miseranda
858 2657 945 2722 sunt,
961 2650 1045 2710 ea-e't
1057 2640 1108 2707 miii

18 2755 21 2759 ·
99 2740 169 2790 ante
190 2731 297 2790 oculos
320 2741 480 2792 versantur
500 2740 529 2792 et
551 2749 610 2792 vos
630 2732 735 2794 ridere
755 2740 785 2792 et
799 2730 978 2806 perspicere
992 2728 1108 2808 potestis·

98 2812 171 2872 XLI.
194 2812 236 2883 si,
254 2815 337 2888 quod
346 2814 482 2889 luppiter
498 2831 587 2874 ornan
602 2824 732 2876 avertat!
748 2815 830 2874 hunc
845 2815 958 2876 vestris
974 2809 1108 2877 sonuum

100 2895 286 2971 adflixeritis
306 2914 367 2972 quo
383 2914 418 2957 se
431 2897 524 2957 miser
538 2904 655 2958 vertet?
681 2899 871 2959 Domumnel
893 2907 927 2958 ut
943 2915 1012 2959 eam
1028 2892 1107 2969 imati-

97 2994 166 3038 nem
187 2979 347 3040 clarissimi
369 2979 440 3052 viri,
462 2980 598 3054 parentis
617 2980 682 3056 sui,
702 2998 793 3056 quam
808 2981 916 3055 paucis
930 2991 1003 3042 ente
1023 2981 1108 3042 olebit

96 3060 282 3122 laureatam
272 3081 303 3122 m
316 3079 374 3124 sua
384 3064 585 3136 gratulatione
598 3064 769 3140 conspexit,
781 3065 921 3124 eamdem
932 3065 1109 3125 delormettm

96 3138 260 3212 ignominia
275 3148 491 3223 lugentemque
504 3145 628 3208 videat?
647 3164 685 3207 an
699 3149 740 3207 ad
754 3153 902 3207 metremt
923 3163 1004 3222 quae
1020 3145 1110 3207 misor

95 3223 187 3282 modo
203 3231 361 3290 consulern
379 3230 518 3291 osculatu
531 3230 626 3291 filiurn
644 3247 742 3304 suum,
760 3245 841 3289 nunc
857 3230 1011 3290 cruciatur
1026 3224 1109 3290 atsol

95 3302 177 3362 licita
197 3317 244 3369 est
263 3328 306 3372 ne
319 3313 459 3372 eamdem
482 3315 585 3389 paullo
609 3321 679 3388 poet
698 3312 861 3388 spoliatum
882 3312 966 3373 omni
986 3311 1129 3388 <lignitate¹

95 3386 287 3460 conspiciatt
326 3393 378 3455 89.
401 3393 465 3455 Sed
482 3397 556 3477 quid
572 3412 629 3469 ego
645 3403 771 3455 matrem
786 3403 851 3456 aut
848 3392 979 3456 domurn
995 3392 1110 3471 appella
