2356 3854
320 157 551 257 caraman
574 197 764 258 111-111.
852 154 860 165 ’
985 189 1063 267 lae,

24 340 246 417 perstrinxisti,
275 351 308 404 ut
332 342 469 404 florentis
495 343 633 405 coloniae
658 341 838 405 territorium
862 342 1058 407 minueretur.

23 425 100 491 103.
123 426 172 486 Ab
192 425 249 485 hac
272 426 452 501 religionum
471 423 696 501 perturbatione
716 424 844 486 advolas
868 426 897 486 in
917 427 957 486 Μ.
978 430 1056 490 Vor-

19 510 128 577 ronis,
144 509 327 571 sanctissimi
341 517 432 586 atque
447 508 630 585 integerrimi
643 506 714 579 viri,
732 507 856 575 fundum
875 509 1055 572 Casinatem.

20 591 92 666 Quo
118 591 204 653 iuret
232 608 294 668 quo
315 599 389 653 orer
414 592 546 664 Eodem,
568 589 704 668 inquies,
726 607 787 666 quo
807 589 837 650 in
856 591 1000 654 heredum
1020 595 1056 655 L.

18 673 148 746 Rubrii,
165 692 226 749 quo
241 675 272 735 in
287 675 433 737 heredum
449 675 481 735 t.
499 675 626 735 Turselii
641 672 781 750 praedia,
799 690 860 748 quo
875 672 905 732 in
921 678 1055 752 reliquas

18 757 262 821 innumerabiles
285 759 514 834 possessiones.
548 758 587 818 Et
607 757 633 818 si
654 755 692 816 ab
714 755 815 828 basta,
838 757 1055 834 valentiana,

21 842 149 900 valeant
162 840 297 916 tabulae,
319 842 411 901 modo
427 841 580 912 Caesaris,
603 857 665 900 non
682 847 766 911 tuae,
789 838 901 915 quibus
917 840 1056 917 debuisti,

20 938 88 983 111
117 923 228 998 quibus
249 932 289 985 'tu
309 930 339 983 te
358 923 531 983 liberavisti.
574 921 721 997 Varronis
742 921 864 996 quidem
886 921 1055 986 Casinatem

20 1007 153 1067 fundum
180 1006 249 1081 quis
270 1005 394 1066 venisse
413 1005 506 1066 dicit?
539 1007 607 1080 quis
627 1006 743 1064 hastam
763 1004 851 1064 istius
873 1005 1056 1068 venditionis

18 1088 121 1149 vidit‘l
144 1088 214 1164 quis
232 1105 339 1149 vocem
355 1088 518 1163 praeconis
534 1088 669 1149 audivit?
689 1087 812 1147 Misisse
833 1087 910 1149 dicis
924 1090 1055 1148 Alexan-
1111 1154 1114 1159 ,

20 1172 130 1233 dream
145 1170 198 1244 qui
208 1181 352 1232 emereta
364 1173 502 1233 Caesare.
520 1172 623 1246 Ipsum
635 1170 714 1232 enim
727 1178 904 1244 exspectare
912 1187 1055 1246 magnum

18 1255 91 1315 luit.
112 1251 182 1314 104.
204 1253 277 1326 Quis
293 1271 365 1314 vero
382 1255 497 1315 audivit
512 1271 656 1331 umquam
669 1287 710 1298 -
731 1254 842 1313 nullius
858 1263 957 1313 autem
971 1256 1055 1315 salus

17 1351 120 1397 curae
140 1336 278 1409 pluribus
296 1337 351 1398 luit
366 1369 411 1395 -.
426 1339 465 1396 de
484 1338 613 1398 fortunis
627 1337 775 1411 Varronis
798 1354 861 1397 rem
876 1338 967 1397 ullam
984 1354 1056 1399 esse

18 1421 212 1480 detractam?
231 1420 330 1493 Quint
348 1419 479 1503 11111111
496 1421 620 1497 scripsit
633 1422 671 1479 ad
686 1430 716 1481 te
727 1421 838 1481 Caesar
852 1430 885 1481 ul
897 1422 1054 1496 redderes,

22 1501 100 1579 quid
123 1503 197 1562 satis
218 1510 320 1578 potest
336 1503 395 1565 dici
409 1504 447 1564 de
461 1512 544 1565 tanta
557 1503 765 1580 impudentia?
786 1505 921 1564 Remove
936 1505 1055 1577 gladios

20 1600 191 1661 parumper
205 1586 289 1658 11111,
308 1603 386 1663 quos
404 1587 553 1647 videmus.
581 1589 644 1646 Iam
661 1587 811 1660 intelliges
826 1589 914 1647 aliam
930 1603 1055 1651 causam

24 1682 98 1728 esse
118 1667 225 1729 hastae
241 1668 395 1741 Caesaris,
416 1669 504 1728 aliam
526 1669 729 1729 confidentiae
743 1677 773 1727 et
786 1669 960 1729 temeritatis
974 1679 1055 1730 tuae.

20 1751 91 1811 Non
107 1752 185 1809 enim
200 1759 231 1811 le
244 1751 385 1813 dominus
401 1753 492 1826 modo
506 1753 564 1811 illis
583 1751 723 1823 sedibus,
738 1751 795 1809 sed
815 1749 914 1824 quivis
928 1751 1056 1826 amicus,-

22 1831 162 1906 vicinus,
176 1834 309 1910 hospes,
330 1829 508 1909 procurator
523 1834 645 1894 arcebit.
688 1832 762 1894 XLI.
776 1836 825 1919 ,tt
839 1849 929 1907 quam
944 1837 1056 1894 multos

23 1915 94 1977 dies
116 1918 147 1977 in
173 1933 210 1977 ea
227 1918 297 1977 villa
312 1916 485 1994 turpissime
500 1927 546 1978 est
561 1915 795 1991 perbacchatus!
817 1917 865 1975 Ab
879 1915 955 1975 hora
968 1916 1056 1978 tertia

20 1999 199 2071 bibebatur,
217 2000 392 2073 ludebatur,
408 2001 592 2060 vomebatur.
616 1998 638 2057 0
654 2007 733 2060 tecta
747 1998 815 2073 ipsa
826 1997 950 2070 misera,
966 2017 1056 2075 mcum

21 2085 145 2158 disputa·
163 2082 297 2144 domino!
325 2083 512 2159 Quamquam
534 2097 595 2156 quo
616 2083 708 2144 modo
728 2081 787 2142 iste
810 2081 972 2143 dominus?
989 2083 1056 2144 Sed

22 2174 127 2227 tamen
144 2183 234 2241 quam
249 2168 287 2226 ab
303 2167 417 2243 dispari
432 2167 625 2227 tenebantur!
645 2164 820 2226 Studiorum
835 2164 914 2226 enirn
931 2182 1056 2226 suorum

20 2250 125 2311 Varro
148 2251 243 2311 voluit
263 2249 351 2323 illud,
373 2266 432 2309 non
450 2248 606 2308 libidinum
621 2247 839 2308 deversorium.
883 2246 952 2308 105.
973 2249 1056 2322 Quae

21 2330 57 2393 in
73 2332 124 2391 illa
138 2332 309 2394 villaantea
321 2333 513 2395 dicebantur!
530 2347 609 2407 quae
620 2331 843 2407 cogitabantur!
861 2347 940 2404 quae
950 2330 1056 2391 litteris
1092 2358 1099 2363 ·

21 2415 261 2495 mandabantur!
293 2418 362 2476 Iura
388 2415 495 2492 populi
516 2413 659 2487 Romani,
684 2422 879 2475 monumenta
899 2413 1056 2487 maiorum,

21 2496 127 2559 omnis
142 2498 310 2573 sapientiae
325 2499 402 2559 ratio
425 2498 586 2575 omnisque
601 2499 767 2573 doctrinae.
800 2501 841 2558 At
867 2513 939 2557 vero
960 2505 990 2557 te
1010 2497 1055 2558 in·

22 2579 143 2655 quilino
158 2598 274 2642 -non
295 2582 375 2641 enim
396 2576 571 2642 11111111-
587 2581 796 2658 personabant
810 2579 911 2642 omnia
928 2581 1055 2642 vocibus

21 2664 194 2724 ebriorum:
226 2665 370 2725 natabant
398 2664 571 2739 pavimenta
598 2664 688 2726 vino=
718 2664 883 2726 madebant
903 2663 1056 2741 Ι1111111111

21 2745 151 2823 ingenui
170 2747 258 2821 pueri
279 2763 347 2807 curn
369 2745 545 2816 meritoriis,
571 2757 674 2808 scorta
693 2747 770 2809 inter
790 2755 901 2808 matres
928 2745 1056 2805 1111111111

21 2831 236 2891 versabantur.
258 2829 367 2890 Casino
380 2831 541 2890 salutatum
554 2830 722 2903 veniebant,
733 2830 865 2905 Aquino,
877 2830 1057 2889 Interamna.

23 2913 193 2975 Admissus
212 2920 261 2974 est
282 2929 381 2974 nemo.
413 2912 482 2972 Iure
502 2911 533 2972 id
549 2911 681 2986 quidem.
713 2910 747 2970 ln
760 2912 882 2971 homine
898 2911 978 2968 enim
994 2918 1057 2992 torf

24 2994 156 3071 pissimo
180 2996 402 3059 obsolefiebant
420 2993 574 3073 dignitatis
595 2993 734 3068 insignia
780 2990 965 3066 10111111
987 2990 1057 3051 inde

24 3076 156 3140 Romam
184 3080 385 3155 proficiscens
411 3078 451 3137 ad
471 3076 625 3153 Aquinum
652 3077 826 3145 accederet,
858 3075 897 3138 ob
928 3073 1007 3135 viam
1028 3073 1057 3135 ei

26 3162 195 3235 processit,
217 3171 250 3223 ut
271 3171 319 3222 est
337 3162 482 3238 frequens
504 3159 716 3240 municipium,
738 3175 848 3233 magna
868 3156 1056 3219 1111111111.

28 3244 113 3307 tudo.
146 3249 187 3306 At
207 3242 264 3306 iste
280 3252 388 3321 operta
403 3242 510 3306 lectica
524 3245 604 3305 latos
620 3259 676 3318 per
690 3241 837 3317 oppidum
851 3249 912 3314 est,
932 3249 965 3304 ut
978 3257 1055 3303 mor-

26 3335 109 3392 tuus.
143 3327 240 3390 Stulte
255 3326 440 3403 Aquinatesa
463 3326 520 3386 sed
533 3333 631 3400 tamen
649 3327 678 3394 in
698 3322 946 3385 viohabitabanl.
979 3322 1057 3405 Quid
1149 3343 1153 3349 ·

24 3411 201 3486 Anagninit
221 3409 291 3485 Qui,
314 3425 407 3487 quum
422 3418 528 3485 essent
542 3409 638 3480 devii,
654 3408 895 3480 descenderunt,
909 3421 942 3471 ut
956 3407 1056 3494 istum,
