2356 3854
375 126 567 202 οΑΡ.σ-’-9.
588 148 757 208 §.ir-19.
823 142 829 154 “
912 114 915 119 ’
1026 140 1069 217 to

68 287 102 359 tui
115 303 173 347 vos
189 287 228 346 de
242 285 388 361 religione
402 304 459 348 sua
474 305 510 348 ac
528 288 670 363 dignitate
691 308 762 351 vere
781 291 953 354 existimare
974 295 1066 356 maxi-

68 371 216 441 revellet,
243 368 340 444 primo
357 369 432 431 dixit
446 388 480 431 se
494 371 584 431 istum
604 374 725 446 publice
739 376 878 448 laudare,
903 378 988 451 quod
1008 379 1066 438 sibi

68 452 278 512 amandatum
293 461 388 512 esset:
419 454 528 513 deinde
553 472 653 529 neque
670 473 705 533 se
718 457 863 517 habuisse
882 457 933 517 illa
947 462 1067 520 venalia
1141 459 1147 467 '

68 549 147 609 teque
166 535 230 594 ulla
250 535 443 608 condicione,
467 537 494 597 si
513 546 613 598 utrum
633 541 723 599 vellet
739 540 856 614 liceret,
876 541 986 601 adduci
1001 559 1065 605 um-

68 633 138 689 quam
150 616 292 691 potuisse
305 626 338 678 ut
351 619 497 680 venderet
510 621 575 693 illa,
601 637 679 695 quae
693 621 723 679 in
746 622 877 682 sacrario
898 624 1027 692 luissent
1046 641 1066 685 a

68 699 213 760 uaioribus
242 698 307 760 suis
331 701 435 762 relicta
456 709 486 761 et
508 703 625 778 tradita.
654 704 733 763 Vlll.
773 703 821 764 17.
860 704 936 776 Quid
963 709 1065 782 aedes,

68 783 182 842 llerrest
211 783 285 857 quid
305 792 494 858 exspectast
513 785 585 859 quid
610 795 637 846 te
651 803 669 845 a
681 785 872 858 Centuripina
887 785 1021 862 civitate,
1044 806 1065 849 a

68 863 220 938 laliacum,
244 865 282 925 ab
308 865 485 941 Halaesina,
512 869 728 944 Tyndaritana,
754 867 923 940 Hennensi,
953 871 1062 947 Agyri-

68 950 133 1008 tensi
148 947 340 1022 caeterisque
355 947 475 1009 Siciliae
488 949 658 1011 civitatibus
674 949 882 1009 circumveniri
904 958 994 1025 atque
1010 969 1063 1026 op·
1167 962 1169 971 ’

68 1030 133 1090 uimi
147 1030 248 1090 dieis?
275 1031 338 1104 Tua
353 1040 391 1101 te⁸
404 1033 498 1092 altera
516 1033 629 1110 patria,
651 1049 738 1108 quem
760 1033 800 1090 ad
821 1033 942 1092 modum
963 1034 1064 1094 dicere

69 1114 184 1186 olebas,
201 1113 345 1172 Messana
361 1113 568 1176 circumvenit:
591 1124 656 1186 tua,
675 1115 812 1189 inquam,
828 1114 985 1190 Messana,
995 1125 1063 1178 tuo-

68 1211 116 1254 um
127 1194 258 1255 adiutrix
272 1198 436 1271 scelerum,
459 1198 612 1258 libidinum
631 1196 732 1267 testis,
755 1198 934 1271 praedarum
951 1200 1016 1257 aci
1050 1231 1063 1241 ·

68 1294 147 1338 orum
155 1278 318 1352 receptrix.
351 1281 447 1340 Adest
462 1277 539 1339 enim
555 1278 602 1337 vir
621 1279 826 1352 amplissimus
841 1280 907 1339 eius
923 1280 1060 1354 civitatis,
1125 1280 1129 1289 '

68 1369 164 1434 egabu
177 1361 269 1421 huius
286 1361 389 1421 iudicii
404 1378 495 1422 causa
509 1361 598 1420 domo
611 1361 740 1432 missua,
756 1362 901 1437 princeps
915 1365 1061 1424 laudatio·

68 1443 98 1503 is
119 1453 201 1516 tuae,
224 1443 320 1518 quite
344 1445 463 1519 publice
480 1443 598 1508 laudat:
619 1443 660 1503 ita
679 1445 757 1502 enim
777 1447 1062 1533 mandatumptque

68 1533 222 1600 mperatum
244 1536 305 1586 est:
324 1524 440 1586 tametsi
459 1534 582 1599 rogatus
605 1527 642 1585 de
665 1527 781 1603 cybaea
794 1527 903 1587 tenetis
918 1529 1062 1589 memoria

67 1609 121 1680 prid
134 1609 341 1684 responderit:
356 1606 542 1666 aedificatam
558 1608 686 1682 publicis
703 1609 821 1682 operis,
848 1611 969 1683 publice
991 1627 1060 1671 ooa-

68 1690 105 1750 :tis
118 1691 207 1768 eique
219 1689 424 1750 aedificandae
439 1690 559 1762 publice
570 1691 777 1751 Mamertinum
792 1699 962 1749 senatorem
973 1708 1060 1764 prae-

68 1773 159 1834 uisse:
181 1774 262 1834 idem
279 1775 388 1832 advos
404 1772 557 1845 privatim,
577 1772 710 1845 iudices,
731 1772 880 1845 confugit:
901 1773 991 1832 utitur
1004 1767 1061 1832 hac

68 1869 129 1929 ege,
146 1872 208 1931 qua
222 1853 362 1914 iudicium
377 1861 432 1926 est,
451 1854 600 1912 communi
614 1869 684 1912 arce
698 1853 865 1913 sociorum:
881 1856 999 1914 tametsi
1012 1857 1062 1913 lex

68 1947 99 1997 :st
110 1939 147 1998 de
160 1936 298 2014 pecuniis
308 1936 501 2010 repetundis,
524 1935 573 1995 ille
588 1952 623 1995 se
636 1944 727 2008 negat
740 1937 899 2010 pecuniam
912 1946 1059 2011 repetere,

68 2036 138 2093 tuam
152 2028 285 2095 ereptam
302 2034 363 2077 nou
377 2026 459 2077 tanto
476 2034 569 2091 opere
584 2018 744 2095 desiderat,
760 2035 848 2079 saera
865 2037 899 2079 se
912 2019 1059 2087 maiorum

68 2119 170 2164 :uorum
183 2106 321 2175 repetere
335 2101 390 2159 abs
404 2109 433 2160 te
448 2101 533 2160 dicit:
555 2101 631 2160 deos
648 2110 773 2176 penates
795 2109 824 2161 te
842 2103 956 2177 patrios
971 2120 1058 2176 repo-

68 2185 115 2245 tcit.
147 2186 194 2248 lc.
221 2183 318 2256 Ecoui
338 2183 437 2257 pudor
454 2191 522 2243 est?
538 2199 654 2258 ecquae
674 2183 796 2259 religio,
816 2187 952 2244 Verres?
971 2186 1060 2260 ecqui

68 2275 166 2329 netus‘t
191 2264 340 2325 Habitasti
353 2268 435 2339 apud
449 2265 557 2325 Heium
573 2267 748 2326 Messanae:
770 2283 819 2326 res
840 2268 922 2327 illum
940 2267 1059 2332 divinas

68 2352 128 2422 :pud
141 2366 194 2411 eos
206 2348 282 2407 deos
294 2346 325 2406 in
341 2364 397 2407 suo
412 2349 544 2409 sacrario
559 2365 654 2423 prope
669 2348 819 2410 cotidiano
834 2352 933 2409 lacere
949 2349 1059 2410 vidisti.

68 2431 260 2493 lommovetur
274 2429 416 2503 pecunia:
439 2431 570 2505 denique
590 2448 669 2506 quae
690 2430 855 2492 ornamenti
879 2449 895 2491 c
918 2448 972 2491 usa
996 2433 1061 2506 lue-

68 2522 128 2589 unt,
143 2530 203 2573 non
219 2511 358 2587 requirit:
373 2513 426 2572 tibi
439 2513 518 2573 habe
533 2513 743 2589 Canephoros:
759 2515 884 2574 deorum
897 2449 1060 2575 §malaura

68 2596 177 2656 'estitue
207 2596 290 2668 Quae
305 2595 375 2669 quia
390 2595 478 2668 dixit,
498 2597 568 2670 quia
582 2604 717 2671 tempore
732 2598 802 2656 dato
820 2598 956 2658 modeste
978 2599 1060 2672 apud

68 2695 103 2738 tos
121 2679 224 2740 socius
244 2676 420 2751 amicusque
435 2679 541 2752 populi
557 2678 684 2739 Romani
701 2688 826 2754 questus
844 2689 905 2754 est,
926 2679 998 2755 quia
1013 2695 1061 2738 re-

68 2758 147 2832 igioni
167 2777 242 2821 suae
264 2776 324 2819 non
341 2762 430 2820 modo
449 2761 480 2818 in
495 2761 542 2820 dis
556 2761 661 2836 patriis
676 2764 863 2837 repetendis,
891 2765 946 2823 sed
971 2764 1059 2821 etiam

68 2858 79 2898 n
96 2843 162 2917 ipso
176 2843 348 2903 testimonio
370 2858 406 2902 ae
420 2844 485 2903 iure
499 2844 625 2903 iurando
641 2846 795 2919 proximus
817 2847 887 2917 luit,
909 2845 1059 2905 hominem

68 2923 171 2986 nissum
190 2926 229 2985 ab
250 2924 309 2984 isto
330 2925 438 2985 scitote
453 2941 524 2985 esse
540 2927 711 2987 Messanam
726 2929 765 2986 de
782 2930 888 3001 legatis
902 2942 1009 2996 unum,
1025 2924 1058 2982 il-

68 3008 235 3083 tmipsum,
260 3006 312 3082 qui
336 3008 406 3067 navi
430 3008 517 3068 istius
543 3011 750 3069 aedificandae
776 3010 896 3084 publice
922 3005 1058 3081 praefuit,

68 3091 97 3151 ui
110 3107 128 3149 a
142 3098 250 3152 senatu
263 3099 390 3165 peteret,
407 3099 438 3150 ut
450 3090 545 3149 Heius
561 3093 740 3151 adficeretur
753 3091 925 3165 ignominia

68 3213 70 3221 ·
124 3174 176 3233 lx.
208 3171 257 3235 19.
292 3175 390 3234 Homo
402 3171 619 3245 amentissime,
644 3174 716 3247 quid
736 3173 868 3246 putastic
888 3171 1057 3246 impetratu-

68 3276 107 3318 1m
121 3255 361 3331 torquendis:
375 3255 491 3315 civibus
507 3253 571 3314 suis
586 3256 678 3327 fieret,
696 3255 799 3328 quanti
815 3257 977 3316 auctoritas
991 3256 1058 3316 eius

68 3342 203 3401 aberetur
223 3339 407 3414 ignorabas?
434 3339 546 3397 Verum
570 3338 618 3395 iac
638 3345 666 3396 te
687 3336 911 3479 impetravizse,
936 3341 983 3398 iac
1006 3339 1058 3398 ali·

83 3438 140 3482 cic.
158 3438 250 3485 oaxr.
464 3446 467 3451 ·

1071 3564 1126 3636 Ι
