2356 3854
281 204 285 218 ·
325 150 713 250 cnr.a—c.s.1r—aa.
738 277 742 290 ἱ
973 185 1034 255 173

64 333 198 407 rcientia,
223 334 356 409 quaesit
371 335 471 396 multis
486 337 651 410 protutura.
685 337 735 397 20.
759 337 835 411 Quid
849 337 975 398 Murena
990 337 1034 397 in·

64 425 108 477 at
133 416 314 479 Fortissimo
330 427 360 478 et
375 418 601 494 sapientissimo
621 420 702 492 viro,
726 437 845 481 summo
861 421 1035 500 imperatori

64 511 122 562 :tus
142 501 176 560 L.
197 501 324 561 Lucullo
348 501 417 561 luit:
446 518 507 575 qua
528 501 558 559 in
579 503 730 575 legatione
754 504 840 565 duxit
859 505 1034 579 exercitum,

64 601 92 642 :a
107 583 244 654 contulit,
259 601 381 645 manum
398 584 561 656 conseruit,
577 600 703 660 magnas
719 588 825 662 copias
840 587 972 646 hostium
988 589 1033 648 lu-

68 667 163 726 urbes
178 666 286 742 partim
304 667 343 742 vi,
359 666 466 743 parlim
483 665 644 727 obsidione
659 668 749 743 cepit,
764 669 869 729 Asiam
885 671 972 730 istam
986 687 1033 731 ro-

64 767 111 832 am
125 759 156 811 et
169 752 307 810 eamdem
323 750 482 810 delicatam
498 751 543 810 sic
560 750 648 822 obiit,
670 760 702 810 ut
722 751 751 810 in
771 768 808 812 ea
821 769 921 827 neque
936 753 1033 814 avari·
1103 768 1107 787 ¹

75 836 179 908 neque
196 835 333 894 luxuriae
347 834 509 908 vestigium
523 833 693 908 reliquerit:
708 832 839 893 maximo
854 835 976 895 inbelle
989 837 1033 896 sic

69 925 228 989 versatuS,
252 927 284 976 ut
305 916 354 976 hic
369 918 479 977 multas
499 933 550 976 res
571 925 601 976 et
622 932 747 991 magnas
763 917 830 977 sine
852 918 1040 992 imperatore}
1094 974 1101 982 .

64 999 142 1071 serit,
158 1001 271 1058 nullam
287 999 354 1060 sine
369 999 427 1059 hoc
442 999 614 1074 imperator.
643 1003 746 1075 Atque
761 1000 837 1060 haec
851 1017 1033 1076 quamquam
1073 1046 1087 1061 .
1118 1048 1121 1058 ,

64 1075 166 1143 :dente
182 1083 216 1142 L.
231 1083 356 1142 Lucullo
372 1084 488 1156 loquar,
506 1091 605 1142 tamen
621 1099 659 1142 ne
673 1083 794 1158 abipso
814 1092 939 1158 propter
952 1084 1033 1159 peri·
1078 1146 1080 1150 ,

64 1183 102 1224 rm
124 1173 261 1225 nostrum
286 1183 467 1225 concessam
489 1165 645 1226 videamur
667 1167 781 1227 habere
805 1167 954 1253 liceptiam
977 1167 1032 1229 lin·

64 1250 101 1320 di,
120 1248 251 1322 publicis
266 1249 371 1321 titteris
389 1257 498 1309 testata
509 1256 580 1309 sunt
595 1250 702 1320 omnia,
720 1249 832 1326 quibus
843 1252 876 1310 L.
887 1251 1032 1311 Lucullus

64 1348 113 1392 um
123 1332 430 1409 [edlaudisimpertit
445 1342 588 1407 quamum
600 1349 702 1408 neque
713 1333 892 1394 ambitiosus
904 1333 1032 1408 impera-

64 1413 1032 1492 tequeinvidustribuerealteriincommunicandagloriadebuit.

74 1497 198 1559 Summa
215 1497 245 1557 in
264 1507 393 1573 utroque
411 1507 458 1560 est
472 1498 627 1572 honestas
645 1517 762 1559 summa
777 1500 923 1575 dignitas:
941 1517 1032 1573 quam

66 1627 74 1652 ,
96 1583 122 1642 si
137 1580 280 1656 mihi'per
298 1581 435 1642 Servium
451 1581 555 1654 liceat,
579 1582 644 1656 pari
661 1590 753 1656 atoue
767 1585 875 1642 eadem
897 1582 929 1650 in,
943 1584 1033 1643 laude

66 1681 122 1722 am.
169 1664 231 1724 Sed
252 1682 311 1725 nou
333 1665 411 1724 licet.
453 1664 556 1739 Agitat
582 1682 643 1724 rem
668 1665 840 1724 militarem:
867 1665 1033 1725 insectatur

67 1765 93 1805 m
109 1747 188 1807 hanc
205 1748 402 1821 legationem:
424 1747 616 1807 adsiduitatis
637 1756 667 1807 et
681 1763 843 1821 operarum
858 1748 964 1806 harum
981 1763 1034 1806 co-

64 1846 181 1890 marum
208 1839 293 1905 putat
313 1847 385 1890 esse
407 1831 607 1890 consulatum.
650 1831 742 1903 Apud
768 1829 935 1890 exercitum
960 1828 1034 1888 mihi
1101 1838 1104 1844 ·

64 1913 104 1985 is,
120 1913 232 1989 inquit:
248 1923 293 1974 tot
307 1930 404 1973 annos
420 1914 518 1972 lorum
533 1929 593 1973 non
609 1912 759 1986 attigeris:
775 1912 888 1972 alueris
899 1921 959 1973 tum
970 1913 1033 1986 diu,

70 2013 163 2071 quum
180 1998 272 2070 longo
289 1996 447 2056 intervallo
465 1995 602 2068 veneris,
624 2012 692 2055 cum
708 1994 760 2068 iis,
784 1995 880 2071 quiin
896 1997 962 2058 loro
979 1995 1032 2055 ha·
1077 2041 1080 2055 .

65 2089 147 2152 runt,
171 2081 210 2140 de
233 2079 377 2154 dignitate
392 2080 579 2140 contendas?
605 2079 735 2141 Primum
755 2078 934 2141 istenostra
951 2078 1032 2141 adsi·
1070 2150 1072 2157 Ι
1096 2096 1099 2099 ·

64 2181 116 2233 as,
141 2162 243 2236 Servi,
266 2164 367 2223 nescis
387 2170 531 2238 quantum
552 2162 701 2224 interdum
722 2163 840 2224 adterat
858 2163 1032 2224 hominibus

64 2247 129 2319 idii,
154 2255 299 2321 quantum
323 2247 491 2307 satietatis?
519 2245 593 2306 Mihi
617 2247 740 2321 quidem
762 2246 958 2306 vehementer
979 2261 1032 2303 ex*

64 2329 97 2390 iit
114 2329 247 2404 positam
263 2328 293 2389 in
309 2329 406 2391 oculis
427 2346 499 2390 esse
515 2331 650 2404 gratiam.
688 2329 750 2400 Sed
772 2337 871 2389 tamen
888 2345 951 2403 ego
973 2328 1033 2387 mei

64 2422 169 2473 etatem
193 2429 304 2488 magno
325 2430 393 2474 meo
408 2414 513 2474 labore
534 2412 677 2488 superavi
695 2421 725 2471 et
739 2420 771 2472 tu
787 2412 867 2472 idem
884 2413 1032 2473 sortasse:

64 2513 105 2555 rm
127 2504 228 2556 tamen
254 2495 375 2570 utrique
399 2507 536 2558 nostrum
560 2495 744 2555 desiderium
771 2494 844 2554 nihil
872 2495 1031 2556 obfuisset.

75 2579 138 2638 Sed
159 2588 193 2640 ut
213 2580 271 2639 hoc
292 2579 407 2640 omisso
427 2582 466 2639 ad
487 2579 653 2640 studiorum
671 2587 763 2653 atquc
782 2579 890 2639 artium
907 2588 1031 2640 couten-

65 2679 112 2721 em
126 2670 329 2736 revertamur,
350 2663 402 2738 qui
418 2670 520 2738 potest
541 2661 670 2723 dubitari
691 2661 763 2737 quin
781 2663 821 2722 ad
841 2664 1032 2722 consulatum

63 2745 234 2805 :iscendum
249 2747 341 2806 multo
357 2747 426 2821 plus
438 2748 555 2806 adferat
569 2744 722 2820 dignitatis
736 2745 781 2805 rel
792 2744 928 2806 militaris
942 2759 1033 2819 quam

64 2846 75 2887 s
89 2828 188 2889 civilis
203 2829 330 2904 gloriat·
345 2829 463 2904 Vigiles
481 2839 511 2888 tu
528 2830 566 2888 de
582 2839 671 2889 nocte
685 2837 719 2889 ut
732 2829 791 2888 tuis
806 2825 1032 2888 consultoribus

64 2913 209 2972 tondeas:
233 2912 283 2972 ille
303 2922 337 2972 ut
357 2928 410 2984 eo,
433 2929 494 2987 quo
511 2911 651 2982 intendit,
673 2919 788 2971 mature
809 2926 878 2969 cum
896 2907 1032 2967 exercitu

64 2994 172 3056 veniat.
204 2996 246 3055 'le
262 2997 424 3069 gallorum,
439 2994 522 3054 illum
537 2994 713 3054 bucinarum
730 3001 838 3052 cantus
854 2989 1031 3051 exsuscitat.

68 3077 219 3138 actionem
235 3077 382 3148 instituis,
404 3076 455 3137 ille
474 3077 570 3137 aciem
587 3075 715 3137 instruit.
752 3075 797 3134 Tu
818 3089 911 3134 caves
930 3089 969 3132 ne
985 3074 1031 3134 tui

64 3163 211 3235 sudores,
233 3161 284 3222 ille
298 3178 337 3221 ne
351 3160 444 3220 urbes
457 3167 510 3220 aut
525 3167 624 3219 castra
641 3157 808 3232 capiantur.
838 3156 890 3216 llle
904 3163 986 3217 tenet
1003 3164 1033 3217 et
1082 3182 1085 3192 ³
1108 3198 1110 3202 s

74 3254 108 3305 ut
121 3243 254 3305 hostium
270 3241 392 3319 copiae,
414 3251 447 3303 tu
467 3251 499 3303 ut
518 3257 617 3315 aquae
638 3239 762 3315 pluviae
781 3248 950 3301 arceantur.
979 3242 1032 3300 llle

64 3328 186 3389 :citatus
202 3337 249 3389 est
263 3329 293 3387 in
309 3324 515 3402 propagandis
531 3322 657 3396 finibus,
673 3332 706 3384 tu
720 3322 751 3383 in
764 3323 923 3398 regendis,
939 3341 975 3384 ac
988 3323 1032 3382 ni-

64 3428 111 3472 um
127 3445 174 3479 ,-
194 3411 356 3473 dicendum
376 3419 424 3472 est
444 3408 523 3471 enirn
544 3408 628 3484 quod
651 3405 749 3469 sentio
768 3426 812 3453 ·—
830 3407 875 3470 rei
896 3405 1032 3493 nnllmris
