2356 3854
135 175 198 240 112
335 180 385 239 DE
400 178 556 239 IMPERIO
572 178 628 238 CN.
642 177 795 237 POMPEII
808 175 960 237 ORATIO.

132 344 302 403 agnoscere
324 326 486 387 videamini
506 327 558 402 qui
574 328 650 387 haec
672 325 810 387 iecerint:
832 341 889 400 ego
909 334 1010 386 antem
1030 324 1138 386 nomino

134 410 298 470 neminem:
321 426 381 484 qua
394 426 428 469 re
445 409 535 469 irasci
550 409 621 469 mibi
634 426 722 470 nemo
738 409 862 484 poterit,
882 407 942 467 nisi
964 408 1098 483 quiante
1109 408 1140 469 tlt

133 509 169 553 se
187 492 314 552 voluerit
335 492 480 551 confiteri.
516 494 621 566 ltaque
641 499 765 567 propter
786 493 864 550 hane
883 490 1039 551 avaritiam
1060 492 1138 565 impe·

132 582 264 635 natorum
281 583 408 648 quantas
424 575 623 646 calamitateS,
642 589 834 649 quocumque
852 583 973 634 ventum
989 573 1044 647 sit,
1058 571 1141 633 nostri

132 658 284 717 exereitus
308 659 406 717 ierant
426 657 495 732 quis
516 657 655 730 ignorati
687 655 737 718 38.
759 657 868 717 itinera
890 671 969 730 quae
984 672 1041 730 per
1060 656 1142 716 hosce

132 756 231 800 annos
252 739 382 799 initalia
399 757 453 815 per
473 740 563 814 agros
581 748 671 814 atque
693 738 806 814 oppida
823 737 931 797 civium
949 740 1143 799 Romanorum

134 822 229 882 nostri
254 822 454 896 imperatores
479 821 604 881 iecerint
625 821 839 881 recordamini=
865 829 928 880 tum
953 821 1073 881 laeilius
1092 828 1142 881 sto

123 904 223 967 tactis
245 905 318 978 quid
333 905 416 979 apud
432 913 550 964 exteras
572 905 710 964 nationes
730 903 795 963 lieri
816 903 1004 963 existimetis.
1050 904 1142 964 Utrum

133 989 238 1062 plures
253 987 434 1046 arbitramini
450 1003 504 1061 per
516 987 610 1046 ltosce
624 1003 721 1046 annos
737 986 860 1044 militnm
876 995 1048 1046 vestrorum
1057 985 1142 1044 armis

131 1069 265 1129 hostium
280 1070 371 1129 nrbes
387 1087 425 1128 an
445 1069 579 1128 hibernis
599 1071 751 1129 sociorum
767 1067 903 1127 civitates
923 1084 995 1127 esse
1019 1070 1143 1128 delerant

133 1152 239 1226 Neque
253 1150 331 1209 enim
349 1159 451 1226 potest
467 1150 632 1211 exercitum
646 1150 673 1211 is
691 1150 843 1212 continere
860 1152 1038 1223 imperator,
1054 1151 1104 1225 qni
1115 1164 1143 1209 sc

133 1235 202 1308 ipse
215 1250 274 1293 non
287 1234 427 1305 eontinet,
444 1234 544 1306 n'eque
554 1249 681 1294 severus
693 1250 763 1294 esse
775 1232 806 1292 in
820 1233 993 1305 iudicando,
1010 1234 1062 1308 qui
1077 1232 1141 1292 alios

130 1315 165 1395 ,in
181 1332 214 1374 se
231 1332 357 1375 severos
372 1331 443 1375 esse
458 1315 574 1375 iudices
590 1333 650 1375 non
666 1318 750 1376 vult.¹
773 1314 822 1380 39.
843 1315 900 1375 Hic
915 1317 1059 1376 miramur
1074 1314 1141 1377 bunt

133 1397 286 1457 hominem
312 1406 424 1458 tanturn
445 1399 594 1457 excellere
617 1400 758 1470 caeteris,
785 1397 871 1458 cuius
895 1398 1036 1471 legiones
1057 1397 1140 1459 sicin

132 1481 238 1539 Asiam
255 1483 459 1552 pervenerint,
476 1488 507 1540 ut
522 1496 581 1540 non
597 1483 687 1541 modo
705 1498 811 1541 manus
825 1482 897 1541 tanti
913 1481 1081 1551 exercitos,
1096 1479 1141 1540 scd

134 1578 173 1620 ne
189 1562 346 1636 vestigium
363 1562 484 1637 quidem
501 1561 641 1636 cuiquam
657 1571 764 1638 pacato
780 1564 922 1624 nocuisse
934 1563 1073 1625 dicatur?
1091 1564 1141 1622 lam

131 1660 207 1704 uero
225 1661 313 1718 quem
330 1647 368 1704 ad
385 1646 506 1705 modum
522 1645 630 1705 milites
647 1646 804 1706 hibernent
819 1647 929 1706 cotidie
945 1662 1101 1708 sermones
1111 1658 1140 1703 no

135 1727 250 1787 litterae
262 1728 470 1802 perforantem
482 1745 544 1791 non
560 1729 649 1807 modo
665 1737 697 1788 ut
711 1737 862 1803 sumptum
881 1729 970 1788 sociat
987 1730 1018 1788 in
1034 1724 1147 1788 militem

133 1810 245 1869 nemini
257 1809 303 1870 vis
317 1812 459 1883 adierim,
476 1811 531 1870 sed
545 1827 583 1870 ne
598 1811 728 1885 cupienti
741 1811 863 1886 quidem
876 1810 1140 1888 cuiquam-permit·

132 1892 213 1953 titur.
249 1893 362 1953 Hiemis
378 1895 471 1963 enim,
494 1910 555 1953 non
572 1893 713 1953 avaritiae
729 1895 897 1968 perfugium
912 1894 1045 1956 maiores
1059 1890 1140 1955 nosti

131 1975 163 2032 in
180 1975 332 2035 sociorum
348 1984 439 2049 atque
454 1975 617 2036 amicorum
629 1976 715 2036 tectis
728 1992 798 2036 esse
809 1979 976 2036 volucrunt.
1006 1976 1085 2037 xlv.
1098 1974 1138 2036 to

133 2060 201 2129 Age
223 2072 294 2115 vero
319 2059 444 2117 caeteris
467 2057 497 2115 in
518 2060 609 2117 rebus
631 2058 711 2133 quali
733 2059 771 2118 sit
792 2060 991 2133 temperantia
1015 2058 1138 2121 conside

131 2146 207 2196 rate.
237 2139 324 2197 Unde
339 2139 418 2198 illam
432 2148 541 2198 tantam
559 2141 737 2201 celeritatem
751 2150 853 2200 ettam
868 2143 1075 2204 incredibilem
1084 2156 1137 2201 cm

131 2236 202 2280 snm
217 2220 370 2281 inventum
386 2222 519 2295 putatis?
545 2223 610 2283 Non
626 2223 704 2282 enim
720 2225 802 2284 illum
820 2223 929 2284 eximia
944 2226 991 2284 vis
1009 2227 1137 2305 nomiman

131 2312 186 2363 aut
206 2320 254 2363 ars
277 2303 409 2364 inaudita
431 2305 579 2378 quaedam
596 2306 782 2380 gubernandi
803 2316 853 2367 aut
869 2306 949 2367 venti
969 2307 1064 2384 aliqui
1081 2302 1137 2367 nori

133 2395 194 2444 tam
211 2386 348 2446 celeriter
358 2387 387 2445 in
403 2387 521 2446 ultimas
534 2396 629 2447 terras
645 2390 838 2462 pertulerunt,
855 2390 911 2450 sed
925 2404 981 2450 eae
997 2408 1058 2464 res,
1074 2400 1135 2464 queo
1163 2403 1166 2413 ’

134 2477 272 2528 caeteros
288 2468 431 2529 remorari
450 2471 562 2543 solent,
582 2488 644 2531 non
659 2472 862 2531 retardarunt=
886 2488 948 2533 non
967 2468 1134 2534 avaritiaoi

133 2549 267 2610 instituto
282 2567 373 2611 cursu
387 2553 427 2610 ad
443 2553 583 2624 praedam
600 2553 913 2627 aliquam-devocavit,
928 2572 990 2615 non
1006 2555 1095 2616 libido
1105 2550 1133 2611 ed

133 2633 334 2705 voluptatem,
354 2651 415 2694 non
432 2635 598 2696 amoenitas
614 2636 653 2694 ad
668 2636 912 2709 delectationem,
935 2655 997 2697 non
1012 2636 1132 2697 nobilitat

133 2714 218 2774 urbis
236 2715 275 2772 ad
289 2715 506 2789 cognitionem,
527 2734 587 2778 non
608 2718 739 2792 denique
760 2718 846 2779 labor
862 2720 930 2793 ipse
946 2721 987 2779 ad
1005 2720 1132 2795 quietem

133 2804 287 2871 postremo
304 2797 390 2871 signa
404 2806 433 2858 et
446 2800 564 2859 tabulas
581 2809 760 2875 caeteraque
776 2809 951 2862 ornamenta
968 2802 1131 2862 Graecorum

130 2881 330 2954 oppidorum,
353 2897 431 2954 qnae
452 2883 560 2941 caeteri
576 2884 708 2942 tollenda
730 2900 800 2943 esse
821 2884 1015 2959 arbitrantur,
1038 2900 1073 2945 ea
1088 2872 1131 2941 sibl

132 2961 235 3022 illene
251 2963 378 3022 visenda
393 2964 515 3038 quidem
530 2964 720 3025 existimavit.
756 2965 805 3030 41.
825 2969 930 3041 ltaque
949 2984 1055 3027 omnes
1071 2972 1131 3025 nont

132 3045 163 3102 in
183 3046 230 3104 his
250 3046 326 3107 locis
344 3046 395 3105 Cn.
416 3046 590 3120 Pompeium
612 3049 690 3108 sicut
711 3048 841 3123 aliquem
858 3067 918 3109 non
940 3067 980 3110 ex
999 3051 1056 3110 hae
1073 3045 1130 3108 urbl

133 3127 274 3199 missum,
300 3130 356 3188 sed
377 3130 416 3188 de
440 3131 523 3189 caelo
546 3131 702 3205 delapsum
724 3131 890 3192 intuentur:
916 3148 996 3192 nnnc
1019 3130 1128 3203 deniquo

134 3205 279 3281 incipiunt
290 3214 414 3271 credere
428 3211 522 3271 luisse
533 3212 669 3274 homines
680 3217 833 3275 Romanos
845 3217 901 3274 hae
914 3217 1065 3288 quondam
1075 3218 1127 3272 coln¹
1152 3230 1160 3283 '.

134 3287 271 3360 tinentia,
298 3295 460 3367 quodiam
486 3295 656 3357 nationibus
679 3299 789 3356 exteris
817 3298 993 3358 incredibile
1014 3314 1049 3358 ac
1069 3295 1126 3355 lolto

1173 1983 1178 2096 l

131 3372 297 3435 memoriae
311 3376 462 3449 proditum
476 3378 648 3438 videbaturr
667 3396 746 3440 nunc
763 3380 881 3454 imperii
896 3381 989 3445 vestri
1006 3376 1125 3456 splendor
1168 3391 1178 3474 Ι
