<?xml version="1.0" encoding="UTF-8"?>
<!DOCTYPE html PUBLIC "-//W3C//DTD XHTML 1.0 Transitional//EN"
    "http://www.w3.org/TR/xhtml1/DTD/xhtml1-transitional.dtd">
<html xmlns="http://www.w3.org/1999/xhtml" xml:lang="en" lang="en">
 <head>
  <title>
</title>
<meta http-equiv="Content-Type" content="text/html;charset=utf-8" />
  <meta name='ocr-system' content='tesseract 3.04.00' />
  <meta name='ocr-capabilities' content='ocr_page ocr_carea ocr_par ocr_line ocrx_word'/>
</head>
<body>
  <div class='ocr_page' id='page_1' title='image "./mtulliiciceroni08cicegoog_0022.png"; bbox 0 0 2356 3854; ppageno 0'>
   <div class='ocr_carea' id='block_1_1' title="bbox 225 505 998 709">
    <p class='ocr_par' dir='ltr' id='par_1_1' title="bbox 225 505 998 709">
     <span class='ocr_line' id='line_1_1' title="bbox 228 505 998 576; baseline 0.012 -23"><span class='ocrx_word' id='word_1_1' title='bbox 228 505 286 554; x_wconf 84' lang='lat' dir='ltr'>data</span> <span class='ocrx_word' id='word_1_2' title='bbox 304 507 399 571; x_wconf 79' lang='lat' dir='ltr'>gratias</span> <span class='ocrx_word' id='word_1_3' title='bbox 416 508 493 571; x_wconf 78' lang='lat' dir='ltr'>egit.¹</span> <span class='ocrx_word' id='word_1_4' title='bbox 523 510 591 558; x_wconf 88' lang='lat' dir='ltr'>Prid.</span> <span class='ocrx_word' id='word_1_5' title='bbox 609 509 661 560; x_wconf 82' lang='lat' dir='ltr'>Kal.</span> <span class='ocrx_word' id='word_1_6' title='bbox 679 509 731 558; x_wconf 81' lang='lat' dir='ltr'>Oet.</span> <span class='ocrx_word' id='word_1_7' title='bbox 749 509 833 559; x_wconf 86' lang='lat' dir='ltr'>Cioero</span> <span class='ocrx_word' id='word_1_8' title='bbox 850 514 917 576; x_wconf 83' lang='lat' dir='ltr'>apud</span> <span class='ocrx_word' id='word_1_9' title='bbox 936 527 998 576; x_wconf 86' lang='lat' dir='ltr'>pou-</span> 
     </span>
     <span class='ocr_line' id='line_1_2' title="bbox 225 573 997 638; baseline 0.009 -16"><span class='ocrx_word' id='word_1_10' title='bbox 225 573 305 622; x_wconf 81' lang='lat' dir='ltr'>tidoes</span> <span class='ocrx_word' id='word_1_11' title='bbox 318 588 365 638; x_wconf 89' lang='lat' dir='ltr'>pro</span> <span class='ocrx_word' id='word_1_12' title='bbox 381 575 449 625; x_wconf 76' lang='lat' dir='ltr'>domo</span> <span class='ocrx_word' id='word_1_13' title='bbox 467 576 534 627; x_wconf 86' lang='lat' dir='ltr'>dioit.</span> <span class='ocrx_word' id='word_1_14' title='bbox 553 577 647 625; x_wconf 79' lang='lat' dir='ltr'>Domus</span> <span class='ocrx_word' id='word_1_15' title='bbox 663 579 687 626; x_wconf 89' lang='lat' dir='ltr'>iu</span> <span class='ocrx_word' id='word_1_16' title='bbox 698 579 801 637; x_wconf 86' lang='lat' dir='ltr'>Palatio,</span> <span class='ocrx_word' id='word_1_17' title='bbox 819 579 957 630; x_wconf 79' lang='lat' dir='ltr'>Tusetrlana</span> <span class='ocrx_word' id='word_1_18' title='bbox 973 591 997 630; x_wconf 85' lang='lat' dir='ltr'>et</span> 
     </span>
     <span class='ocr_line' id='line_1_3' title="bbox 226 640 994 709; baseline 0.008 -19"><span class='ocrx_word' id='word_1_19' title='bbox 226 641 359 691; x_wconf 76' lang='lat' dir='ltr'>Formiana</span> <span class='ocrx_word' id='word_1_20' title='bbox 376 642 436 692; x_wconf 84' lang='lat' dir='ltr'>villa</span> <span class='ocrx_word' id='word_1_21' title='bbox 455 640 561 706; x_wconf 86' lang='lat' dir='ltr'>peounia</span> <span class='ocrx_word' id='word_1_22' title='bbox 578 646 678 709; x_wconf 81' lang='lat' dir='ltr'>publiea</span> <span class='ocrx_word' id='word_1_23' title='bbox 695 647 850 696; x_wconf 82' lang='lat' dir='ltr'>aedificanda</span> <span class='ocrx_word' id='word_1_24' title='bbox 867 649 994 700; x_wconf 72' lang='lat' dir='ltr'>locatur.⁹</span> 
     </span>
    </p>
   </div>
   <div class='ocr_carea' id='block_1_2' title="bbox 62 709 1052 3291">
    <p class='ocr_par' dir='ltr' id='par_1_2' title="bbox 224 709 995 849">
     <span class='ocr_line' id='line_1_4' title="bbox 257 709 995 779; baseline 0.011 -21"><span class='ocrx_word' id='word_1_25' title='bbox 257 709 310 759; x_wconf 76' lang='lat' dir='ltr'>lieo</span> <span class='ocrx_word' id='word_1_26' title='bbox 327 725 392 759; x_wconf 85' lang='lat' dir='ltr'>anno</span> <span class='ocrx_word' id='word_1_27' title='bbox 410 712 492 761; x_wconf 84' lang='lat' dir='ltr'>statim</span> <span class='ocrx_word' id='word_1_28' title='bbox 508 721 566 776; x_wconf 87' lang='lat' dir='ltr'>post</span> <span class='ocrx_word' id='word_1_29' title='bbox 582 712 709 763; x_wconf 82' lang='lat' dir='ltr'>Cioeronis</span> <span class='ocrx_word' id='word_1_30' title='bbox 725 715 832 763; x_wconf 86' lang='lat' dir='ltr'>reditum</span> <span class='ocrx_word' id='word_1_31' title='bbox 847 717 872 766; x_wconf 90' lang='lat' dir='ltr'>in</span> <span class='ocrx_word' id='word_1_32' title='bbox 889 719 995 779; x_wconf 89' lang='lat' dir='ltr'>eiusque</span> 
     </span>
     <span class='ocr_line' id='line_1_5' title="bbox 224 778 994 849; baseline 0.012 -24"><span class='ocrx_word' id='word_1_33' title='bbox 224 780 373 828; x_wconf 82' lang='lat' dir='ltr'>sententiam</span> <span class='ocrx_word' id='word_1_34' title='bbox 390 778 418 828; x_wconf 88' lang='lat' dir='ltr'>llt</span> <span class='ocrx_word' id='word_1_35' title='bbox 439 778 544 840; x_wconf 68' lang='lat' dir='ltr'>Solum,</span> <span class='ocrx_word' id='word_1_36' title='bbox 563 796 595 830; x_wconf 84' lang='lat' dir='ltr'>ex</span> <span class='ocrx_word' id='word_1_37' title='bbox 613 797 693 844; x_wconf 87' lang='lat' dir='ltr'>eoque</span> <span class='ocrx_word' id='word_1_38' title='bbox 711 783 753 831; x_wconf 86' lang='lat' dir='ltr'>lex</span> <span class='ocrx_word' id='word_1_39' title='bbox 768 784 949 849; x_wconf 75' lang='lat' dir='ltr'>promulgatur,</span> <span class='ocrx_word' id='word_1_40' title='bbox 968 793 994 834; x_wconf 90' lang='lat' dir='ltr'>ut</span> 
     </span>
    </p>

    <p class='ocr_par' dir='ltr' id='par_1_3' title="bbox 151 841 993 1051">
     <span class='ocr_line' id='line_1_6' title="bbox 151 841 993 914; baseline 0.011 -21"><span class='ocrx_word' id='word_1_41' title='bbox 151 841 157 853; x_wconf 65' lang='lat'>⁸</span> <span class='ocrx_word' id='word_1_42' title='bbox 223 845 344 911; x_wconf 84' lang='lat' dir='ltr'>Pompeio</span> <span class='ocrx_word' id='word_1_43' title='bbox 362 862 408 912; x_wconf 85' lang='lat' dir='ltr'>per</span> <span class='ocrx_word' id='word_1_44' title='bbox 425 849 622 910; x_wconf 81' lang='lat' dir='ltr'>quinquennium</span> <span class='ocrx_word' id='word_1_45' title='bbox 639 859 751 914; x_wconf 84' lang='lat' dir='ltr'>potestas</span> <span class='ocrx_word' id='word_1_46' title='bbox 766 851 802 898; x_wconf 90' lang='lat' dir='ltr'>rei</span> <span class='ocrx_word' id='word_1_47' title='bbox 817 850 993 902; x_wconf 79' lang='lat' dir='ltr'><strong>frumentariae</strong></span> 
     </span>
     <span class='ocr_line' id='line_1_7' title="bbox 222 916 992 985; baseline 0.008 -22"><span class='ocrx_word' id='word_1_48' title='bbox 222 922 275 964; x_wconf 80' lang='lat' dir='ltr'>toto</span> <span class='ocrx_word' id='word_1_49' title='bbox 300 916 361 965; x_wconf 84' lang='lat' dir='ltr'>orbe</span> <span class='ocrx_word' id='word_1_50' title='bbox 378 924 499 965; x_wconf 83' lang='lat' dir='ltr'>terramm</span> <span class='ocrx_word' id='word_1_51' title='bbox 518 917 651 969; x_wconf 64' lang='lat' dir='ltr'>duratum·</span> <span class='ocrx_word' id='word_1_52' title='bbox 688 919 715 967; x_wconf 93' lang='lat' dir='ltr'>ln</span> <span class='ocrx_word' id='word_1_53' title='bbox 733 918 875 981; x_wconf 85' lang='lat' dir='ltr'>quindecim</span> <span class='ocrx_word' id='word_1_54' title='bbox 894 921 992 985; x_wconf 79' lang='lat' dir='ltr'>legatis,</span> 
     </span>
     <span class='ocr_line' id='line_1_8' title="bbox 222 983 991 1051; baseline 0.007 -20"><span class='ocrx_word' id='word_1_55' title='bbox 222 997 286 1044; x_wconf 89' lang='lat' dir='ltr'>quos</span> <span class='ocrx_word' id='word_1_56' title='bbox 304 983 382 1032; x_wconf 84' lang='lat' dir='ltr'>buius</span> <span class='ocrx_word' id='word_1_57' title='bbox 399 985 436 1033; x_wconf 88' lang='lat' dir='ltr'>rei</span> <span class='ocrx_word' id='word_1_58' title='bbox 457 998 532 1033; x_wconf 86' lang='lat' dir='ltr'>eausa</span> <span class='ocrx_word' id='word_1_59' title='bbox 551 986 685 1050; x_wconf 86' lang='lat' dir='ltr'>Pompeius</span> <span class='ocrx_word' id='word_1_60' title='bbox 703 986 752 1036; x_wconf 84' lang='lat' dir='ltr'>sibi</span> <span class='ocrx_word' id='word_1_61' title='bbox 770 986 873 1051; x_wconf 82' lang='lat' dir='ltr'>legavit,</span> <span class='ocrx_word' id='word_1_62' title='bbox 894 988 943 1038; x_wconf 83' lang='lat' dir='ltr'>luit</span> <span class='ocrx_word' id='word_1_63' title='bbox 961 989 991 1047; x_wconf 82' lang='lat' dir='ltr'>Q.</span> 
     </span>
    </p>

    <p class='ocr_par' dir='ltr' id='par_1_4' title="bbox 62 1049 991 1252">
     <span class='ocr_line' id='line_1_9' title="bbox 62 1049 991 1120; baseline 0.008 -23"><span class='ocrx_word' id='word_1_64' title='bbox 62 1090 65 1097; x_wconf 89' lang='lat'>.</span> <span class='ocrx_word' id='word_1_65' title='bbox 223 1049 317 1112; x_wconf 80' lang='lat' dir='ltr'>Gioero,</span> <span class='ocrx_word' id='word_1_66' title='bbox 331 1053 403 1114; x_wconf 85' lang='lat' dir='ltr'>isque</span> <span class='ocrx_word' id='word_1_67' title='bbox 416 1053 440 1102; x_wconf 85' lang='lat' dir='ltr'>in</span> <span class='ocrx_word' id='word_1_68' title='bbox 453 1068 483 1102; x_wconf 94' lang='lat' dir='ltr'>eo</span> <span class='ocrx_word' id='word_1_69' title='bbox 498 1056 602 1119; x_wconf 83' lang='lat' dir='ltr'>negooio</span> <span class='ocrx_word' id='word_1_70' title='bbox 616 1056 641 1102; x_wconf 90' lang='lat' dir='ltr'>in</span> <span class='ocrx_word' id='word_1_71' title='bbox 653 1054 794 1105; x_wconf 79' lang='lat' dir='ltr'>Sardiniam</span> <span class='ocrx_word' id='word_1_72' title='bbox 804 1057 932 1120; x_wconf 76' lang='lat' dir='ltr'>proiectus</span> <span class='ocrx_word' id='word_1_73' title='bbox 944 1065 991 1106; x_wconf 87' lang='lat' dir='ltr'>est.</span> 
     </span>
     <span class='ocr_line' id='line_1_10' title="bbox 62 1105 991 1184; baseline 0.012 -22"><span class='ocrx_word' id='word_1_74' title='bbox 62 1105 103 1162; x_wconf 68' lang='grc'>698</span> <span class='ocrx_word' id='word_1_75' title='bbox 146 1107 186 1163; x_wconf 71' lang='grc'>56</span> <span class='ocrx_word' id='word_1_76' title='bbox 221 1117 293 1170; x_wconf 80' lang='lat' dir='ltr'>Coss.</span> <span class='ocrx_word' id='word_1_77' title='bbox 330 1121 372 1172; x_wconf 73' lang='lat' dir='ltr'>(br.</span> <span class='ocrx_word' id='word_1_78' title='bbox 392 1121 521 1172; x_wconf 76' lang='lat' dir='ltr'>comettm</span> <span class='ocrx_word' id='word_1_79' title='bbox 537 1122 655 1173; x_wconf 76' lang='lat' dir='ltr'>beatulus</span> <span class='ocrx_word' id='word_1_80' title='bbox 673 1122 845 1184; x_wconf 78' lang='lat' dir='ltr'>Marcellinus,</span> <span class='ocrx_word' id='word_1_81' title='bbox 864 1125 900 1174; x_wconf 83' lang='lat' dir='ltr'>L.</span> <span class='ocrx_word' id='word_1_82' title='bbox 916 1124 991 1174; x_wconf 85' lang='lat' dir='ltr'>Mor-</span> 
     </span>
     <span class='ocr_line' id='line_1_11' title="bbox 194 1189 532 1252; baseline 0 -14"><span class='ocrx_word' id='word_1_83' title='bbox 194 1192 202 1215; x_wconf 75' lang='lat'><strong>·</strong></span> <span class='ocrx_word' id='word_1_84' title='bbox 323 1191 376 1238; x_wconf 82' lang='lat' dir='ltr'>alus</span> <span class='ocrx_word' id='word_1_85' title='bbox 394 1189 532 1252; x_wconf 68' lang='lat' dir='ltr'>Pbiltppue.</span> 
     </span>
    </p>

    <p class='ocr_par' dir='ltr' id='par_1_5' title="bbox 217 1256 989 1529">
     <span class='ocr_line' id='line_1_12' title="bbox 254 1256 989 1324; baseline 0.008 -20"><span class='ocrx_word' id='word_1_86' title='bbox 254 1256 327 1306; x_wconf 89' lang='lat' dir='ltr'>Initio</span> <span class='ocrx_word' id='word_1_87' title='bbox 350 1259 409 1306; x_wconf 81' lang='lat' dir='ltr'>anni</span> <span class='ocrx_word' id='word_1_88' title='bbox 428 1256 515 1308; x_wconf 81' lang='lat' dir='ltr'>Cicero</span> <span class='ocrx_word' id='word_1_89' title='bbox 538 1259 563 1307; x_wconf 90' lang='lat' dir='ltr'>in</span> <span class='ocrx_word' id='word_1_90' title='bbox 587 1267 674 1309; x_wconf 78' lang='lat' dir='ltr'>amatu</span> <span class='ocrx_word' id='word_1_91' title='bbox 697 1262 764 1324; x_wconf 78' lang='lat' dir='ltr'>agit,</span> <span class='ocrx_word' id='word_1_92' title='bbox 787 1269 815 1308; x_wconf 89' lang='lat' dir='ltr'>ut</span> <span class='ocrx_word' id='word_1_93' title='bbox 837 1261 864 1309; x_wconf 92' lang='lat' dir='ltr'>P.</span> <span class='ocrx_word' id='word_1_94' title='bbox 883 1261 989 1311; x_wconf 79' lang='lat' dir='ltr'>Lentulo</span> 
     </span>
     <span class='ocr_line' id='line_1_13' title="bbox 218 1321 989 1394; baseline 0.008 -22"><span class='ocrx_word' id='word_1_95' title='bbox 218 1321 322 1373; x_wconf 64' lang='lat' dir='ltr'>(liliolus</span> <span class='ocrx_word' id='word_1_96' title='bbox 340 1339 440 1390; x_wconf 84' lang='lat' dir='ltr'>prosas.</span> <span class='ocrx_word' id='word_1_97' title='bbox 459 1327 589 1392; x_wconf 77' lang='lat' dir='ltr'>negocium</span> <span class='ocrx_word' id='word_1_98' title='bbox 605 1328 706 1377; x_wconf 87' lang='lat' dir='ltr'>daretur</span> <span class='ocrx_word' id='word_1_99' title='bbox 719 1327 854 1378; x_wconf 78' lang='lat' dir='ltr'>Ptolemaei</span> <span class='ocrx_word' id='word_1_100' title='bbox 873 1330 940 1394; x_wconf 78' lang='lat' dir='ltr'>regis</span> <span class='ocrx_word' id='word_1_101' title='bbox 963 1331 989 1378; x_wconf 89' lang='lat' dir='ltr'>in</span> 
     </span>
     <span class='ocr_line' id='line_1_14' title="bbox 217 1393 989 1529; baseline 0.006 -19"><span class='ocrx_word' id='word_1_102' title='bbox 217 1393 989 1529; x_wconf 62' lang='lat' dir='ltr'>tttazt&#39;ztet‘·at{stabularius</span> 
     </span>
    </p>

    <p class='ocr_par' dir='ltr' id='par_1_6' title="bbox 130 1532 988 1734">
     <span class='ocr_line' id='line_1_15' title="bbox 130 1532 987 1597; baseline 0.006 -19"><span class='ocrx_word' id='word_1_103' title='bbox 130 1591 134 1597; x_wconf 92' lang='lat'>.</span> <span class='ocrx_word' id='word_1_104' title='bbox 218 1542 309 1579; x_wconf 80' lang='lat' dir='ltr'>oenone</span> <span class='ocrx_word' id='word_1_105' title='bbox 326 1532 438 1580; x_wconf 84' lang='lat' dir='ltr'>oratioue</span> <span class='ocrx_word' id='word_1_106' title='bbox 455 1546 520 1594; x_wconf 85' lang='lat' dir='ltr'>quae</span> <span class='ocrx_word' id='word_1_107' title='bbox 538 1541 635 1591; x_wconf 82' lang='lat' dir='ltr'>exstat,</span> <span class='ocrx_word' id='word_1_108' title='bbox 660 1541 684 1582; x_wconf 87' lang='lat' dir='ltr'>et</span> <span class='ocrx_word' id='word_1_109' title='bbox 702 1533 848 1583; x_wconf 72' lang='lat' dir='ltr'>absolvitur.</span> <span class='ocrx_word' id='word_1_110' title='bbox 884 1536 912 1583; x_wconf 90' lang='lat' dir='ltr'>ln</span> <span class='ocrx_word' id='word_1_111' title='bbox 930 1549 987 1583; x_wconf 90' lang='lat' dir='ltr'>eum</span> 
     </span>
     <span class='ocr_line' id='line_1_16' title="bbox 217 1598 988 1666; baseline 0.006 -19"><span class='ocrx_word' id='word_1_112' title='bbox 217 1598 335 1648; x_wconf 82' lang='lat' dir='ltr'>Vatinius</span> <span class='ocrx_word' id='word_1_113' title='bbox 351 1601 523 1649; x_wconf 78' lang='lat' dir='ltr'>testimonium</span> <span class='ocrx_word' id='word_1_114' title='bbox 541 1600 646 1651; x_wconf 79' lang='lat' dir='ltr'>dixerat.</span> <span class='ocrx_word' id='word_1_115' title='bbox 669 1602 755 1663; x_wconf 81' lang='lat' dir='ltr'>ltaque</span> <span class='ocrx_word' id='word_1_116' title='bbox 766 1600 851 1651; x_wconf 77' lang='lat' dir='ltr'>Cicero</span> <span class='ocrx_word' id='word_1_117' title='bbox 864 1612 988 1666; x_wconf 84' lang='lat' dir='ltr'>perpetua</span> 
     </span>
     <span class='ocr_line' id='line_1_17' title="bbox 216 1668 985 1734; baseline 0.005 -20"><span class='ocrx_word' id='word_1_118' title='bbox 216 1668 411 1732; x_wconf 76' lang='lat' dir='ltr'>interropotr&#39;orre</span> <span class='ocrx_word' id='word_1_119' title='bbox 433 1670 485 1716; x_wconf 78' lang='lat' dir='ltr'>eius</span> <span class='ocrx_word' id='word_1_120' title='bbox 505 1671 584 1718; x_wconf 87' lang='lat' dir='ltr'>vitam</span> <span class='ocrx_word' id='word_1_121' title='bbox 602 1677 626 1718; x_wconf 84' lang='lat' dir='ltr'>et</span> <span class='ocrx_word' id='word_1_122' title='bbox 643 1671 797 1720; x_wconf 84' lang='lat' dir='ltr'>tribunatum</span> <span class='ocrx_word' id='word_1_123' title='bbox 817 1670 985 1734; x_wconf 77' lang='lat' dir='ltr'>reprehendit.</span> 
     </span>
    </p>

    <p class='ocr_par' dir='ltr' id='par_1_7' title="bbox 168 1734 986 2346">
     <span class='ocr_line' id='line_1_18' title="bbox 168 1734 985 1792; baseline 0.004 -10"><span class='ocrx_word' id='word_1_124' title='bbox 168 1786 174 1792; x_wconf 62' lang='grc'><em>,</em></span> <span class='ocrx_word' id='word_1_125' title='bbox 217 1735 258 1783; x_wconf 85' lang='grc' dir='ltr'>ΙΠ.</span> <span class='ocrx_word' id='word_1_126' title='bbox 270 1734 307 1785; x_wconf 85' lang='lat' dir='ltr'>ld.</span> <span class='ocrx_word' id='word_1_127' title='bbox 326 1735 397 1786; x_wconf 76' lang='lat' dir='ltr'>l&#39;ebr.</span> <span class='ocrx_word' id='word_1_128' title='bbox 412 1736 522 1785; x_wconf 75' lang='lat' dir='ltr'>Bestiam</span> <span class='ocrx_word' id='word_1_129' title='bbox 540 1738 653 1787; x_wconf 74' lang='lat' dir='ltr'>defendit</span> <span class='ocrx_word' id='word_1_130' title='bbox 672 1739 703 1787; x_wconf 92' lang='lat' dir='ltr'>de</span> <span class='ocrx_word' id='word_1_131' title='bbox 721 1739 816 1786; x_wconf 87' lang='lat' dir='ltr'>ambitu</span> <span class='ocrx_word' id='word_1_132' title='bbox 834 1746 985 1786; x_wconf 81' lang='lat' dir='ltr'>accusatum.</span> 
     </span>
     <span class='ocr_line' id='line_1_19' title="bbox 215 1803 986 1868; baseline 0.003 -17"><span class='ocrx_word' id='word_1_133' title='bbox 215 1803 282 1852; x_wconf 84' lang='lat' dir='ltr'>Prid.</span> <span class='ocrx_word' id='word_1_134' title='bbox 302 1803 365 1853; x_wconf 86' lang='lat' dir='ltr'>Non.</span> <span class='ocrx_word' id='word_1_135' title='bbox 383 1806 444 1867; x_wconf 78' lang='lat' dir='ltr'>Apr.</span> <span class='ocrx_word' id='word_1_136' title='bbox 464 1804 569 1854; x_wconf 77' lang='lat' dir='ltr'>Tulliam</span> <span class='ocrx_word' id='word_1_137' title='bbox 591 1806 667 1853; x_wconf 84' lang='lat' dir='ltr'>liliam</span> <span class='ocrx_word' id='word_1_138' title='bbox 684 1806 758 1853; x_wconf 80' lang='lat' dir='ltr'>Furio</span> <span class='ocrx_word' id='word_1_139' title='bbox 780 1803 922 1868; x_wconf 80' lang='lat' dir='ltr'>Crassipedi</span> <span class='ocrx_word' id='word_1_140' title='bbox 943 1805 986 1853; x_wconf 85' lang='lat' dir='ltr'>‹le-</span> 
     </span>
     <span class='ocr_line' id='line_1_20' title="bbox 216 1871 985 1938; baseline 0.001 -18"><span class='ocrx_word' id='word_1_141' title='bbox 216 1872 333 1936; x_wconf 88' lang='lat' dir='ltr'>spondet.</span> <span class='ocrx_word' id='word_1_142' title='bbox 369 1871 431 1921; x_wconf 81' lang='lat' dir='ltr'>(lum</span> <span class='ocrx_word' id='word_1_143' title='bbox 448 1887 512 1922; x_wconf 73' lang='lat' dir='ltr'>mno</span> <span class='ocrx_word' id='word_1_144' title='bbox 530 1874 660 1938; x_wconf 84' lang='lat' dir='ltr'>superiore</span> <span class='ocrx_word' id='word_1_145' title='bbox 677 1872 793 1936; x_wconf 81' lang='lat' dir='ltr'>prodigia</span> <span class='ocrx_word' id='word_1_146' title='bbox 814 1873 839 1920; x_wconf 90' lang='lat' dir='ltr'>in</span> <span class='ocrx_word' id='word_1_147' title='bbox 859 1887 920 1936; x_wconf 77' lang='lat' dir='ltr'>agro</span> <span class='ocrx_word' id='word_1_148' title='bbox 938 1872 985 1921; x_wconf 88' lang='lat' dir='ltr'>La·</span> 
     </span>
     <span class='ocr_line' id='line_1_21' title="bbox 216 1939 983 2005; baseline 0.003 -17"><span class='ocrx_word' id='word_1_149' title='bbox 216 1941 317 1990; x_wconf 83' lang='lat' dir='ltr'>tiniensi</span> <span class='ocrx_word' id='word_1_150' title='bbox 334 1939 400 1990; x_wconf 81' lang='lat' dir='ltr'>laeta</span> <span class='ocrx_word' id='word_1_151' title='bbox 420 1948 503 1989; x_wconf 87' lang='lat' dir='ltr'>essent</span> <span class='ocrx_word' id='word_1_152' title='bbox 523 1949 547 1990; x_wconf 88' lang='lat' dir='ltr'>et</span> <span class='ocrx_word' id='word_1_153' title='bbox 564 1941 711 2005; x_wconf 81' lang='lat' dir='ltr'>berusploes</span> <span class='ocrx_word' id='word_1_154' title='bbox 728 1955 786 1990; x_wconf 87' lang='lat' dir='ltr'>oum</span> <span class='ocrx_word' id='word_1_155' title='bbox 804 1940 868 1989; x_wconf 85' lang='lat' dir='ltr'>alias</span> <span class='ocrx_word' id='word_1_156' title='bbox 886 1955 983 2000; x_wconf 83' lang='lat' dir='ltr'>causas,</span> 
     </span>
     <span class='ocr_line' id='line_1_22' title="bbox 216 2000 984 2074; baseline 0.003 -18"><span class='ocrx_word' id='word_1_157' title='bbox 216 2017 269 2058; x_wconf 81' lang='lat' dir='ltr'>tum</span> <span class='ocrx_word' id='word_1_158' title='bbox 291 2009 356 2058; x_wconf 76' lang='lat' dir='ltr'>lasne</span> <span class='ocrx_word' id='word_1_159' title='bbox 378 2006 536 2070; x_wconf 77' lang='lat' dir='ltr'>attulissent,</span> <span class='ocrx_word' id='word_1_160' title='bbox 564 2011 632 2072; x_wconf 86' lang='lat' dir='ltr'>qnod</span> <span class='ocrx_word' id='word_1_161' title='bbox 649 2009 704 2058; x_wconf 86' lang='lat' dir='ltr'>looa</span> <span class='ocrx_word' id='word_1_162' title='bbox 717 2000 791 2058; x_wconf 85' lang='lat' dir='ltr'>&#39;saera</span> <span class='ocrx_word' id='word_1_163' title='bbox 807 2024 853 2073; x_wconf 90' lang='lat' dir='ltr'>pro</span> <span class='ocrx_word' id='word_1_164' title='bbox 871 2009 984 2074; x_wconf 82' lang='lat' dir='ltr'>profanis</span> 
     </span>
     <span class='ocr_line' id='line_1_23' title="bbox 214 2076 983 2141; baseline 0 -15"><span class='ocrx_word' id='word_1_165' title='bbox 214 2076 377 2135; x_wconf 70' lang='lat' dir='ltr'>baberentm</span> <span class='ocrx_word' id='word_1_166' title='bbox 394 2076 496 2127; x_wconf 78' lang='lat' dir='ltr'>Gladius</span> <span class='ocrx_word' id='word_1_167' title='bbox 509 2078 598 2126; x_wconf 83' lang='lat' dir='ltr'>aedilis</span> <span class='ocrx_word' id='word_1_168' title='bbox 611 2079 638 2126; x_wconf 86' lang='lat' dir='ltr'>ia</span> <span class='ocrx_word' id='word_1_169' title='bbox 659 2079 775 2128; x_wconf 86' lang='lat' dir='ltr'>contione</span> <span class='ocrx_word' id='word_1_170' title='bbox 788 2077 861 2141; x_wconf 71' lang='lat' dir='ltr'>dixit,</span> <span class='ocrx_word' id='word_1_171' title='bbox 883 2079 983 2128; x_wconf 89' lang='lat' dir='ltr'>domum</span> 
     </span>
     <span class='ocr_line' id='line_1_24' title="bbox 215 2144 984 2208; baseline 0 -13"><span class='ocrx_word' id='word_1_172' title='bbox 215 2144 341 2196; x_wconf 76' lang='lat' dir='ltr'>Oioerouis</span> <span class='ocrx_word' id='word_1_173' title='bbox 367 2147 441 2194; x_wconf 68' lang='lat' dir='ltr'>ulam</span> <span class='ocrx_word' id='word_1_174' title='bbox 463 2148 528 2196; x_wconf 87' lang='lat' dir='ltr'>inter</span> <span class='ocrx_word' id='word_1_175' title='bbox 547 2160 577 2195; x_wconf 87' lang='lat' dir='ltr'>ea</span> <span class='ocrx_word' id='word_1_176' title='bbox 594 2146 650 2196; x_wconf 81' lang='lat' dir='ltr'>loos</span> <span class='ocrx_word' id='word_1_177' title='bbox 664 2161 734 2206; x_wconf 85' lang='lat' dir='ltr'>esse,</span> <span class='ocrx_word' id='word_1_178' title='bbox 760 2161 823 2208; x_wconf 82' lang='lat' dir='ltr'>quae</span> <span class='ocrx_word' id='word_1_179' title='bbox 840 2157 984 2197; x_wconf 75' lang='lat' dir='ltr'>consecrata</span> 
     </span>
     <span class='ocr_line' id='line_1_25' title="bbox 212 2214 984 2279; baseline 0.001 -16"><span class='ocrx_word' id='word_1_180' title='bbox 212 2214 320 2279; x_wconf 82' lang='lat' dir='ltr'>prolana</span> <span class='ocrx_word' id='word_1_181' title='bbox 338 2214 501 2273; x_wconf 82' lang='lat' dir='ltr'>haberentur3</span> <span class='ocrx_word' id='word_1_182' title='bbox 531 2230 580 2277; x_wconf 91' lang='lat' dir='ltr'>quo</span> <span class='ocrx_word' id='word_1_183' title='bbox 602 2223 716 2279; x_wconf 88' lang='lat' dir='ltr'>tempore</span> <span class='ocrx_word' id='word_1_184' title='bbox 733 2217 812 2263; x_wconf 87' lang='lat' dir='ltr'>oratio</span> <span class='ocrx_word' id='word_1_185' title='bbox 830 2230 846 2264; x_wconf 84' lang='lat' dir='ltr'>n</span> <span class='ocrx_word' id='word_1_186' title='bbox 865 2214 984 2265; x_wconf 76' lang='lat' dir='ltr'>Cicerone</span> 
     </span>
     <span class='ocr_line' id='line_1_26' title="bbox 214 2282 981 2346; baseline -0.001 -14"><span class='ocrx_word' id='word_1_187' title='bbox 214 2282 409 2345; x_wconf 76' lang='lat' dir='ltr'>delamapiotou</span> <span class='ocrx_word' id='word_1_188' title='bbox 418 2282 689 2346; x_wconf 80' lang='lat' dir='ltr'>respooaobabitaest.</span> <span class='ocrx_word' id='word_1_189' title='bbox 720 2282 816 2332; x_wconf 86' lang='lat' dir='ltr'>Deinde</span> <span class='ocrx_word' id='word_1_190' title='bbox 826 2282 938 2333; x_wconf 83' lang='lat' dir='ltr'>delendit</span> <span class='ocrx_word' id='word_1_191' title='bbox 950 2284 981 2331; x_wconf 80' lang='lat' dir='ltr'>L.</span> 
     </span>
    </p>

    <p class='ocr_par' dir='ltr' id='par_1_8' title="bbox 179 2351 983 2745">
     <span class='ocr_line' id='line_1_27' title="bbox 179 2351 983 2424; baseline -0.005 -21"><span class='ocrx_word' id='word_1_192' title='bbox 179 2403 186 2424; x_wconf 57' lang='lat'>‚</span> <span class='ocrx_word' id='word_1_193' title='bbox 214 2351 356 2402; x_wconf 66' lang='lat' dir='ltr'>domnam</span> <span class='ocrx_word' id='word_1_194' title='bbox 367 2351 474 2402; x_wconf 73' lang='lat' dir='ltr'>Bulbum</span> <span class='ocrx_word' id='word_1_195' title='bbox 488 2351 648 2411; x_wconf 80' lang='lat' dir='ltr'>Gaditanum,</span> <span class='ocrx_word' id='word_1_196' title='bbox 667 2364 741 2413; x_wconf 81' lang='lat' dir='ltr'>quem</span> <span class='ocrx_word' id='word_1_197' title='bbox 759 2361 890 2400; x_wconf 82' lang='lat' dir='ltr'>aoeusator</span> <span class='ocrx_word' id='word_1_198' title='bbox 907 2366 983 2415; x_wconf 80' lang='lat' dir='ltr'>nega-</span> 
     </span>
     <span class='ocr_line' id='line_1_28' title="bbox 213 2418 983 2482; baseline -0.003 -12"><span class='ocrx_word' id='word_1_199' title='bbox 213 2429 283 2475; x_wconf 84' lang='lat' dir='ltr'>verat</span> <span class='ocrx_word' id='word_1_200' title='bbox 298 2421 473 2471; x_wconf 81' lang='lat' dir='ltr'>iure&#39;olvitate</span> <span class='ocrx_word' id='word_1_201' title='bbox 493 2421 622 2470; x_wconf 83' lang='lat' dir='ltr'>donatam.</span> <span class='ocrx_word' id='word_1_202' title='bbox 661 2418 748 2469; x_wconf 76' lang='lat' dir='ltr'>Paullo</span> <span class='ocrx_word' id='word_1_203' title='bbox 771 2427 829 2482; x_wconf 88' lang='lat' dir='ltr'>post</span> <span class='ocrx_word' id='word_1_204' title='bbox 845 2419 871 2467; x_wconf 90' lang='lat' dir='ltr'>in</span> <span class='ocrx_word' id='word_1_205' title='bbox 896 2428 983 2468; x_wconf 86' lang='lat' dir='ltr'>senatu</span> 
     </span>
     <span class='ocr_line' id='line_1_29' title="bbox 213 2486 981 2551; baseline -0.001 -14"><span class='ocrx_word' id='word_1_206' title='bbox 213 2486 300 2538; x_wconf 79' lang='lat' dir='ltr'>babuit</span> <span class='ocrx_word' id='word_1_207' title='bbox 318 2489 454 2538; x_wconf 79' lang='lat' dir='ltr'>orationem</span> <span class='ocrx_word' id='word_1_208' title='bbox 468 2489 500 2538; x_wconf 83' lang='lat' dir='ltr'>de</span> <span class='ocrx_word' id='word_1_209' title='bbox 512 2488 650 2551; x_wconf 66' lang='lat' dir='ltr'>mundis</span> <span class='ocrx_word' id='word_1_210' title='bbox 670 2486 852 2537; x_wconf 66' lang='lat' dir='ltr'>nemoribus.</span> <span class='ocrx_word' id='word_1_211' title='bbox 888 2488 981 2536; x_wconf 85' lang='lat' dir='ltr'>Eodem</span> 
     </span>
     <span class='ocr_line' id='line_1_30' title="bbox 213 2555 983 2618; baseline -0.004 -12"><span class='ocrx_word' id='word_1_212' title='bbox 213 2570 279 2606; x_wconf 82' lang='lat' dir='ltr'>anuo</span> <span class='ocrx_word' id='word_1_213' title='bbox 302 2557 414 2607; x_wconf 76' lang='lat' dir='ltr'>defendit</span> <span class='ocrx_word' id='word_1_214' title='bbox 432 2556 470 2606; x_wconf 77' lang='lat' dir='ltr'>M.</span> <span class='ocrx_word' id='word_1_215' title='bbox 497 2557 605 2607; x_wconf 68' lang='lat' dir='ltr'>oasam</span> <span class='ocrx_word' id='word_1_216' title='bbox 623 2557 655 2606; x_wconf 86' lang='lat' dir='ltr'>de</span> <span class='ocrx_word' id='word_1_217' title='bbox 678 2569 754 2612; x_wconf 84' lang='lat' dir='ltr'>suro,</span> <span class='ocrx_word' id='word_1_218' title='bbox 776 2556 844 2618; x_wconf 87' lang='lat' dir='ltr'>quod</span> <span class='ocrx_word' id='word_1_219' title='bbox 866 2555 983 2606; x_wconf 77' lang='lat' dir='ltr'>aclodia</span> 
     </span>
     <span class='ocr_line' id='line_1_31' title="bbox 213 2624 981 2691; baseline -0.004 -16"><span class='ocrx_word' id='word_1_220' title='bbox 213 2626 361 2691; x_wconf 79' lang='lat' dir='ltr'>sumpsisse,</span> <span class='ocrx_word' id='word_1_221' title='bbox 380 2633 403 2674; x_wconf 84' lang='lat' dir='ltr'>et</span> <span class='ocrx_word' id='word_1_222' title='bbox 422 2625 453 2675; x_wconf 91' lang='lat' dir='ltr'>de</span> <span class='ocrx_word' id='word_1_223' title='bbox 472 2638 582 2685; x_wconf 80' lang='lat' dir='ltr'>veneno,</span> <span class='ocrx_word' id='word_1_224' title='bbox 601 2624 669 2688; x_wconf 87' lang='lat' dir='ltr'>quod</span> <span class='ocrx_word' id='word_1_225' title='bbox 686 2626 710 2672; x_wconf 87' lang='lat' dir='ltr'>ei</span> <span class='ocrx_word' id='word_1_226' title='bbox 727 2637 829 2688; x_wconf 87' lang='lat' dir='ltr'>parasse</span> <span class='ocrx_word' id='word_1_227' title='bbox 845 2624 981 2683; x_wconf 79' lang='lat' dir='ltr'>dicebatur,</span> 
     </span>
     <span class='ocr_line' id='line_1_32' title="bbox 213 2703 365 2745; baseline -0.013 -1"><span class='ocrx_word' id='word_1_228' title='bbox 213 2703 365 2745; x_wconf 74' lang='lat' dir='ltr'>aranearum.</span> 
     </span>
    </p>

    <p class='ocr_par' dir='ltr' id='par_1_9' title="bbox 132 2744 982 3165">
     <span class='ocr_line' id='line_1_33' title="bbox 132 2744 982 2820; baseline -0.006 -6"><span class='ocrx_word' id='word_1_229' title='bbox 132 2756 139 2763; x_wconf 81' lang='grc'><strong>’</strong></span> <span class='ocrx_word' id='word_1_230' title='bbox 235 2744 276 2813; x_wconf 71' lang='grc' dir='ltr'>Ὀ.</span> <span class='ocrx_word' id='word_1_231' title='bbox 289 2762 367 2812; x_wconf 87' lang='lat' dir='ltr'>lullus</span> <span class='ocrx_word' id='word_1_232' title='bbox 378 2761 479 2820; x_wconf 79' lang='lat' dir='ltr'>Caesar,</span> <span class='ocrx_word' id='word_1_233' title='bbox 492 2762 603 2812; x_wconf 76' lang='lat' dir='ltr'>exercitu</span> <span class='ocrx_word' id='word_1_234' title='bbox 618 2762 645 2811; x_wconf 87' lang='lat' dir='ltr'>in</span> <span class='ocrx_word' id='word_1_235' title='bbox 657 2760 772 2812; x_wconf 82' lang='lat' dir='ltr'>hibernis</span> <span class='ocrx_word' id='word_1_236' title='bbox 784 2761 916 2820; x_wconf 77' lang='lat' dir='ltr'>sottoouo,</span> <span class='ocrx_word' id='word_1_237' title='bbox 931 2761 982 2810; x_wconf 89' lang='lat' dir='ltr'>dis-</span> 
     </span>
     <span class='ocr_line' id='line_1_34' title="bbox 214 2829 982 2893; baseline -0.008 -10"><span class='ocrx_word' id='word_1_238' title='bbox 214 2832 304 2883; x_wconf 78' lang='lat' dir='ltr'>oedem</span> <span class='ocrx_word' id='word_1_239' title='bbox 326 2832 352 2881; x_wconf 89' lang='lat' dir='ltr'>iu</span> <span class='ocrx_word' id='word_1_240' title='bbox 374 2829 471 2879; x_wconf 79' lang='lat' dir='ltr'>ltaliam</span> <span class='ocrx_word' id='word_1_241' title='bbox 492 2832 574 2881; x_wconf 80' lang='lat' dir='ltr'>Lucae</span> <span class='ocrx_word' id='word_1_242' title='bbox 598 2829 701 2880; x_wconf 82' lang='lat' dir='ltr'>hiemat.</span> <span class='ocrx_word' id='word_1_243' title='bbox 738 2829 773 2879; x_wconf 82' lang='lat' dir='ltr'>llo</span> <span class='ocrx_word' id='word_1_244' title='bbox 792 2829 940 2893; x_wconf 87' lang='lat' dir='ltr'>Pompeium</span> <span class='ocrx_word' id='word_1_245' title='bbox 958 2839 982 2878; x_wconf 91' lang='lat' dir='ltr'>et</span> 
     </span>
     <span class='ocr_line' id='line_1_35' title="bbox 213 2892 981 2964; baseline -0.008 -14"><span class='ocrx_word' id='word_1_246' title='bbox 213 2896 331 2950; x_wconf 75' lang='lat' dir='ltr'>Croesum</span> <span class='ocrx_word' id='word_1_247' title='bbox 343 2895 430 2957; x_wconf 62' lang='lat' dir='ltr'>&#39;vomu</span> <span class='ocrx_word' id='word_1_248' title='bbox 450 2914 506 2947; x_wconf 88' lang='lat' dir='ltr'>eum</span> <span class='ocrx_word' id='word_1_249' title='bbox 527 2901 609 2961; x_wconf 85' lang='lat' dir='ltr'>iisque</span> <span class='ocrx_word' id='word_1_250' title='bbox 626 2897 769 2964; x_wconf 72' lang='lat' dir='ltr'>proteritur,</span> <span class='ocrx_word' id='word_1_251' title='bbox 788 2906 815 2946; x_wconf 88' lang='lat' dir='ltr'>ut</span> <span class='ocrx_word' id='word_1_252' title='bbox 829 2892 905 2946; x_wconf 77' lang='lat' dir='ltr'>ambo</span> <span class='ocrx_word' id='word_1_253' title='bbox 924 2911 981 2944; x_wconf 89' lang='lat' dir='ltr'>cou-</span> 
     </span>
     <span class='ocr_line' id='line_1_36' title="bbox 214 2965 981 3030; baseline -0.01 -12"><span class='ocrx_word' id='word_1_254' title='bbox 214 2968 322 3018; x_wconf 82' lang='lat' dir='ltr'>sulatnm</span> <span class='ocrx_word' id='word_1_255' title='bbox 337 2967 442 3016; x_wconf 84' lang='lat' dir='ltr'>alterum</span> <span class='ocrx_word' id='word_1_256' title='bbox 459 2976 558 3030; x_wconf 62' lang='lat' dir='ltr'>mont,</span> <span class='ocrx_word' id='word_1_257' title='bbox 577 2975 602 3016; x_wconf 89' lang='lat' dir='ltr'>et</span> <span class='ocrx_word' id='word_1_258' title='bbox 618 2966 667 3016; x_wconf 79' lang='lat' dir='ltr'>lieo</span> <span class='ocrx_word' id='word_1_259' title='bbox 683 2967 779 3014; x_wconf 80' lang='lat' dir='ltr'>ratione</span> <span class='ocrx_word' id='word_1_260' title='bbox 792 2965 824 3015; x_wconf 66' lang='lat' dir='ltr'>l..</span> <span class='ocrx_word' id='word_1_261' title='bbox 843 2965 981 3014; x_wconf 90' lang='lat' dir='ltr'>Domitium</span> 
     </span>
     <span class='ocr_line' id='line_1_37' title="bbox 213 3030 981 3097; baseline -0.013 -10"><span class='ocrx_word' id='word_1_262' title='bbox 213 3037 344 3086; x_wconf 72' lang='lat' dir='ltr'>consulatu</span> <span class='ocrx_word' id='word_1_263' title='bbox 363 3036 508 3088; x_wconf 80' lang='lat' dir='ltr'>detrudant.</span> <span class='ocrx_word' id='word_1_264' title='bbox 528 3037 572 3097; x_wconf 85' lang='lat' dir='ltr'>qui</span> <span class='ocrx_word' id='word_1_265' title='bbox 591 3037 698 3085; x_wconf 84' lang='lat' dir='ltr'>minatus</span> <span class='ocrx_word' id='word_1_266' title='bbox 717 3042 769 3082; x_wconf 83' lang='lat' dir='ltr'>arat</span> <span class='ocrx_word' id='word_1_267' title='bbox 786 3048 829 3090; x_wconf 83' lang='lat' dir='ltr'>sa,</span> <span class='ocrx_word' id='word_1_268' title='bbox 853 3034 876 3080; x_wconf 86' lang='lat' dir='ltr'>sl</span> <span class='ocrx_word' id='word_1_269' title='bbox 894 3030 981 3080; x_wconf 89' lang='lat' dir='ltr'>oonsul</span> 
     </span>
     <span class='ocr_line' id='line_1_38' title="bbox 213 3103 845 3165; baseline -0.009 -12"><span class='ocrx_word' id='word_1_270' title='bbox 213 3104 293 3154; x_wconf 79' lang='lat' dir='ltr'>laetus</span> <span class='ocrx_word' id='word_1_271' title='bbox 310 3114 385 3163; x_wconf 85' lang='lat' dir='ltr'>esset,</span> <span class='ocrx_word' id='word_1_272' title='bbox 403 3103 503 3153; x_wconf 78' lang='lat' dir='ltr'>Caesari</span> <span class='ocrx_word' id='word_1_273' title='bbox 521 3104 645 3152; x_wconf 82' lang='lat' dir='ltr'>exereitus</span> <span class='ocrx_word' id='word_1_274' title='bbox 662 3103 845 3165; x_wconf 84' lang='lat' dir='ltr'>adempturum.</span> 
     </span>
    </p>

    <p class='ocr_par' dir='ltr' id='par_1_10' title="bbox 62 3160 1052 3291">
     <span class='ocr_line' id='line_1_39' title="bbox 62 3160 1052 3234; baseline -0.007 -14"><span class='ocrx_word' id='word_1_275' title='bbox 62 3165 92 3220; x_wconf 61' lang='grc' dir='ltr'><strong>Β</strong></span> <span class='ocrx_word' id='word_1_276' title='bbox 139 3165 178 3216; x_wconf 74' lang='lat'>5⁶</span> <span class='ocrx_word' id='word_1_277' title='bbox 213 3171 283 3223; x_wconf 82' lang='lat' dir='ltr'>Coss.</span> <span class='ocrx_word' id='word_1_278' title='bbox 311 3172 356 3223; x_wconf 77' lang='lat' dir='ltr'>On.</span> <span class='ocrx_word' id='word_1_279' title='bbox 375 3172 506 3233; x_wconf 76' lang='lat' dir='ltr'>Pompeius</span> <span class='ocrx_word' id='word_1_280' title='bbox 523 3171 634 3234; x_wconf 67' lang='lat' dir='ltr'>Mopsus</span> <span class='ocrx_word' id='word_1_281' title='bbox 649 3170 700 3228; x_wconf 68' lang='lat'>11„</span> <span class='ocrx_word' id='word_1_282' title='bbox 719 3170 758 3219; x_wconf 89' lang='lat' dir='ltr'>M.</span> <span class='ocrx_word' id='word_1_283' title='bbox 777 3168 888 3217; x_wconf 77' lang='lat' dir='ltr'>La‘oinr&#39;ur</span> <span class='ocrx_word' id='word_1_284' title='bbox 905 3166 981 3216; x_wconf 84' lang='lat' dir='ltr'>Croe-</span> <span class='ocrx_word' id='word_1_285' title='bbox 1016 3160 1052 3214; x_wconf 65' lang='lat'>52</span> 
     </span>
     <span class='ocr_line' id='line_1_40' title="bbox 314 3241 413 3291; baseline -0.02 -1"><span class='ocrx_word' id='word_1_286' title='bbox 314 3257 357 3291; x_wconf 83' lang='lat' dir='ltr'>sus</span> <span class='ocrx_word' id='word_1_287' title='bbox 375 3241 413 3289; x_wconf 91' lang='lat' dir='ltr'>II.</span> 
     </span>
    </p>
   </div>
   <div class='ocr_carea' id='block_1_3' title="bbox 213 3399 979 3508">
    <p class='ocr_par' dir='ltr' id='par_1_11' title="bbox 213 3399 979 3508">
     <span class='ocr_line' id='line_1_41' title="bbox 241 3399 979 3455; baseline 0 -13"><span class='ocrx_word' id='word_1_288' title='bbox 241 3402 261 3454; x_wconf 80' lang='lat' dir='ltr'>l)</span> <span class='ocrx_word' id='word_1_289' title='bbox 276 3402 304 3442; x_wconf 73' lang='lat' dir='ltr'>ad</span> <span class='ocrx_word' id='word_1_290' title='bbox 319 3404 364 3451; x_wconf 75' lang='lat' dir='ltr'>stt.</span> <span class='ocrx_word' id='word_1_291' title='bbox 376 3404 411 3447; x_wconf 84' lang='lat' dir='ltr'>lV.</span> <span class='ocrx_word' id='word_1_292' title='bbox 428 3406 446 3446; x_wconf 85' lang='grc'>1,</span> <span class='ocrx_word' id='word_1_293' title='bbox 463 3414 502 3454; x_wconf 83' lang='lat' dir='ltr'>pro</span> <span class='ocrx_word' id='word_1_294' title='bbox 517 3401 577 3446; x_wconf 60' lang='lat' dir='ltr'>Sul.</span> <span class='ocrx_word' id='word_1_295' title='bbox 588 3400 623 3444; x_wconf 77' lang='lat'>63.</span> <span class='ocrx_word' id='word_1_296' title='bbox 640 3401 662 3441; x_wconf 85' lang='lat' dir='ltr'>ln</span> <span class='ocrx_word' id='word_1_297' title='bbox 675 3399 779 3441; x_wconf 60' lang='lat' dir='ltr'>Hom</span> <span class='ocrx_word' id='word_1_298' title='bbox 792 3400 827 3444; x_wconf 68' lang='grc' dir='ltr'>Ὦ.</span> <span class='ocrx_word' id='word_1_299' title='bbox 855 3406 877 3455; x_wconf 72' lang='lat'>2)</span> <span class='ocrx_word' id='word_1_300' title='bbox 892 3401 920 3445; x_wconf 73' lang='lat' dir='ltr'>nd</span> <span class='ocrx_word' id='word_1_301' title='bbox 934 3402 979 3442; x_wconf 68' lang='lat' dir='ltr'>Ali.</span> 
     </span>
     <span class='ocr_line' id='line_1_42' title="bbox 213 3453 565 3508; baseline 0.006 -12"><span class='ocrx_word' id='word_1_302' title='bbox 213 3453 249 3501; x_wconf 74' lang='grc' dir='ltr'>Ν,</span> <span class='ocrx_word' id='word_1_303' title='bbox 264 3455 321 3501; x_wconf 69' lang='grc' dir='ltr'>Μ,</span> <span class='ocrx_word' id='word_1_304' title='bbox 350 3457 372 3508; x_wconf 71' lang='lat' dir='ltr'>d)</span> <span class='ocrx_word' id='word_1_305' title='bbox 386 3457 414 3497; x_wconf 78' lang='lat' dir='ltr'>ed</span> <span class='ocrx_word' id='word_1_306' title='bbox 430 3459 476 3498; x_wconf 75' lang='lat' dir='ltr'>att.</span> <span class='ocrx_word' id='word_1_307' title='bbox 494 3455 529 3498; x_wconf 74' lang='grc' dir='ltr'>Ν.</span> <span class='ocrx_word' id='word_1_308' title='bbox 545 3456 565 3498; x_wconf 74' lang='lat' dir='ltr'>d.</span> 
     </span>
    </p>
   </div>
   <div class='ocr_carea' id='block_1_4' title="bbox 0 0 1182 3854">
    <p class='ocr_par' dir='ltr' id='par_1_12' title="bbox 0 0 1182 3854">
     <span class='ocr_line' id='line_1_43' title="bbox 0 0 1182 3854; baseline 0 3"><span class='ocrx_word' id='word_1_309' title='bbox 0 0 1182 3854; x_wconf 95' lang='lat' dir='ltr'> </span> 
     </span>
    </p>
   </div>
  </div>
 </body>
</html>
