2356 3854
361 151 730 240 cAP.s-a.s.s—1r.
804 210 806 215 .
1000 157 1063 237 425
1132 171 1135 191 ¹

62 321 104 364 em
120 318 167 361 me
182 316 322 375 umquam
338 300 413 360 istas
428 299 542 360 litteras
557 302 596 362 ad
614 311 642 364 te
658 301 801 364 misisset
833 321 893 378 qno
916 322 965 381 me
985 315 1062 367 teste

62 387 224 446 onvincast
254 384 302 442 An
326 383 558 479 chirographon
567 386 597 443 in
614 402 675 458 quo
689 385 783 445 habes
798 387 953 448 scientiam
970 405 1061 461 quae-

62 484 180 528 uosam.
200 466 256 539 Qui
275 466 398 541 possis?
417 465 498 525 Sunt
511 465 589 525 enim
605 467 718 526 librarii
732 484 831 529 manu
858 472 921 530 taur
939 471 1060 531 invideo

62 551 178 624 agistro
194 558 260 620 tuo,
283 550 335 623 qui
351 556 378 608 te
393 557 475 609 tanta
490 551 647 622 mercede,
669 553 833 622 quantum
826 567 883 612 ram
899 555 1059 637 proteram,

62 633 107 691 hil
123 649 232 706 sapere
247 593 364 692 doceat
406 629 436 690 9.
454 631 530 704 Quid
551 641 599 692 est
619 631 699 692 enim
714 632 812 692 minus
834 651 894 694 non
909 624 982 695 dieo
993 654 1059 696 ora-

62 717 123 786 ·ris,
139 716 194 776 sed
203 715 341 780 hominis
356 730 446 787 qnam
462 714 493 772 id
506 714 641 774 obiicere
656 715 714 773 adt
717 731 848 786 arserio,
872 719 954 792 quod
968 718 1058 779 itte·
1033 737 1060 779 st

62 800 127 859 erbo
144 799 266 872 negarit,
284 796 404 869 longius
421 797 561 871 progredi
576 812 635 858 non
652 797 750 871 possit
764 797 816 872 qui
834 798 999 860 obiecerit?
1020 803 1061 862 tt

62 898 92 954 ro
109 898 168 941 non
183 897 277 954 nego,
298 887 389 952 teque
403 878 432 936 in
448 878 505 939 isto
522 881 590 954 ipso
607 880 755 940 convinco
780 897 840 940 non
863 880 1060 942 inhumanita-

62 967 201 1035 ssolum,
223 963 279 1022 sed
300 961 388 1020 etiam
404 962 562 1022 amentiae.
601 962 688 1035 Quod
709 964 789 1022 enim
804 963 975 1022 verbumin
993 966 1060 1025 istis

62 1049 138 1108 teris
160 1055 207 1106 est
229 1061 290 1104 non
311 1046 433 1117 plenum
451 1044 657 1118 humanitatis,
678 1046 786 1119 officii,
808 1047 1061 1107 benevolentiaet

62 1147 128 1188 mne
149 1136 248 1187 autem
266 1125 378 1185 crimen
392 1129 550 1199 tuumest,
572 1129 656 1202 quod
671 1129 710 1187 de
727 1138 755 1189 te
770 1129 799 1188 in
815 1129 863 1188 his
879 1128 984 1188 titteris
999 1145 1058 1188 non

63 1215 110 1270 ate
122 1211 305 1279 existimem,
324 1210 406 1283 quod
421 1209 550 1269 scribam
565 1220 716 1286 tamquam
730 1213 769 1270 ad
785 1210 890 1284 civem,
908 1220 1060 1286 tamquam

62 1296 200 1352 thanum
213 1293 326 1364 virum,
348 1309 408 1352 non
427 1301 580 1367 tamquam
601 1295 640 1353 ad
663 1296 844 1354 sceleratum
861 1302 890 1354 et
903 1296 1059 1355 iatronem.

62 1387 144 1450 tego
162 1384 226 1436 tuas
244 1376 373 1454 litteras,
398 1376 455 1435 etsi
477 1376 542 1436 iure
563 1387 698 1451 poteram
721 1395 739 1436 a
760 1385 789 1436 te
813 1377 992 1450 lacessitus,
1014 1385 1057 1438 ta-

63 1476 100 1519 en
117 1476 176 1518 non
195 1460 360 1538 proteram:
377 1458 486 1533 quibus
502 1460 580 1534 petis
597 1470 629 1521 ut
645 1461 697 1521 tibi
712 1477 767 1534 per
783 1478 831 1520 me
847 1460 937 1520 liceat
953 1476 1057 1535 quem·

62 1560 100 1601 rm
122 1543 160 1600 de
177 1541 290 1601 'exsilio
311 1542 473 1615 reducere,
496 1542 680 1619 adiurasque
705 1544 734 1602 id
755 1551 784 1604 te
809 1544 903 1604 invito
925 1560 972 1602 me
997 1561 1058 1604 non

62 1642 101 1684 ise
117 1626 277 1696 iacturum,
295 1625 388 1699 idque
402 1642 420 1684 a
433 1641 481 1684 me
496 1625 648 1700 impetras.
675 1625 751 1698 Quid
767 1628 845 1685 enim
861 1644 909 1687 me
925 1626 1058 1702 interpo-

62 1724 132 1767 trem
147 1707 318 1766 audaciaet
306 1715 389 1778 tu,ae
416 1724 504 1781 quam
527 1725 627 1782 neque
650 1711 813 1769 auctoritas
833 1709 923 1769 huius
945 1709 1059 1770 ordinis

62 1808 129 1865 tque
145 1789 325 1850 existimatio
349 1789 457 1864 populi
469 1791 597 1850 Romani
615 1807 717 1876 neque
740 1792 823 1865 teges
837 1794 916 1852 ultae
931 1803 1059 1868 possent

62 1877 194 1933 »arceret
237 1872 285 1933 10.
300 1875 413 1932 Verum
429 1881 526 1933 tamen
544 1860 620 1949 quid
634 1882 698 1934 erat
715 1875 798 1948 quod
814 1892 861 1934 me
876 1891 1017 1950 rogares,
1032 1875 1058 1935 si

62 1966 95 2016 at
110 1957 153 2029 is,
172 1957 210 2016 de
226 1973 287 2031 quo
302 1956 450 2030 rogabas,
466 1955 603 2016 Caesaris
618 1958 684 2031 iege
700 1959 867 2019 reductus?
895 1957 957 2018 Sed
975 1958 1059 2018 vide·-

62 2049 99 2099 et
116 2054 211 2098 meam
229 2038 352 2114 gratiam
369 2038 465 2099 voluit
477 2055 556 2114 esse,
570 2041 600 2099 in
617 2056 678 2116 quo
694 2056 733 2141 ne
747 2041 844 2117 ipsius
861 2043 982 2116 quidem
998 2034 1059 2101 ulia

62 2138 101 2182 se
122 2131 239 2196 poterat
252 2123 319 2196 lege
335 2124 404 2183 lata.

111 2206 148 2262 V
171 2204 232 2264 Sed
250 2223 341 2280 quum
353 2205 433 2283 mihi,
450 2216 552 2282 patres
568 2205 748 2281 conscripti,
764 2215 793 2267 et
808 2224 863 2282 pro
879 2223 927 2266 me
943 2205 1058 2280 aliquid

72 2287 103 2345 in
121 2289 160 2345 M.
177 2283 339 2363 Antonium
354 2292 447 2350 multa
462 2290 590 2350 dicenda
606 2291 680 2361 sint,
695 2291 821 2348 atterum
837 2299 907 2364 peto
923 2306 941 2348 a
960 2288 1056 2359 vobis,

83 2387 131 2445 me
152 2388 207 2445 pro
228 2389 275 2431 me
296 2372 442 2432 dicentem
463 2373 609 2448 benigne,
631 2374 756 2431 atterum
777 2371 844 2446 ipse
865 2370 995 2431 efficiam
1015 2379 1056 2442 ut,

62 2463 135 2513 »ntra
149 2456 230 2513 iilum
244 2456 464 2529 quum-dicam,
487 2464 599 2516 attente
616 2454 756 2514 audiatis.
789 2454 883 2514 Simul
898 2453 971 2525 iilud
985 2471 1055 2515 oro:

73 2553 171 2596 meam
196 2554 287 2611 quum
306 2539 337 2596 in
357 2540 439 2598 omni
458 2541 520 2599 vita
540 2546 603 2597 tum
624 2537 800 2597 indicendo
817 2536 1055 2597 moderationem

62 2621 268 2694 odestiamque
284 2621 454 2694 cognostis,
471 2640 509 2682 ne
524 2639 572 2682 me
586 2621 692 2692 hodie,
709 2639 802 2695 quum
817 2620 881 2693 isti,
896 2627 928 2680 ut
943 2636 1054 2694 provo·
1122 2655 1126 2666 ι

62 2703 123 2772 .vit,
140 2704 346 2821 respondero,
370 2702 495 2763 oblitum
515 2720 586 2771 esse
606 2702 802 2779 putetismei.
834 2705 901 2764 Non
917 2703 1053 2776 tractabo

75 2787 262 2845 consumam
278 2801 317 2850 ne
337 2786 387 2844 ilie
415 2785 536 2860 quidem
556 2803 603 2845 me
628 2796 661 2845 ut
680 2791 880 2848 consularem.
915 2783 981 2844 Etsi
1005 2784 1055 2843 ilie

62 2870 110 2927 rito
125 2870 216 2928 modo
233 2869 353 2939 consul,
377 2869 424 2927 vel
448 2868 531 2942 quod
554 2868 594 2928 ita
614 2867 688 2928 vivit
701 2873 750 2929 vet
769 2871 874 2966 quod
867 2879 920 2928 tta
920 2884 984 2927 rem
999 2883 1054 2941 pu-

62 2952 137 3010 icam
157 2953 232 3025 gerit
251 2952 299 3009 vel
322 2950 405 3024 quod
425 2949 466 3010 ita
487 2951 584 3011 tactus
605 2959 668 3011 est:
691 2968 749 3026 ego
770 2952 837 3011 sine
857 2941 917 3010 ulta
935 2958 1054 3009 contro-

62 3036 129 3094 usia
143 3034 335 3093 consularis
366 3031 414 3094 11.
430 3033 489 3092 Ut
483 3032 571 3106 igitur
582 3032 788 3111 intelligeretis
802 3031 944 3108 qualem
936 3048 1005 3105 ipse
1020 3048 1054 3090 se

62 3119 184 3176 ›nsulem
207 3116 412 3191 profiteretur,
435 3115 545 3183 obiecit
565 3113 637 3175 mihi
652 3119 841 3177 consulatum
857 3132 965 3175 meum.
999 3099 1055 3187 Qui

62 3201 204 3259 insulatus
213 3199 305 3257 verbo
320 3214 417 3271 meus,
432 3205 533 3270 patres
547 3197 720 3272 conscripti,
730 3215 768 3258 re
784 3207 884 3259 vester
896 3199 957 3257 tuit.
974 3195 1053 3270 Quid

62 3283 108 3340 iim
132 3299 188 3356 ego
211 3280 367 3351 constitui,
389 3280 462 3355 quid
482 3279 581 3354 gessi,
604 3281 677 3354 quid
700 3281 749 3355 egi
768 3281 827 3340 nisi
842 3297 879 3340 ex
897 3280 987 3352 huius
1004 3295 1054 3338 or-

62 3363 108 3423 nis
126 3363 262 3432 consitio,
279 3363 464 3433 auctoritate,
481 3363 650 3423 sententiat
668 3364 751 3423 Haeo
766 3371 798 3424 tu
812 3363 903 3424 homo
919 3360 1054 3439 sepiens,
