2356 3854
80 167 144 231 312
342 162 416 223 aaa
434 162 490 222 cn.
505 161 667 221 annucio
689 160 842 221 anano.
905 232 910 237 ,
936 124 966 251 4.ss

87 315 183 378 tuisse
198 313 347 385 clamitas,
363 327 431 391 sam
444 308 552 372 tribum
568 310 722 385 protecto,
739 238 992 379 'severiss'iss
1053 308 1116 372 dm

85 397 188 460 sertim
203 396 357 457 huminum
374 402 403 454 et
416 393 679 469 gravissimorum,
694 393 787 453 edere
801 380 941 455 debuisti.
975 390 1041 451 tt
1066 380 1118 477 ‚Vct

84 480 203 543 tiniam=
223 479 295 538 libet
307 479 387 538 enim
407 477 460 538 tibi
477 476 581 537 nescio
597 475 668 551 quid
689 475 778 536 etiam
795 475 837 534 de
850 474 901 534 iile
917 474 988 536 tribu
1000 472 1095 553 ⁶¹3}

85 563 161 624 nari.
185 582 189 587 ·
204 563 290 622 Hanc
303 559 394 635 igitur
408 560 507 641 ipsam
523 575 577 619 cur
588 575 649 619 ncn
664 559 801 618 edidistis
814 555 1031 631 autumando
1046 556 1087 613 d
1109 578 1118 617 r

83 645 249 708 Lemonia?
271 642 345 718 quid
364 659 432 703 cum
447 641 609 702 Ufentina?
636 641 710 715 qnid
729 657 798 701 cnm
820 639 1035 703 Clustuminam
1109 642 1118 724 'r

83 727 246 800 Maeciam,
265 743 325 787 uon
342 742 420 801 qaae
434 724 596 798 iudicaret,
616 725 673 784 sed
691 740 770 798 quae
784 723 1037 785 redamantem·

86 811 177 872 luisti.
220 809 271 871 39.
286 808 436 869 Dubitatis
452 808 557 882 igitur,
575 807 702 877 iudices,
725 807 797 881 quin
812 822 871 866 vos
885 807 926 865 M.
1106 867 1108 875 p

87 911 143 955 suo
158 893 286 965 iudicio,
303 909 364 951 non
379 893 419 951 ad
433 890 610 951 sententiam
624 888 710 962 tegis,
727 889 783 949 sed
798 889 838 948 ad
853 904 941 949 suam
955 905 971 949 s

87 992 177 1053 quam
192 977 231 1035 de
246 973 365 1036 civitate
382 973 547 1048 delegerit?
562 971 704 1032 dubitatis
720 971 793 1046 quin
809 987 864 1032 eas
878 874 1073 1129 tribnsfitss

78 1060 145 1137 >bus
168 1073 295 1133 magnas
323 1056 567 1116 necessitudines
588 1054 679 1114 habet
694 1054 851 1127 Plancius,
872 1071 965 1131 quum
984 1052 1026 1112 ille
1107 1092 1117 1121 .,

87 1138 231 1213 ediderit,
254 1138 394 1199 iudicarit
414 1138 524 1198 citiciis
541 1138 579 1196 ab
596 1137 655 1197 hcc
670 1136 865 1211 observatas,
880 1154 942 1198 non
957 1133 1074 1211 metm

86 1230 266 1296 corruptasr
290 1219 368 1295 Quid
382 1221 461 1280 enim
475 1228 576 1296 potest
590 1220 690 1278 dicere
705 1235 760 1280 eur
787 1220 790 1225 '
844 1219 941 1281 editio
957 1236 1016 1280 non
1026 1232 1076 1278 sm·

85 1321 164 1364 nram
177 1305 288 1364 habeat
301 1302 504 1374 acerbitatem,
520 1311 636 1362 remota
648 1302 767 1362 ratione
822 1300 834 1307 ''
855 1320 950 1378 quam
965 1303 996 1363 ic
1008 1303 1080 1362 decr

85 1387 186 1447 nendo
199 1386 297 1446 secuti
309 1392 438 1446 sumus?
450 1385 500 1446 to.
515 1386 558 1444 Tu
573 1385 688 1459 deligas
699 1400 736 1444 ex
752 1383 835 1446 omni
848 1387 968 1460 populo
980 1394 1028 1445 ant
1037 1381 1084 1443 rui·

86 1485 141 1529 cos
156 1477 226 1528 tuus
240 1477 292 1528 aut
304 1468 443 1527 inimicos
461 1483 546 1528 meos
558 1475 610 1526 aut
624 1466 756 1542 denique
767 1484 832 1539 eos,
848 1484 930 1543 quos
942 1464 1085 1535 inexorati

86 1553 141 1624 ies,
158 1567 237 1626 quos
252 1551 441 1623 inhumanos,
457 1566 536 1624 quos
549 1550 688 1611 crudeles
699 1549 871 1610 existimes:
886 1558 920 1611 tu
934 1567 987 1615 mc
999 1551 1089 1626 ignaru

86 1623 296 1708 necdpinante‚
314 1633 413 1694 inscio
423 1641 511 1693 nutes
523 1642 553 1692 et
566 1642 635 1692 tuos
652 1638 682 1691 et
696 1640 813 1693 tuorum
827 1633 998 1694 amicorum
1009 1646 1091 1694 nece
1116 1638 1118 1659 '

69 1745 71 1749 ·
87 1716 202 1790 sarias,
218 1716 402 1791 veliniquos
424 1717 472 1776 vel
486 1732 572 1774 meos
589 1715 637 1774 vei
654 1715 743 1775 etiam
757 1716 958 1776 defensorum
973 1729 1093 1783 maurum
1116 1754 1118 1771 .

87 1800 258 1875 eodemque
274 1799 432 1874 adiungas,
448 1814 527 1874 quos
541 1806 646 1857 natura
663 1805 752 1872 putea
769 1814 901 1874 asperus
911 1807 1009 1875 atquc
1021 1796 1094 1860 omui·

84 1882 144 1942 bus
170 1883 308 1958 iniqu0s=
328 1883 439 1943 deinde
459 1881 598 1941 effundas
619 1889 758 1954 repente,
782 1889 816 1942 ut
837 1890 908 1942 ants
935 1895 1118 1944 consectum·

36 2006 40 2013 ,
86 1980 221 2024 meorum
241 1965 374 2024 iudicum
397 1965 514 2023 videam
539 1979 628 2037 quam
650 1962 798 2036 potuerim
823 1962 877 2038 qui
897 1974 1008 2027 essent
1027 1959 1098 2025 tuni

87 2046 246 2119 suspicari,
258 2047 339 2120 apud
352 2063 469 2120 eosque
481 2063 538 2118 me,
553 2063 591 2104 ne
603 2046 738 2120 quinque
751 2046 872 2120 quidem
886 2048 1021 2121 reiectis,
1033 2043 1097 2122 quud

19 2190 23 2194 ,
86 2127 117 2186 in
132 2127 272 2202 proximo
290 2145 343 2187 rec
361 2130 400 2189 de
417 2129 535 2189 consilii
550 2127 699 2205 sententia
713 2130 907 2189 constitutum
925 2140 998 2206 est,
1023 2142 1097 2203 cusu

86 2227 211 2271 cuasam
236 2212 274 2270 de
296 2211 422 2272 fortunis
444 2211 584 2270 omnibus
605 2210 728 2270 dicerer
752 2209 803 2272 tt.
817 2207 885 2272 Non
905 2213 1006 2286 enim,
1019 2213 1046 2273 si
1061 2216 1098 2269 ant

86 2293 229 2354 Plancius
240 2294 282 2353 ita
296 2294 379 2367 vixit,
391 2303 424 2354 ut
437 2293 605 2353 offenderet
618 2292 721 2353 aciens
732 2294 891 2365 neminem,
908 2306 964 2356 aut
975 2304 1007 2358 tu
1017 2295 1055 2356 ite
1064 2308 1097 2353 ar·

84 2375 168 2446 rasti,
187 2385 220 2436 ut
230 2393 285 2436 eos
300 2377 409 2437 ederes
423 2376 611 2453 imprudens,
628 2385 660 2435 ut
673 2393 731 2437 nos
742 2376 836 2438 invita
850 2385 881 2437 te
896 2383 1001 2438 tamen
1016 2378 1052 2437 cd
1065 2375 1097 2434 in

86 2456 183 2531 dices,
197 2475 256 2517 non
272 2459 311 2518 ad
326 2461 485 2520 carnifices
499 2459 685 2531 veniremus,
697 2457 811 2520 idcirco
827 2460 888 2520 istu
901 2461 1001 2522 editio
1013 2475 1064 2536 per
1073 2470 1098 2516 at

85 2554 147 2597 non
161 2541 272 2599 acerba
285 2550 342 2601 est.

146 2621 240 2680 XVII.
266 2625 314 2680 An
336 2639 409 2683 vero
429 2640 527 2698 nuper
542 2624 700 2687 clarissimi
715 2625 799 2685 cives
817 2640 929 2684 nomen
946 2622 1097 2686 editiciiin·

85 2702 163 2763 dicis
174 2719 234 2764 non
248 2706 386 2777 tulerunt,
399 2723 490 2780 quum
505 2724 545 2767 ex
559 2725 635 2768 cxxv
648 2708 808 2780 iudicibus,
820 2707 1015 2784 principibus
1025 2712 1096 2779 aque

85 2787 156 2846 stris
178 2786 309 2860 ordinis,
329 2786 465 2863 quinque
484 2797 513 2849 et
528 2807 590 2851 axx
602 2808 675 2852 reus
689 2791 841 2861 reficeret,
862 2793 1036 2861 traferret,
1048 2802 1096 2846 cn

20 2939 23 2948 Ι
84 2869 196 2945 niaque
214 2869 316 2945 potius
329 2871 578 2946 permiscuerunt,
597 2890 686 2949 quam
698 2874 726 2934 ei
740 2872 800 2947 legi
813 2872 1094 2949 condicioniquem

83 2962 199 3014 rerant=
213 2970 270 3014 noa
289 2970 390 3028 neque
402 2971 442 3014 ex
456 2956 582 3016 deiectis
593 2955 754 3027 iudicibus,
771 2955 827 3015 sed
838 2971 879 3015 ex
891 2956 980 3016 omni
993 2951 1092 3032 p'cprlu

83 3052 185 3112 neque
200 3037 300 3098 editos
314 3038 354 3113 cd
371 3037 582 3110 reiiciendum,
604 3040 659 3098 scd
683 3039 721 3098 ab
737 3046 916 3099 accusatore
933 3037 1091 3100 consutum

83 3117 200 3179 indices
214 3120 255 3180 itu
273 3123 420 3195 feremus,
439 3130 471 3181 ut
487 3121 636 3181 neminem
650 3121 845 3181 reiiciamust
863 3121 914 3181 tc.
933 3122 1040 3196 Neque
1051 3126 1092 3207 cti

84 3212 165 3258 nunc
179 3202 255 3274 tegis
270 3202 457 3279 imquitatem
474 3221 599 3278 queror,
624 3205 679 3264 sed
700 3204 812 3264 iactum
834 3212 917 3263 tuum
932 3221 954 3264 a
969 3203 1092 3265 senuna

82 3278 160 3352 legis
174 3283 272 3343 doceo
290 3285 482 3360 discrepare=
503 3296 533 3347 et
553 3286 627 3346 ittud
644 3287 787 3346 acerbum
801 3285 949 3345 iudicium
965 3286 1007 3357 si,
1023 3290 1091 3357 quw

78 3360 123 3441 ¹ud
136 3364 259 3422 modum
273 3378 397 3428 senatus
412 3370 530 3428 censuit
543 3369 740 3443 populusque
757 3367 854 3440 iussit,
870 3367 911 3428 ita
929 3363 1091 3437 fecissesd
