2356 3854
959 77 973 103 's

89 182 130 245 ec
164 151 184 182 ²
322 149 883 241 ruc.vaannmacr.n.marv.

90 351 150 409 que
163 333 370 407 Tlepolemus:
389 347 492 406 neque
510 331 676 406 quidquam
699 349 739 391 ex
756 335 825 392 lano
842 333 978 409 Chrysae
994 351 1009 407 p

89 434 180 476 unum
196 416 411 490 perparvulum
428 415 547 488 signum
564 430 604 473 ex
620 431 691 474 aere
706 416 910 475 desideratum
925 425 982 475 est.

113 559 120 570 ,
171 495 220 560 97.
235 497 339 558 llllalris
355 514 481 571 magnae
496 499 597 557 lanum
607 500 699 579 apud,
708 498 864 572 Enguinos
879 508 936 558 est.
957 499 1009 557 lan

89 599 150 644 non
166 583 257 642 modo
274 581 405 641 breviter
419 581 490 639 mihi
505 582 614 640 denno
628 598 751 656 quoque
767 582 939 654 dicendum,
955 585 1009 641 sed

89 665 309 741 praetereunda
324 665 467 726 videntur,
480 681 550 723 esse
565 666 726 738 permulta,
747 671 779 725 ut
799 666 839 725 ad
852 665 969 723 maiora
983 667 1009 725 is

89 747 380 809 illustriora'inhoc
398 763 509 821 genere
525 748 604 807 lurta
625 760 654 806 et
675 748 791 806 scelera
803 747 972 806 veniamus.
999 751 1009 806 l

89 833 285 892 fanoloricas
301 831 468 905 galeasque
482 834 609 902 aeneas,
628 832 758 890 caelatas
779 847 871 905 opere
891 830 1009 890 Corinth

89 915 233 989 driasque
255 915 402 988 grandes,
424 913 512 972 simili
528 913 563 983 in
584 928 695 986 genere
716 922 806 988 atque
829 914 936 972 eadem
958 922 1009 972 art«

89 1000 200 1071 lectas,
222 997 306 1056 idem>
323 997 373 1055 ille
388 995 506 1070 Scipio,
530 996 575 1082 vip
590 995 728 1056 omnibus
746 997 838 1055 rebus
859 998 1009 1069 praecelle

88 1099 170 1152 muS,
185 1088 329 1154 posuerat
345 1087 374 1138 et
388 1095 476 1151 suum
489 1096 598 1138 nomen
615 1079 819 1154 inscripserat.
841 1079 918 1151 Quid
929 1079 1009 1138 iam‹

20 1180 30 1197 ··
89 1166 175 1241 plura
193 1162 291 1221 dicam
307 1169 357 1220 aut
375 1170 503 1235 querar?
525 1160 630 1222 Omnia
644 1162 709 1232 illa,
733 1162 859 1236 indices
877 1162 1009 1222 abstulit:

87 1248 118 1304 in
132 1243 361 1318 religiosissimo
378 1245 447 1303 lano
464 1253 582 1318 praeter
596 1245 725 1319 vestigia
744 1245 874 1304 violatae
888 1245 1009 1318 religion

88 1344 219 1401 menque
239 1326 270 1385 P.
297 1326 449 1401 Scipionis
470 1318 605 1401 reliquit:
626 1328 758 1387 hostium
781 1327 895 1401 spolia,
919 1346 1009 1388 monu

88 1410 311 1485 imperatorum,
325 1410 439 1469 decora
456 1418 547 1482 atque
564 1419 739 1470 ornamenta
750 1412 889 1470 fanorum
904 1412 1009 1485 posthc

13 1508 20 1517 ²
88 1492 253 1568 praeclaris
268 1492 441 1552 nominibus
457 1491 588 1566 amissis,
605 1493 635 1551 in
648 1493 844 1552 instrumento
860 1504 953 1568 atque
968 1495 998 1553 in

87 1576 186 1637 lectile
200 1578 230 1634 C.
246 1574 352 1658 Verris
368 1575 609 1635 nominabuntur.
637 1575 686 1636 98.
702 1577 746 1636 Tu
766 1577 907 1636 videlicet
929 1579 1009 1637 solus

88 1656 248 1720 Corinthiis
264 1659 439 1718 delectaris:
457 1668 489 1719 tu
503 1659 584 1719 illius
598 1659 678 1719 aeris
696 1658 953 1733 temperationem,
981 1670 1009 1720 tu

86 1758 151 1802 rum
165 1743 347 1802 lineamenta
363 1741 571 1803 sollertissime
583 1743 754 1816 perspicis?
770 1742 852 1802 Haec
869 1743 972 1818 Scipio
986 1744 1006 1802 il

86 1824 284 1901 intelligebat,
306 1825 397 1886 homo
413 1825 608 1886 doctissimus
624 1834 715 1899 atque
729 1826 982 1887 humanissimus:
999 1837 1010 1887 t

87 1911 147 1969 ulla
157 1910 239 1968 bona
253 1917 326 1983 arte,
342 1909 408 1980 ¹sine
419 1908 611 1982 humanitate,
626 1909 692 1968 siue
703 1908 834 1982 ingenio,
852 1909 917 1969 sine
935 1909 1009 1970 litter

85 1991 196 2065 telligis
214 2001 243 2050 et
255 1991 396 2068 'iudieasr
416 1991 495 2051 Vide
506 2009 544 2050 ne
561 1991 611 2051 ille
629 2009 688 2052 non
705 1994 803 2051 solum
822 1995 1009 2066 temperantis

87 2073 181 2133 etiam
190 2073 385 2153 intelligentia
395 2083 423 2134 te
435 2082 526 2148 atque
542 2073 627 2149 istos
640 2075 692 2149 qui
706 2091 739 2135 se
752 2076 906 2149 elegantes
923 2076 984 2136 dici
998 2097 1009 2136 t

75 2155 201 2216 'vicerit
236 2156 310 2213 Nam
332 2156 403 2230 quia
425 2174 514 2231 quam
530 2160 635 2230 pulcra
651 2167 755 2218 essent
774 2157 974 2233 intelligebat,
998 2161 1007 2219 i

42 2315 45 2320 Ι
86 2239 277 2300 existimabat
290 2255 326 2297 ea
339 2255 399 2298 non
411 2240 450 2298 ad
461 2239 614 2299 hominum
627 2240 784 2313 luxuriem,
797 2243 853 2300 sed
864 2241 903 2300 ad
915 2252 1009 2303 ornan

86 2339 191 2382 norum
208 2322 299 2395 atque
312 2321 493 2396 oppidorum
508 2340 578 2383 esse
593 2326 681 2397 lacta,
693 2334 725 2384 ut
735 2324 867 2398 posteris
879 2328 994 2386 nostris
1006 2345 1009 2384 t

86 2415 186 2469 menta
201 2405 344 2480 religiosa
359 2421 429 2465 esse
441 2405 611 2467 uideantur.

168 2489 256 2546 XLV.
272 2487 321 2548 99.
333 2483 445 2549 Audite
461 2488 550 2549 etiam
564 2491 745 2565 singularem
761 2489 836 2563 eius
852 2490 980 2565 iudices,
995 2509 1010 2551 c

86 2578 186 2643 tatem,
201 2572 367 2643 audaciam,
384 2573 558 2647 amentiam,
573 2573 603 2632 in
618 2572 656 2633 iis
671 2573 848 2648 praesertim
861 2575 958 2635 sacris
974 2592 1009 2649 pc

23 2674 26 2678 ·
86 2652 144 2726 dis,
160 2670 240 2727 quac
255 2671 315 2712 non
331 2657 421 2716 medo
437 2656 575 2717 manibus
590 2655 703 2730 attingi,
723 2656 830 2717 sedne
847 2658 1009 2731 cogitation

84 2737 153 2797 dem
168 2736 274 2803 violari
289 2739 335 2796 las
353 2737 415 2797 luit.
450 2738 621 2800 sacrarium
636 2739 752 2798 Cereris
774 2750 820 2799 est
835 2741 917 2814 apud
934 2741 1009 2800 Catil

83 2819 352 2895 eadem‘religione
368 2838 428 2895 qua
438 2823 562 2894 Romae,
576 2839 636 2897 qua
650 2823 681 2881 in
699 2823 826 2881 caeteris
843 2824 927 2893 locis,
941 2843 1002 2898 qua

82 2903 113 2963 in
130 2913 193 2965 toto
209 2905 282 2965 orbe
298 2912 452 2965 terarrum.
477 2906 510 2964 ln
527 2921 563 2964 eo
581 2907 712 2967 sacrario
729 2905 832 2964 intimo
850 2905 969 2980 signum
987 2908 1009 2966 lt

51 2996 53 3007 ’
81 2988 159 3047 reris
176 2987 403 3063 perantiquum,
427 2990 511 3062 quod
530 2988 587 3047 viri
611 3006 671 3048 non
693 2988 783 3048 modo
807 2990 992 3050 cuiusmodi

11 3123 13 3127 ,
84 3071 140 3129 sed
155 3089 192 3130 ne
205 3065 277 3132 esse
283 3073 404 3148 quidem
418 3071 567 3132 sciebant:
583 3071 682 3133 aditus
695 3071 814 3132 enimin
827 3071 858 3129 id
871 3073 1007 3132 sacrariu

83 3159 130 3209 est
144 3153 233 3214 viris:
252 3170 340 3215 sacra
355 3171 410 3229 per
428 3154 569 3226 mulieres
584 3171 619 3215 ac
634 3155 766 3230 virgines
786 3155 894 3213 conliei
913 3158 1009 3216 solent

84 3231 203 3306 signum
218 3247 310 3299 noctu
326 3238 403 3296 clam
419 3237 505 3299 istius
530 3241 609 3298 servi
634 3257 673 3299 ex
693 3239 744 3298 illo
766 3237 997 3311 religiosissimo

28 3343 33 3355 1
83 3315 291 3391 antiquissimo
312 3323 380 3381 loco
403 3324 596 3383 sustulerunt.
621 3321 768 3382 Postridie
792 3322 969 3383 sacerdotes
992 3323 1009 3381 C

82 3406 174 3475 alque
189 3399 267 3462 illius
283 3403 344 3464 lani
360 3404 518 3476 antistitae,
531 3405 660 3466 maiores
678 3414 758 3478 natu,
776 3405 922 3479 probatae
936 3423 972 3465 ac
991 3424 1008 3464 n
