2356 3854
382 162 464 221 cnr.
480 170 611 225 er—es.
634 166 660 228 s.
678 169 843 225 rer-res.
1056 170 1119 236 297

76 311 233 374 auxerint
245 318 298 373 aut
311 310 501 372 defenderint
515 319 565 372 aut
580 308 737 386 servarint,
754 328 826 373 esse
839 314 1036 389 immortalem
1051 316 1116 390 glo-

74 397 166 458 riam
181 402 378 455 consecutos.

172 478 276 538 LXIX.
291 475 362 538 144.
384 477 445 537 Sed
461 494 509 537 me
523 484 664 552 repente,
681 476 814 551 iudices,
831 480 869 539 de
885 479 1116 540 fortissimorum

76 571 113 623 et
128 559 373 622 clarissimorum
391 561 500 623 civium
515 560 658 635 dignitate
674 569 704 621 et
717 561 813 634 gloria
827 561 976 623 dicentem
989 572 1019 623 et
1030 565 1117 637 plura

76 645 180 706 etiarn
199 643 302 704 dicere
317 650 472 718 parantem
486 642 594 703 horum
609 653 753 718 aspectus
766 643 797 701 in
812 644 880 717 ipso
896 661 987 704 cursu
1005 646 1115 707 oratio·

77 729 135 789 nis
153 726 314 800 repressit.
347 727 446 786 Video
460 726 492 784 P.
514 726 662 799 Sestium,
683 741 769 785 meae
785 726 907 799 salutis,
929 737 1048 789 vestrae
1062 747 1116 790 au·

78 809 248 883 ctoritatis,
261 809 401 883 publicae
411 824 523 868 causae
535 809 737 881 defensorem,
752 817 1017 882 propugnatorem,
1033 821 1117 872 acto-

77 910 169 965 rem,
190 908 293 951 reum:
320 891 409 951 video
433 892 513 951 hunc
533 900 753 966 praetextatum
771 891 837 951 eius
852 891 945 951 filium
962 895 1058 953 oculis
1073 896 1114 954 la-

83 975 287 1036 crimantibus
301 991 350 1034 me
364 974 542 1035 intuentem:
558 975 813 1045 video-Milonem,
828 973 978 1034 vindicem
996 985 1117 1036 vestrae

81 1056 254 1130 libertatis,
283 1058 441 1117 custodem
464 1056 570 1117 salutis
591 1073 692 1128 meae,
718 1056 888 1117 subsidium
907 1056 1050 1118 adflictae
1070 1058 1116 1118 rei
1150 1084 1158 1101 ·

83 1141 240 1217 publicae,
254 1140 468 1200 exstinctorem
480 1139 637 1200 domestici
648 1140 806 1214 lenocinii,
821 1157 1029 1215 repressorem
1046 1158 1114 1200 cae-

83 1225 138 1286 dis
154 1222 334 1296 cotidianae,
351 1222 543 1283 defensorem
558 1224 738 1297 templorum
753 1232 843 1298 atque
856 1232 1011 1295 tectorum,
1026 1240 1115 1298 prae-

86 1306 202 1367 sidium
216 1304 328 1377 curiae,
343 1304 530 1366 sordidatum
545 1313 684 1366 atreum:
697 1306 791 1377 video
800 1306 833 1364 Ρ.
844 1307 1012 1378 Lentulum,
1027 1306 1115 1367 cuius

85 1405 150 1465 ego
169 1397 285 1463 patrem
306 1388 397 1449 deum
419 1405 455 1448 ac
475 1398 631 1463 parentem
652 1397 751 1452 statuo
774 1392 913 1452 fortunae
928 1406 964 1450 ac
983 1390 1114 1450 nominis

85 1472 149 1533 mei
163 1478 195 1532 et
209 1471 308 1531 fratris
321 1487 485 1547 rerumque
500 1480 686 1544 nostrarum,
707 1474 738 1533 iu
759 1473 819 1533 hoc
842 1473 954 1535 misero
970 1474 1115 1548 squalore

88 1565 120 1617 et
142 1553 301 1615 sordibus:
324 1553 373 1614 cui
394 1555 535 1630 superior
553 1571 651 1617 annus
672 1556 753 1615 idem
777 1564 807 1615 et
831 1556 948 1616 virilem
969 1555 1064 1629 patris
1085 1562 1116 1616 et

86 1645 277 1714 praetextam
297 1637 404 1712 populi
423 1636 535 1698 iudicio
550 1646 652 1712 togam
667 1637 799 1713 dederit,
819 1638 899 1697 hunc
915 1640 973 1699 hac
988 1655 1067 1698 anno
1083 1637 1114 1697 in

85 1722 145 1781 bac
168 1729 240 1795 toga
262 1720 430 1794 rogationis
450 1719 666 1780 iniustissimae
688 1718 817 1781 subitam
843 1720 1034 1779 acerbitatem
1059 1735 1114 1792 pro

89 1812 177 1880 patre
195 1802 359 1863 fortissimo
376 1812 406 1863 et
420 1802 588 1862 clarissimo
601 1803 667 1862 cive
680 1802 902 1876 deprecantem.
926 1798 995 1864 145.
1013 1805 1116 1874 Atque

86 1887 198 1971 bicxtot
214 1885 362 1946 attaliam
379 1885 492 1945 civium
508 1885 642 1959 squalor,
657 1882 707 1943 hic
720 1885 830 1955 luctus,
848 1883 905 1942 hae
922 1884 1030 1943 sordes
1045 1900 1113 1942 sus-

88 1978 196 2044 ceptae
216 1976 287 2029 sunt
307 1977 432 2044 propter
453 1984 544 2027 unum
565 1983 628 2039 me,
651 1966 722 2041 quia
742 1983 790 2033 me
805 1966 1019 2040 defenderunt,
1043 1965 1114 2040 quia

87 2069 190 2113 meum
206 2067 309 2111 casum
325 2053 499 2126 luctumque
518 2052 692 2122 doluerunt,
712 2050 783 2125 quia
798 2066 845 2108 me
861 2049 974 2124 lugenti
990 2050 1112 2124 patriae,

87 2133 237 2210 flagitanti
251 2134 385 2207 senatui,
409 2132 549 2209 poscenti
565 2132 682 2211 ltaliae,
699 2131 786 2193 vobis
803 2134 942 2193 omnibus
958 2133 1112 2193 orantibus

85 2216 294 2278 reddiderunt.
316 2217 403 2290 ouon
417 2225 530 2277 tantum
546 2216 632 2277 estin
645 2233 692 2275 me
704 2219 826 2277 scelust
841 2216 914 2291 quid
925 2223 1007 2277 tanto
1020 2231 1114 2289 opere

87 2300 204 2375 deliqui
220 2299 271 2359 illo
288 2299 352 2377 die,
369 2316 460 2374 quum
475 2300 515 2359 ad
529 2317 587 2360 vos
600 2299 727 2372 indicia,
747 2299 876 2371 litteras,
899 2299 1112 2358 confessiones

87 2384 258 2444 communis
274 2381 357 2442 exitii
371 2382 479 2457 detuli,
495 2400 588 2458 quum
602 2380 689 2457 parui
705 2381 817 2441 vobist
839 2384 885 2440 Ac
901 2380 927 2441 si
948 2381 1114 2441 scelestum

86 2474 135 2527 est
157 2481 261 2525 amare
280 2465 420 2539 patriam,
441 2467 549 2540 pertuli
571 2480 739 2541 poenarum
759 2462 848 2524 satis:
874 2478 983 2523 eversa
1004 2464 1114 2529 domus

86 2557 150 2621 est,
167 2548 306 2608 fortunae
319 2556 462 2619 vexatae,
479 2549 618 2623 dissipati
631 2549 733 2621 liberi,
748 2554 866 2622 raptata
883 2542 1009 2619 coniux,
1024 2548 1115 2607 frater

87 2632 239 2706 optimus,
266 2629 435 2690 incredibili
460 2632 588 2705 pietate,
613 2647 716 2691 amore
743 2629 894 2703 inaudito,
921 2629 1053 2690 maximo
1082 2629 1112 2687 in

87 2714 234 2789 squalore
249 2714 401 2774 volutatus
423 2720 470 2772 est
490 2713 529 2772 ad
549 2714 645 2788 pedes
659 2714 948 2774 inimicissimorum:
972 2729 1028 2786 ego
1048 2713 1113 2785 pul-

86 2813 143 2857 sus
158 2796 234 2867 aris,
260 2797 353 2868 focis,
374 2795 421 2854 dis
440 2794 616 2868 penatibus,
639 2797 802 2857 distractus
817 2814 835 2856 a
849 2796 941 2867 meis,
963 2794 1045 2854 carui
1060 2810 1113 2866 pa-

77 2878 160 2952 tria,
176 2894 283 2953 quam,
297 2876 341 2938 uti
358 2876 513 2937 levissime
528 2877 642 2949 dicam,
659 2887 741 2939 certe
755 2887 905 2938 texeram:
922 2875 1029 2951 pertuli
1047 2891 1113 2933 cru-

85 2960 241 3025 delitatem
256 2959 453 3033 inimicorum,
469 2961 570 3019 scelus
585 2960 766 3033 infidelium,
782 2962 918 3020 fraudem
933 2959 1114 3017 invidorum.
1130 2962 1134 2969 '

173 3042 244 3105 146.
277 3042 310 3102 Si
326 3043 386 3102 hoc
401 3050 528 3106 nonest
541 3043 632 3116 satis,
654 3045 736 3117 quod
749 3044 826 3101 haec
841 3040 941 3103 omnia
957 3041 1056 3099 deleta
1071 3038 1113 3097 vi-

85 3128 199 3187 dentur
221 3125 322 3186 reditu
344 3141 428 3196 meo,
456 3126 549 3184 multo
570 3124 658 3196 mihi,
686 3126 795 3195 multo,
820 3125 958 3198 inquam,
985 3120 1113 3193 iudices,

85 3218 226 3284 praestat
247 3207 280 3268 in
302 3208 439 3268 eamdem
461 3206 540 3266 iliam
556 3205 693 3266 recidere
707 3207 874 3277 fortunam,
897 3220 987 3279 quam
1002 3213 1114 3265 tantam
1169 3232 1172 3237 ·

84 3290 253 3368 importare
265 3290 342 3351 meis
358 3289 571 3350 defensoribus
588 3298 618 3349 et
629 3287 895 3348 conservatoribus
906 3287 1114 3348 calamitatem.

86 3375 135 3436 An
159 3391 217 3450 ego
237 3374 268 3434 iu
288 3373 345 3434 hac
367 3373 443 3434 mbo
463 3389 533 3432 essc
555 3371 674 3448 possim
697 3371 742 3433 bis
757 3370 872 3449 pulsis,
894 3370 946 3445 qui
960 3388 1008 3431 me
1023 3370 1115 3430 liuius
