2384 3854
133 192 201 259 ,324
403 190 477 251 PRO
494 189 549 248 CN.
568 189 730 250 PLANCIO
750 188 902 253 ORATIO.

135 341 355 413 inmitiaritntis
372 340 543 411 vicinitatis,
557 338 650 414 petris
665 339 835 399 amicitiae?
849 353 931 414 quae
945 335 973 396 si
988 339 1052 398 aori
1067 342 1162 398 essent

137 443 275 497 vererer,
291 425 398 496 credo,
415 440 453 483 ne
465 423 590 497 turpiter
605 424 750 494 iacerem,
769 422 795 481 si
809 422 869 482 hac
886 421 1054 494 splendore
1070 430 1100 482 et
1113 423 1161 482 hat

139 511 282 584 dignitate
299 505 449 566 hominem
465 507 670 566 defenderem.
703 505 859 579 Fingenda
873 503 947 565 mibi
961 504 1019 565 fuit
1035 505 1161 565 videlicet

43 642 47 651 .
137 608 235 655 eausa
250 599 410 665 peracuta,
431 595 464 649 ut
483 590 525 662 ei,
547 606 637 664 quem
651 589 723 660 mihi
733 589 845 648 debere
860 596 1034 662 oporteret,
1050 603 1108 662 ega
1124 603 1159 647 ne

93 665 96 669 ⁸
139 676 241 737 omnis
255 675 368 734 debere
384 673 524 732 dicerem.
569 675 609 732 At
630 672 663 730 id
680 672 771 732 etiam
785 669 916 746 gregarii
932 669 1045 732 milites
1063 669 1160 731 iaciant

138 758 233 830 inviti,
249 765 282 817 ut
297 771 440 816 eoronam
454 756 527 815 dent
541 755 668 814 civicam
684 763 714 815 et
728 771 763 814 se
776 753 933 828 cib-aliquo
949 762 1092 815 serratas
1102 769 1158 815 esee

140 843 303 912 fateantur,
327 855 387 898 non
403 855 473 912 aaa
499 848 584 912 turpe
606 837 646 897 sit
666 846 836 911 protectum
850 836 881 896 in
897 837 965 896 scie
980 853 1023 896 ex
1041 837 1158 897 hostiur

137 925 279 984 manibus
302 921 378 996 eripi
390 950 436 966 -—-
457 937 526 979 nam
541 920 573 979 id
585 918 725 980 accidere
740 919 884 1002 nisiliorti
898 919 963 979 vira
980 928 1015 980 et
1029 918 1157 995 pugnant*

140 1006 309 1068 comminus
317 1021 377 1064 nan
388 1008 545 1079 potest-7
558 1004 614 1062 sed
627 1020 704 1062 onus
714 1002 857 1064 beneficii
867 1001 1079 1074 reiormident,
1091 1003 1156 1078 quai

140 1105 338 1165 permagnum
359 1096 406 1146 est
421 1085 518 1146 atiena
539 1086 651 1145 debere
665 1085 746 1145 idem
765 1087 848 1159 quod
865 1085 996 1160 parenti.
1040 1084 1155 1162 ididae,

141 1190 234 1248 quum
251 1168 362 1230 caeteri
377 1185 451 1228 vere
465 1169 629 1241 beneficis,
651 1169 739 1229 etiam
754 1168 1113 1243 minora,·dlssimttient,
1128 1182 1156 1227 ne

140 1255 263 1327 obtigati
276 1267 346 1312 esse
358 1250 525 1325 videantur,
537 1269 574 1311 eo
587 1268 635 1311 me
646 1252 796 1312 beneficia
805 1250 984 1312 obstrictum
995 1266 1155 1314 esseemea·

29 1331 32 1337 ⁴
140 1338 213 1406 tior,
227 1334 278 1395 cai
294 1349 331 1393 ne
343 1335 448 1392 referri
464 1334 587 1408 quidem
601 1334 696 1407 gratia
711 1351 806 1409 passe
820 1325 1047 1396 videnturrdn'
1063 1335 1155 1405 hocta

139 1416 322 1485 Laterensis,
337 1416 483 1490 ignaras?
498 1417 548 1490 qui
561 1434 653 1491 quum
665 1417 736 1476 mihi
748 1435 836 1478 esses
850 1418 1070 1492 amicissimus,
1083 1433 1155 1494 quart

139 1503 187 1562 vei
204 1500 371 1575 periculum
388 1499 466 1559 vitae
483 1507 551 1559 tuae
563 1515 682 1559 mecum
698 1500 817 1560 sceiere
832 1501 1005 1575 valuisses,
1022 1518 1113 1579 quum
1123 1515 1155 1560 nc

140 1583 173 1643 in
187 1583 239 1643 iiia
257 1582 334 1643 tristi
350 1590 382 1642 et
396 1582 508 1642 acerbo
530 1584 613 1642 tuctu
630 1592 723 1656 atque
738 1585 880 1644 discessu
895 1600 959 1643 non
974 1585 1107 1647 lacrimis
1120 1600 1155 1644 sa

140 1667 200 1726 lum
219 1664 288 1739 tuis,
305 1667 361 1725 sed
372 1664 484 1738 enimc,
498 1682 638 1740 carpere,
650 1666 747 1740 capiis
765 1675 950 1740 prosecutus
965 1683 1068 1742 esses,
1085 1680 1155 1743 qam

140 1765 226 1809 meos
246 1748 360 1809 liberas
384 1757 414 1808 et
433 1765 561 1809 uxorem
583 1764 632 1808 me
653 1750 779 1809 absente
793 1749 853 1810 tuis
870 1751 985 1825 opibus
1002 1748 1155 1824 auxilioque

139 1831 349 1901 defendisseS,
374 1833 418 1891 sic
434 1848 551 1892 mecum
565 1832 805 1906 semperegisti,
826 1840 856 1892 te
878 1832 952 1892 mihi
967 1837 1117 1896 remittere
1127 1838 1155 1892 tt·

142 1931 201 1989 que
216 1917 395 1986 concedere,
411 1922 445 1974 ut
455 1932 544 1975 omne
556 1933 655 1975 meum
668 1915 799 1975 studium
815 1917 845 1975 in
856 1916 910 1975 Gn.
928 1917 1048 1978 Plancii
1063 1918 1155 1978 hanan

141 2014 361 2070 consumerem,
377 1999 460 2072 quad
476 2000 542 2059 eius
554 1999 585 2057 in
600 2016 648 2058 me
663 1998 801 2058 meritum
816 1999 870 2059 tibi
885 1998 979 2059 etiam
992 2001 1054 2076 ipsi
1064 2008 1155 2076 gnta

140 2096 210 2139 esse
225 2080 360 2140 dicebas.
388 2077 647 2142 remittentem
663 2098 711 2140 me
727 2083 809 2152 novi,
828 2080 902 2140 nihii
919 2086 1072 2159 temporis
1087 2094 1156 2143 caue
1188 2099 1191 2107 ¹

140 2162 257 2236 dicere,
272 2179 373 2223 nonne
384 2162 474 2222 etiem
487 2174 535 2225 est
544 2165 595 2223 iiia
606 2165 815 2236 testis‘oratia,
831 2180 910 2240 quae
925 2174 975 2225 est
989 2184 1011 2226 a
1024 2165 1155 2249 ineptiae
1191 2185 1192 2190 ¹

140 2244 282 2305 hebitein
295 2253 425 2306 senatu?
444 2247 474 2305 in
492 2264 553 2322 que
568 2264 661 2322 quum
676 2246 841 2322 perpaucis
852 2247 1035 2310 nominatim
1047 2250 1155 2326 egissem

141 2329 267 2402 gratias,
292 2331 374 2403 qaod
391 2345 496 2389 onancs
513 2332 683 2391 enumerari
697 2331 779 2391 nullo
796 2332 888 2391 modo
905 2343 1056 2408 possent,
1079 2333 1155 2394 sedo

141 2419 240 2471 eutem
256 2423 340 2473 esset
357 2428 541 2487 quemquam
560 2413 736 2488 praeteriri,
752 2415 996 2491 statuissemque
1010 2433 1069 2478 eos
1081 2416 1155 2477 saiw
1191 2444 1192 2447 ¹

140 2494 311 2564 nominare,
331 2495 383 2569 qui
405 2504 529 2555 nostrae
550 2512 662 2556 causae
682 2498 778 2558 duces
799 2506 829 2558 et
843 2498 935 2573 quesi
949 2495 1154 2575 signtmnrm·

140 2585 216 2645 sent,
233 2579 262 2634 in
279 2576 325 2635 his
336 2575 458 2637 Ptancio
469 2579 581 2650 gratias
594 2578 651 2654 egi.
667 2581 823 2641 Recitetur
834 2583 943 2655 oratio,
958 2600 1045 2658 quae
1057 2588 1156 2659 propter
1186 2612 1192 2625 ·

139 2659 184 2716 rei
199 2659 435 2732 magnitudinem
451 2660 533 2720 dicte
543 2662 582 2722 de
594 2663 708 2738 scripto
724 2672 784 2724 est:
799 2665 829 2723 in
845 2682 907 2739 qua
918 2682 980 2739 ego
993 2667 1155 2729 homesta·
1185 2684 1186 2687 ¹

140 2747 189 2799 tus
207 2742 234 2799 ei
251 2758 299 2815 me
315 2742 473 2813 dedebam,
490 2743 538 2803 cai
554 2744 625 2804 nihil
643 2763 753 2821 magno
769 2763 862 2822 apere
877 2748 1038 2822 deberem,
1050 2759 1081 2812 et
1089 2747 1155 2808 buta

142 2823 235 2884 officii
256 2823 329 2885 tanti
351 2828 527 2885 servitutem
547 2827 752 2904 astringebam
779 2831 957 2893 testimonio
983 2831 1154 2910 sempiterno·

140 2906 217 2966 Nato
230 2917 357 2979 caetere,
375 2925 484 2985 quase
495 2927 544 2969 me
558 2913 700 2972 mandata
711 2922 781 2973 sunt
797 2912 914 2987 titteris,
927 2916 1078 2978 recitarc=
1092 2925 1154 2990 prae

139 2990 334 3064 terminans
349 3003 400 3054 eut
416 2995 553 3068 proferre
567 2995 675 3055 videar
687 2996 728 3057 ad
746 3005 867 3070 tempus
881 3006 935 3058 aut
950 3015 992 3059 eo
1010 2989 1154 3077 geaemat'

140 3071 313 3149 litterarum,
332 3079 416 3151 quod
427 3077 504 3137 meis
515 3078 624 3139 studiis
639 3078 740 3153 aptius
757 3095 849 3155 quam
867 3082 1090 3146 consuetudini
1100 3075 1154 3142 iudi

73 3206 78 3213 ,
140 3157 255 3216 ciarum
271 3175 343 3219 esse
356 3162 503 3221 videatur.
1188 3198 1192 3207 ¹

191 3240 294 3298 xxxi.
308 3240 356 3303 7⁵.
368 3243 718 3319 Atqueetiamdamitas,
733 3245 926 3307 Laterensis=
941 3248 1155 3327 9110me
1190 3274 1192 3284 ⁴

139 3317 236 3379 dinc?
249 3325 332 3383 Nttn
343 3328 375 3385 ira
387 3329 481 3402 capto
491 3330 664 3402 profecisti:
678 3330 890 3390 cbwleweiam
900 3339 1153 3412 mentprecerw
1185 3350 1189 3375 i

139 3397 184 3459 De
198 3401 302 3476 cispio
322 3408 394 3466 mihi
416 3409 505 3482 igitur
527 3410 670 3485 abiicies,
686 3429 777 3488 quem
794 3428 852 3488 ega
876 3413 921 3477 de
934 3432 988 3478 me
1008 3419 1086 3479 bene
1111 3424 1152 3473 mr
1187 3442 1192 3460 «
