2356 3854
193 144 198 155 ’
364 140 471 231 'cala
487 178 620 232 cao-ss.
642 178 668 239 t·
683 180 829 237 m-roa.
1068 175 1131 243 ass

96 340 172 400 prae
191 337 329 384 maerore
340 321 452 396 potuitt
470 319 570 381 Orem
587 338 678 396 quum
693 321 798 383 auditu
815 323 968 383 crudelem
985 333 1046 385 turn
1063 326 1131 389 visu

70 484 72 488 ι
94 407 261 467 nefariam!
287 423 308 466 o
318 406 458 480 reliquos
473 421 581 466 omnes
602 404 668 465 dies
683 412 852 480 noctesque
867 422 930 478 eas,
948 408 1059 483 quibus
1074 410 1132 472 iste

93 507 114 550 a
137 506 190 550 mc
216 504 278 553 non
300 488 449 551 recedens
470 487 716 548 Thessalonicam
745 505 794 548 me
815 491 845 548 in
863 493 1131 568 quaestoriumque

93 573 261 650 parduna.
278 570 336 631 llic
354 585 506 646 agonum
521 571 559 630 de
574 579 714 645 praetore
728 571 926 634 Macedoniae
944 574 1017 635 nihil
1032 578 1130 637 dicam

92 656 226 731 amptius
248 652 307 721 nisi
323 670 393 724 ettm
409 662 439 715 et
455 655 554 714 civem
571 656 717 730 optimum
732 670 854 727 semper
872 664 902 717 et
915 656 988 716 milri
1000 659 1129 719 amicum

92 739 202 812 luisse,
216 739 272 799 sed
285 738 391 799 eadem
403 736 540 798 timuisse
551 754 632 812 quae
643 744 796 797 caeteros:
810 737 1021 814 CnPlanqmm
1036 743 1131 803 luisse
1154 729 1159 747 ’

94 836 200 895 unum,
216 839 278 883 noa
296 821 350 896 qui
360 821 461 881 minus
476 820 603 892 timeret,
620 823 686 893 sed,
703 819 730 880 si
746 819 921 883 acciderent
934 838 986 896 ea,
1005 842 1084 899 qnae
1096 826 1130 885 ti-

94 914 259 976 merentur,
274 917 393 964 maeum
409 921 447 964 ea
460 903 564 964 subire
578 913 609 965 et
622 904 742 978 perpeti
754 905 853 964 vellet
875 904 947 967 100.
958 905 1023 978 Qui,
1039 925 1131 982 quum

92 991 192 1050 adme
206 989 239 1049 L.
254 988 387 1058 Tubero,
408 1004 495 1047 mens
518 987 727 1060 necessarius,
749 987 808 1061 qui·
825 989 908 1048 iratri
929 1002 998 1049 meo
1012 992 1132 1065 legatus

93 1073 219 1144 luisset,
242 1071 397 1131 decedens
418 1087 459 1130 ex
481 1069 556 1131 Asia
578 1070 714 1131 venisset
741 1087 860 1144 easque
880 1071 1023 1144 insidiaS,
1053 1082 1130 1147 quas

91 1156 166 1216 mihi
182 1162 308 1230 paratas
324 1154 364 1213 ab
379 1154 538 1214 exsulibus
554 1153 720 1215 coniuratis
734 1153 886 1226 audierat,
908 1156 948 1215 ad
963 1171 1013 1216 me
1029 1157 1129 1216 animo

91 1237 280 1299 amicissimo
294 1238 471 1311 detulisset,
490 1236 520 1295 in
535 1237 640 1297 Asiam
662 1236 769 1303 melre
785 1247 911 1312 propter
924 1238 991 1299 eius
1007 1239 1129 1314 provin-

93 1323 160 1383 ciae
174 1337 293 1383 mecum
308 1329 340 1380 et
352 1336 420 1381 cum
435 1336 503 1381 meo
517 1321 608 1381 lratre
624 1320 881 1382 necessitudinem
902 1333 1129 1396 comparantem

92 1422 155 1469 non
165 1413 219 1465 est
232 1420 359 1479 passus=
373 1404 402 1463 vi
418 1420 476 1478 me,
489 1404 622 1480 inquam,
637 1403 778 1465 Plancius
790 1413 821 1464 et
832 1407 996 1480 complexu
1010 1423 1067 1469 suo
1082 1424 1130 1467 re-

92 1487 180 1560 tinuit
199 1489 520 1562 multosque-menses
541 1488 671 1563 acupile
684 1505 752 1548 mco
769 1504 829 1549 non
847 1488 993 1550 discessit
1012 1489 1130 1550 abiecta

92 1572 269 1649 'quaestoria
284 1587 418 1646 persona
432 1571 615 1647 comitisque
627 1579 758 1645 sumpta.
1022 1590 1025 1599 ·

114 1686 117 1691 ·
148 1655 243 1715 XLII.
262 1653 332 1716 101.
355 1653 379 1713 0
396 1656 542 1715 excubias
557 1661 633 1728 tuaS,
651 1655 705 1714 Cn.
717 1652 830 1725 Planci,
848 1655 993 1717 miseras!
1009 1671 1027 1714 o
1042 1653 1128 1715 liebi-

89 1737 133 1800 les
148 1737 290 1813 vigiliast
308 1747 446 1798 onoctes
458 1739 601 1798 acerbas!
618 1755 635 1798 o
652 1736 824 1798 custodiam
840 1735 930 1797 etiam
944 1735 1004 1796 mei
1020 1735 1129 1810 capitis

86 1821 262 1883 inlellcemt
278 1820 305 1881 si
317 1819 441 1895 quidem
454 1837 511 1895 ego
524 1819 577 1880 tibi
594 1821 682 1880 vivus
699 1836 760 1881 non
776 1835 911 1893 prosum,
928 1818 981 1893 qul
1000 1821 1130 1879 lortasse

84 1912 231 1967 mortuns
247 1905 443 1978 promissam.
486 1903 609 1963 Memini
625 1905 714 1975 enirn,
729 1901 852 1963 memini
866 1919 968 1976 neque
986 1919 1129 1977 umquam

85 1987 263 2051 obliviscar
275 1986 375 2048 noctis
393 1986 487 2060 illius,
511 2005 604 2061 quum
618 1986 672 2047 tibi
688 1984 838 2061 vigilanti,
860 1984 1029 2059 adsidenti,
1048 2002 1129 2046 tuae

77 2071 168 2134 renti
188 2087 269 2130 vana
290 2071 440 2145 quaedam
462 2070 667 2145 miseratque
689 2069 791 2130 inania
812 2070 890 2129 lalsa
909 2086 966 2144 spe
987 2069 1129 2131 inductus

78 2153 277 2232 pollicebnrz
300 2171 365 2227 me,
389 2154 417 2214 si
437 2170 541 2215 essem
560 2154 591 2214 in
611 2155 739 2230 patriam
752 2152 920 2227 restitutus,
935 2162 1129 2229 praesentem

74 2238 140 2301 libi
158 2237 275 2312 gratias
289 2240 470 2299 relaturum:
495 2238 544 2299 sia
566 2247 667 2300 autem
690 2239 782 2303 vitam
795 2237 948 2298 mihtfors
961 2236 1130 2319 ademisset

78 2331 140 2384 aut
163 2319 214 2380 vis
230 2319 336 2400 aliqua
355 2320 453 2384 maior
472 2322 602 2383 reditum
617 2321 815 2398 peremisset,
831 2319 905 2393 hos,
919 2321 978 2379 hos
992 2354 1035 2367 --
1050 2336 1129 2394 quos

77 2406 172 2471 enirn
190 2419 249 2478 ego
261 2409 328 2464 'tum
342 2405 420 2464 alios
435 2405 536 2467 animo
547 2407 707 2466 intuebar?
724 2438 760 2449 -
778 2402 880 2464 omnia
890 2403 943 2463 tibi
955 2403 1073 2464 illorum
1087 2404 1128 2462 la-

77 2489 203 2551 borum
225 2487 360 2561 praemia
381 2506 437 2564 pro
461 2505 509 2548 me
535 2493 758 2564 persoluturos.
804 2486 884 2560 Quid
901 2495 1130 2561 nteaspectast

80 2572 164 2649 quid
182 2586 252 2629 mea
267 2571 421 2645 promissa
436 2573 572 2646 repetis?
588 2573 661 2648 quid
675 2589 772 2631 meam
785 2571 876 2630 fidem
894 2570 1060 2646 imploras?
1080 2571 1129 2629 Ni-

78 2655 129 2716 hil
145 2653 201 2714 tibi
213 2669 271 2728 ego
284 2662 347 2713 turn
362 2656 400 2714 de
416 2654 491 2713 meis
508 2656 618 2730 opibus
629 2656 804 2731 pollicebar,
820 2655 877 2714 sed
888 2654 927 2714 de
939 2654 1046 2714 horum
1058 2670 1131 2727 erga

81 2756 139 2800 me
155 2736 372 2798 benevolentia
387 2734 614 2811 promittebam
635 2739 692 2799 lros
717 2756 773 2813 pro
795 2754 843 2798 me
864 2739 984 2812 lugere,
1004 2739 1063 2797 hos
1078 2752 1129 2810 ge·

82 2837 193 2893 mere,
215 2821 273 2880 hos
283 2821 443 2897 decertare
459 2837 515 2895 pro
534 2838 602 2881 meo
619 2820 722 2894 capite
738 2823 788 2881 vel
803 2821 882 2882 vitae
898 2820 1034 2895 periculo
1051 2819 1129 2877 velle

85 2905 256 2965 videbaris
271 2903 310 2962 de
325 2904 433 2964 horum
449 2904 618 2979 desiderio,
633 2906 725 2976 luctu,
741 2905 874 2978 querelis
889 2901 1000 2962 cotidie
1014 2899 1130 2974 aliquid

84 2998 196 3051 tecum
211 2985 301 3047 simul
314 2988 490 3047 audiebam:
507 3005 589 3047 nunc
604 2986 694 3048 timeo
706 3003 745 3045 ne
757 2986 829 3045 nihil
841 2984 894 3045 tibi
910 2993 1030 3058 praeter
1044 2984 1130 3042 lacri-

85 3087 160 3133 mas
173 3086 284 3146 queam
298 3070 443 3143 redderc,
468 3088 545 3145 quas
568 3078 601 3131 tu
615 3070 645 3128 in
663 3068 739 3129 meis
754 3067 969 3129 acerbitatibus
984 3068 1130 3141 plurimas

86 3150 242 3217 effudisti.
286 3151 357 3215 102.
379 3153 458 3227 Quid
480 3152 560 3213 enim
578 3168 706 3228 possum
724 3151 805 3211 aliud
821 3149 879 3210 nisi
900 3166 1051 3226 maerere,
1072 3149 1131 3212 nisi

87 3238 185 3308 llere,
207 3236 268 3297 nisi
285 3243 400 3298 tecum
420 3253 489 3297 mea
505 3237 602 3297 salute
619 3234 802 3310 complectit
824 3233 957 3293 Salutem
970 3234 1025 3295 tibi
1039 3232 1131 3296 iidem

90 3321 170 3381 dare
192 3327 340 3396 possunt,
363 3320 416 3395 qui
437 3319 509 3379 mihi
529 3317 738 3380 reddiderunt.
781 3317 822 3377 Te
845 3326 961 3392 tamen,
987 3335 1128 3394 exsurge,

91 3420 224 3480 quaeso,
238 3402 376 3464 retinebo
396 3412 427 3465 et
444 3405 642 3480 complectar,
655 3419 712 3464 nec
727 3419 775 3463 me
790 3403 890 3463 solum
901 3401 1130 3478 deprecatorem
