2356 3854
105 180 171 245 cco
239 181 278 240 m
290 181 330 239 ιι.
344 176 545 238 auronum
560 175 701 239 enarro
714 135 930 237 Perimelen
943 172 1022 236 xlv.

109 329 301 393 testinatione
321 327 529 404 praeripuisse
550 337 602 390 aut
624 325 684 386 vim
704 326 843 388 fortunae
862 322 994 392 ,stultitia
1010 335 1124 395 mntem·

109 414 212 488 pslssc
230 412 398 473 videamur.

170 495 200 556 6.
220 493 282 557 Sed
306 496 449 570 quoniam
475 493 655 570 significatio
683 501 784 555 vestra
807 492 885 553 satis
911 491 1049 554 declarat
1067 492 1130 568 quid

108 578 166 639 hac
189 578 227 638 dc
247 595 281 639 re
306 577 455 649 sentiatis,
483 580 523 638 ed
542 576 657 640 litteras
678 577 813 649 veniam,
840 590 925 649 quae
943 584 1017 641 sunt
1037 591 1130 639 acon-

108 659 224 721 sulibus
251 670 280 722 et
300 678 319 723 a
340 671 538 738 propraetore
564 660 691 732 missae,
719 659 746 719 si
766 675 864 733 pauca
887 667 977 733 ante,
1005 675 1080 734 quae
1099 660 1132 719 ad

107 744 193 817 ipsas
218 744 333 807 litteras
356 745 541 821 pertineant,
564 745 681 807 dixero.
737 742 786 805 lll.
816 742 929 805 lmbuti
956 742 1065 818 gladii,
1087 759 1131 818 pa·

107 834 169 887 tres
201 828 381 902 conscripti,
420 827 573 902 legionum
603 823 852 900 exercituumque
883 835 1064 889 nostrorum
1092 826 1133 887 vel

107 910 270 973 madefacti
289 912 392 987 potius
409 911 530 974 duobus
547 911 675 973 duorum
695 910 872 982 consulum,
892 908 990 971 tertio
1007 908 1132 973 caesam

107 993 235 1068 proelio.
269 994 301 1059 Si
317 993 449 1057 hostium
465 994 521 1056 luit
535 993 585 1055 illa
599 991 735 1068 sanguis,
751 1008 870 1055 summa
883 990 1018 1056 militum
1034 992 1131 1070 pietas:

107 1078 254 1138 netarium
270 1080 387 1150 scelus,
410 1077 570 1139 sicivium.
600 1078 670 1151 Quo
684 1093 784 1152 usque
798 1075 890 1151 igitur
907 1078 947 1149 is,
970 1077 1026 1153 qui
1041 1084 1129 1139 omues

16 1162 25 1187 ⁸
108 1159 213 1222 hostes
235 1163 351 1222 scelere
372 1161 542 1236 superavit,
564 1161 684 1224 nomine
705 1160 802 1225 hostis
826 1159 970 1223 careotas
997 1160 1059 1223 nisi
1076 1176 1125 1221 mu·

108 1259 219 1304 cronos
240 1245 329 1305 etiam
351 1254 523 1309 nostrornm
549 1244 674 1305 militum
693 1253 821 1306 tremere
845 1244 940 1305 vultis
968 1244 1128 1307 dubitantes

107 1335 205 1386 utrum
225 1326 256 1386 in
278 1327 345 1387 cive
365 1345 403 1389 an
424 1328 454 1388 in
472 1329 559 1389 hoste
575 1328 712 1400 ligantur.
756 1323 785 1389 t.
808 1325 1077 1401 supplicationem
1091 1327 1129 1386 de·

107 1407 243 1469 cernitis·
268 1409 386 1470 hostem
408 1428 468 1471 non
489 1410 660 1484 appellatis.
704 1410 812 1470 Graiae
840 1425 918 1471 vero
946 1419 1073 1473 nestrae
1091 1411 1129 1470 'dis

105 1490 326 1553 immortalibus
340 1495 555 1567 gratulationes
571 1502 674 1564 erunt,
694 1500 798 1566 gratae
811 1492 973 1566 uictimae,
993 1511 1085 1570 quum
1097 1496 1127 1553 in·

86 1644 89 1653 Ι
104 1575 231 1634 terlecta
246 1574 286 1636 sit
298 1575 409 1637 civium
424 1576 597 1639 multitudo!
641 1578 685 1639 Be
698 1577 852 1652 comete,
872 1574 990 1652 inquit,
1007 1588 1038 1638 et
1049 1578 1128 1638 ocdo-

104 1658 194 1718 ct‘bcs.
237 1659 311 1718 Nam
326 1659 371 1720 sic
392 1677 447 1722 cos
462 1661 596 1736 appellat
610 1657 874 1721 clarissimus'vim
905 1677 991 1735 quae
1007 1671 1078 1723 sunt
1091 1676 1129 1721 ur·

103 1741 251 1802 bonarum
263 1740 423 1806 maledicta
436 1743 539 1817 litium,
555 1760 614 1805 non
627 1743 745 1805 inustae
755 1743 826 1804 belli
840 1743 1028 1805 internecini
1043 1753 1129 1805 nome

103 1823 311 1898 Testamenta,
329 1827 437 1900 credo,
460 1825 623 1890 subiiciunt
641 1833 693 1888 aut
710 1825 833 1888 eliciunt
849 1824 971 1890 vicinos
995 1837 1050 1889 aut
1068 1828 1129 1887 ado·

105 1907 292 1970 lescentulos
304 1909 568 1971 circumscribam
585 1906 632 1970 h'is
645 1911 724 1971 enim
736 1908 817 1971 vitiis
831 1909 973 1971 adiectos
991 1920 1023 1974 et
1034 1911 1129 1972 talibus

105 1989 201 2049 mulos
228 2000 258 2052 et
282 1994 417 2055 audaces
442 1995 598 2069 appellare
619 1995 697 2055 solet
721 1993 924 2055 consuetudo.
968 1993 1001 2056 8.
1027 1996 1130 2055 Bellum

104 2073 388 2146 inexpiabilcinlert
403 2085 545 2152 quattuor
555 2076 731 2138 consulibus
746 2094 825 2138 unus
841 2077 979 2139 omnium
992 2081 1130 2138 latronum

105 2159 309 2219 taeterrimus:
335 2159 411 2233 gerit
426 2161 506 2219 idem
527 2161 639 2219 bellum
661 2176 727 2220 cum
746 2168 853 2220 senatu
872 2163 1060 2236 populoque
1080 2162 1129 2220 llo-

105 2256 210 2302 mano:
238 2242 377 2303 omnibus
393 2277 437 2288 -
456 2259 639 2317 quamquam
661 2242 720 2304 ruit
744 2243 814 2318 ipse
839 2243 906 2304 suis
932 2246 1076 2307 cladibus
1098 2275 1131 2288 -

106 2332 224 2396 pestem
236 2326 416 2398 vastitatem,
433 2327 596 2389 cruciatum
609 2334 755 2388 tormenta
767 2326 945 2389 denunciat·
961 2329 1130 2392 Dolabellae

106 2407 201 2467 lerum
218 2417 248 2468 et
260 2409 390 2471 immane
405 2411 539 2481 lacinus,
563 2412 647 2485 quod
662 2412 743 2471 nulla
763 2409 903 2471 barbaria
919 2421 1035 2486 posset
1048 2426 1131 2486 agno·

105 2504 207 2560 scere,
225 2492 256 2550 id
277 2509 334 2552 suo
352 2493 480 2554 consilio
499 2496 610 2555 lactum
632 2510 703 2554 esso
725 2500 863 2554 testatur:
880 2511 1044 2581 quaeque
1060 2500 1131 2555 esset

105 2571 263 2632 tacturus
254 2591 284 2633 m
300 2575 357 2635 hac
373 2577 462 2646 urbe,
482 2578 538 2637 nisi
554 2593 623 2639 eum
638 2576 709 2638 hic
702 2593 769 2651 lpse
782 2559 920 2652 lupptt'er
936 2578 977 2639 ab
993 2579 1055 2640 hoc
1068 2587 1131 2637 tem·

103 2656 157 2728 plo
176 2663 268 2728 atque
288 2658 447 2718 moenibus
468 2661 667 2735 reppmisset,
695 2659 887 2721 declaravit
879 2677 912 2719 tn
929 2661 1131 2723 Parmensium

104 2737 287 2810 calamitate,
311 2757 391 2814 quos
407 2740 539 2815 optimos
563 2743 645 2804 viros
666 2743 969 2818 honestissimosque
990 2745 1129 2811 homiues,

103 2816 256 2882 maxime
262 2838 330 2883 cum
352 2823 529 2885 auctoritate
556 2826 645 2890 buius
672 2826 787 2887 ordinis
814 2829 988 2902 populique
1012 2823 1132 2893 Romani

102 2903 247 2978 dignitate
269 2906 463 2979 coniunctos,
487 2909 705 2971 crudelissimis
729 2910 877 2985 exemplis
896 2909 1056 2975 interemit
1071 2927 1130 2988 pro

17 2990 42 3061 ',
101 2989 228 3060 pudium
254 2989 328 3053 illud
358 3000 388 3052 ct
415 2999 603 3088 portentum,
636 2994 670 3053 L.
690 2994 857 3065 Antonius,
885 2994 1014 3071 insigne
1041 2995 1128 3058 odium

103 3073 235 3134 omnium
247 3073 403 3137 hominum
416 3077 481 3148 vel,
496 3076 522 3136 si
536 3077 625 3137 etiarn
641 3075 672 3136 di
687 3076 806 3138 oderint
820 3093 901 3152 quos
917 3089 1054 3154 oportet,
1068 3080 1125 3141 deo·

101 3165 177 3212 rum.
222 3155 251 3214 9.
277 3157 399 3233 ttelugn
418 3160 552 3230 animus,
581 3167 682 3233 patres
702 3160 883 3235 conscripti,
912 3178 1019 3238 eaque
1041 3165 1123 3226 ciere

100 3235 277 3300 reformidat
300 3242 428 3316 quacL
445 3240 624 3303 Antonius'
615 3259 646 3303 tn
660 3241 867 3307 Pannensium
888 3245 1000 3308 liberis
1023 3257 1054 3310 et
1067 3258 1124 3306 con

102 3312 222 3388 iugibus
246 3322 391 3385 effecerit
429 3324 518 3398 Quas
542 3323 630 3386 enim
641 3326 845 3402 turpitudines
866 3329 997 3396 Antonii
1014 3331 1124 3391 libenter

65 3477 67 3483 Ι
97 3411 171 3459 cum
193 3401 345 3467 dedecore
360 3404 532 3482 subierunt,
554 3410 680 3471 eaedem
696 3410 826 3485 pervim
845 3410 1002 3473 laetentur
1017 3413 1080 3473 altis
1097 3419 1123 3466 δὲ
