2356 3854
55 108 58 113 ‘
109 154 174 277 tao
262 119 303 220 ru
318 161 357 221 tu
372 158 572 218 euronium
602 157 740 218 annuo
755 112 973 216 ruminum
987 159 1024 217 u.

108 311 236 373 consilio
251 309 449 370 interfectum.
470 309 532 366 lam
548 324 665 380 vereor,
680 316 782 381 patres
798 305 982 382 conscripti,
1000 324 1047 380 ne,
1060 311 1130 383 quod

107 391 317 469 turpissimum
338 399 400 462 est,
423 382 697 464 praevaricatorem
718 387 789 448 mihi
811 389 1009 464 apposuisse
1031 392 1130 466 videar,

109 476 160 552 qui
175 491 224 533 me
240 491 300 534 non
317 475 414 534 solurn
429 472 505 532 meis
519 473 660 532 laudibus
675 478 806 545 ornaret,
822 473 988 532 sedetiam
1005 481 1132 534 oneraret

107 557 225 618 alienis.
255 557 327 629 Quis
343 556 423 616 enim
437 571 536 615 meum
551 557 582 614 in
602 555 661 615 ista
675 556 820 616 societate
835 554 1058 628 gloriosissimi
1073 557 1131 617 iacti

106 656 216 699 nonren
234 639 369 699 audivit?
398 638 490 699 Cuius
505 648 618 710 autem,
634 637 729 713 quiin
746 653 782 697 eo
798 654 931 713 numero
950 639 1073 713 fuisset,
1086 658 1129 700 no·

107 739 175 781 men
198 731 246 783 est
267 725 470 782 occultatum?
509 721 695 781 Occultatum
716 721 806 780 dieo?
833 719 926 782 cuins
959 739 1023 783 non
1047 723 1129 783 statim

107 806 314 879 dtvutgatuma
344 805 435 864 Citius
456 805 582 863 dixerim
598 803 729 863 iactasse
745 819 779 863 se
793 802 938 878 aliquos,
954 815 991 866 ut
1006 805 1094 866 tuisse
1104 806 1128 864 in

106 905 144 948 ea
161 888 307 948 societate
323 888 511 958 viderentur,
534 898 625 962 quum
650 885 765 946 conscii
788 903 850 946 non
877 887 1032 962 luissent,
1054 905 1126 962 quant

106 979 145 1030 ut·
154 972 316 1045 quisquam
337 971 427 1029 celari
447 973 535 1030 vellet
550 969 600 1042 qui
616 969 732 1028 luisset.
775 968 829 1041 26,
845 969 948 1042 Quam
967 971 1126 1031 verisimile

107 1069 198 1127 porro
213 1061 260 1113 est
273 1053 303 1111 in
319 1061 363 1112 lot
378 1052 548 1112 hominibus
560 1052 667 1126 partim
679 1051 818 1112 obscuris
830 1053 947 1126 partim
966 1055 1124 1115 adolescen-

105 1137 186 1196 tibus
207 1135 357 1195 neminem
379 1135 598 1205 occultantibus
619 1151 719 1195 meum
740 1151 848 1195 nomen
865 1137 969 1198 latere
985 1140 1123 1212 potuisset

105 1219 223 1279 Etenim
253 1219 280 1278 si
300 1226 441 1279 auctores
461 1219 500 1278 ad
526 1218 712 1278 liberandam
739 1217 868 1292 patriam
889 1218 1122 1280 desiderarentur

105 1302 165 1360 iltis
180 1302 350 1374 actoribus,
369 1302 480 1361 Brutos
501 1317 557 1375 ego
579 1302 776 1375 impellerem,
799 1317 934 1375 quorum
957 1311 1084 1376 uterque
1099 1301 1124 1361 l.

105 1385 188 1442 Bruti
207 1383 365 1456 imaginem
385 1383 495 1443 cotidie
511 1383 643 1455 videret,
664 1385 738 1443 alter
756 1384 844 1443 etiam
859 1385 1009 1446 Ahalae?
1035 1386 1071 1446 Hi
1083 1383 1124 1460 igi·

105 1475 153 1524 tur
167 1465 214 1524 his
234 1464 399 1525 maioribus
420 1468 458 1525 ab
478 1458 585 1525 alienis
598 1465 698 1540 potius
714 1465 874 1525 consitium
892 1476 1038 1541 peterent
1052 1483 1125 1542 quan

105 1564 123 1606 a
138 1547 202 1606 suis
218 1557 249 1607 et
263 1547 336 1609 loris
354 1547 456 1623 potius
473 1565 564 1623 quarn
579 1549 690 1609 domo?
723 1549 820 1621 Quidt
841 1549 874 1609 C.
891 1549 1041 1626 Cassius,
1059 1553 1086 1611 in
1098 1566 1124 1610 ea

105 1631 215 1690 tamilla
231 1640 334 1702 natus,
357 1649 437 1706 quae
451 1649 513 1691 non
527 1633 619 1691 modo
633 1631 831 1705 dominatum,
846 1633 904 1693 sed
920 1651 962 1694 ne
978 1636 1125 1710 potentian

94 1715 226 1788 ·quidem
245 1716 425 1789 cuiusquam
441 1717 519 1775 lerre
536 1716 643 1790 potuit,
668 1721 904 1790 mancionem,
923 1719 1038 1792 oredo,
1061 1716 1124 1778 desi

105 1797 236 1858 deravit=
261 1798 313 1873 qui
330 1798 423 1858 etiarn
437 1798 505 1858 sine
523 1797 571 1858 bis
589 1797 764 1858 clarissimis
779 1797 853 1858 viris
868 1799 953 1861 hane
968 1819 1035 1862 rem
1051 1803 1077 1861 in
1089 1799 1124 1860 ci-

104 1879 173 1940 licia
193 1882 232 1941 ad
255 1882 363 1942 ostium
386 1880 520 1941 fluminis
542 1881 639 1958 Cydni
660 1881 859 1953 coniecisset,
881 1883 908 1942 si
938 1884 993 1945 itte
1010 1887 1050 1945 ad
1072 1900 1124 1944 ean

103 1964 216 2037 ripam,
240 1982 330 2036 quarn
351 1963 561 2036 constituerat,
583 1980 641 2024 non
665 1965 704 2023 ad
725 1965 904 2026 normaniam
925 1984 1028 2028 naves
1045 1985 1125 2042 appu

104 2045 199 2104 lisset.
242 2044 293 2107 27.
316 2047 368 2106 Cn.
387 2047 549 2107 Domitium
578 2063 638 2106 non
666 2047 760 2120 patris
789 2047 947 2123 interitus,
978 2047 1124 2112 clarissimi

106 2127 175 2199 viri,
189 2144 248 2187 non
264 2129 405 2189 avuncuti
421 2147 520 2203 mors,
542 2146 599 2188 non
616 2130 756 2204 spoliatio
779 2131 936 2205 dignitatis
955 2135 996 2194 ad
1012 2149 1123 2209 recupe·

102 2211 227 2271 randam
241 2212 407 2272 libertatem
414 2259 428 2285 „
439 2213 494 2272 sed
506 2229 573 2272 mea
587 2214 751 2273 auctoritas
766 2214 934 2276 excitavit?
954 2220 1004 2277 An
1023 2220 1054 2278 C.
1070 2221 1124 2276 Tre

102 2293 194 2353 bunio
211 2311 268 2368 ego
291 2295 451 2370 persuasit
472 2295 521 2355 eui
541 2312 579 2354 ne
601 2297 732 2356 suadere
753 2297 876 2371 quidem
898 2316 1000 2361 ausus
1029 2315 1123 2361 essen.

103 2375 167 2446 Quo
182 2377 272 2437 etiam
287 2379 429 2439 maiorem
445 2378 474 2438 ei
488 2395 538 2438 res
560 2378 681 2453 publica
704 2379 829 2453 gratiam
844 2382 969 2455 debet,
984 2385 1040 2459 qui
1053 2385 1124 2444 liber

48 2531 52 2536 Ι
102 2465 191 2516 tatem
209 2462 314 2534 populi
328 2463 455 2521 Romani
466 2464 556 2523 unius
567 2461 715 2521 amicitiae
724 2465 907 2538 praeposuit
925 2468 1125 2543 depulsorque
1166 2504 1168 2537 2

103 2540 273 2601 dominatus
285 2561 375 2616 quarn
393 2544 546 2620 particeps
564 2561 634 2606 esse
651 2544 763 2605 maluit.
783 2549 831 2604 An
846 2548 879 2606 L.
894 2549 1006 2611 Tillius
1024 2552 1126 2611 Cimber

102 2637 149 2680 me
165 2633 211 2683 est
226 2633 379 2685 auctorem
395 2635 540 2687 secutus?
558 2645 646 2703 quem
663 2644 720 2702 ego
735 2628 832 2702 magis
844 2629 964 2694 iecisse
979 2634 1062 2694 ittam
1075 2648 1124 2693 ren

102 2721 168 2764 sum
185 2706 349 2768 admiratus
365 2725 454 2783 quam
469 2712 616 2771 lecturum
631 2711 751 2786 putavi=
767 2713 936 2776 admiratus
949 2734 1024 2778 sum
1041 2727 1125 2777 autem

102 2788 141 2847 ob
156 2805 221 2848 earn
234 2806 366 2862 causam,
384 2793 466 2866 quod
477 2791 634 2855 immernor
645 2794 872 2870 beneficiorum,
888 2814 1012 2862 mernor
1025 2799 1125 2876 patriae

101 2869 217 2933 luisset.
250 2873 327 2946 Quid
345 2877 424 2935 duos
442 2874 612 2938 Servilios?
648 2878 759 2937 Cascas
777 2878 876 2940 dicam
894 2897 936 2940 an
953 2884 1126 2944 Ahalastet

100 2951 157 3045 hos
179 2957 355 3018 auctoritate
375 2975 443 3018 mea
464 2974 573 3020 censes
601 2960 751 3022 excitatos
770 2961 874 3035 potius
896 2983 993 3038 quarn
1017 2965 1125 3027 caritate

100 3048 143 3125 ret
158 3039 317 3108 publioaet
341 3042 478 3117 Longum
497 3051 544 3104 est
558 3045 704 3118 persequi
720 3042 883 3117 caeteros,
898 3046 1000 3125 idque
1017 3050 1063 3111 rei
1081 3065 1122 3124 pn·

100 3110 197 3176 bircae
213 3125 414 3195 praectarum,
431 3126 527 3185 luisse
541 3132 600 3186 tam
618 3129 746 3197 multos,
763 3127 840 3201 ipsis
855 3130 1044 3202 gloriosum.

162 3198 237 3257 Xlll.
258 3203 308 3264 ab.
324 3210 465 3280 Atquem
480 3209 652 3269 admodum
668 3226 716 3270 me
729 3211 900 3284 coarguerit
916 3213 1015 3278 ltomo
1031 3224 1122 3277 aeuus

102 3281 309 3342 recordamini.
350 3288 480 3348 Caesare
506 3290 677 3363 interiecto,
709 3292 823 3366 inquit,
847 3297 954 3369 statim
980 3308 1124 3361 cruentum

102 3352 161 3410 alte
172 3364 324 3443 ¹extollens
339 3368 380 3429 M.
394 3371 505 3432 Brutus
520 3374 684 3448 pugionem
699 3375 878 3438 Ciceronem
892 3381 1072 3444 nominatim
1082 3393 1122 3439 ex·
