2356 3854
123 134 186 246 ³98
343 180 417 241 PRO
434 181 537 241 REGE
552 177 745 239 DEIOTARO
761 178 917 240 ORATIO.

119 336 149 397 in
166 331 290 409 proeliis
309 347 399 405 quam
418 330 448 389 in
472 328 632 404 promissis
653 337 683 388 et
703 328 765 386 ilde
789 327 967 388 firmiorem.
1012 329 1056 390 Tu
1074 332 1137 391 illius

120 419 241 489 domum
258 413 348 486 inire,
368 422 398 473 tu
413 413 508 472 vetn's
523 411 688 486 hospitium
710 427 861 470 renovare
878 412 1022 472 voluisti:
1047 423 1075 473 te
1088 416 1137 474 eius

119 501 150 560 di
165 504 293 574 penates
308 504 506 571 acceperunt:
521 504 552 555 te
568 495 697 555 amicum
713 502 742 554 et
760 495 912 577 placatum
928 495 1065 556 Deiotari
1075 499 1138 571 repa

119 598 191 643 arae
212 580 335 655 focique
356 580 505 639 viderunt.
548 577 577 638 9.
601 577 698 650 Quum
722 577 810 636 lacile
823 577 919 651 orari,
944 578 1074 651 Caesar,
1094 590 1160 641 tun.

119 665 213 726 semel
238 663 358 722 exorari
382 666 475 722 soles.
518 663 613 721 Nemo
634 676 778 734 umquam
798 667 827 719 te
850 662 987 736 placavit
1008 663 1139 735 inimicus,

119 749 169 824 qui
187 749 266 807 ullas
281 746 437 806 resedisse
455 744 484 803 in
501 753 531 805 te
545 743 704 805 simultatis
720 742 865 817 reliquias
882 746 1028 806 senserit
1051 747 1138 820 Quam

119 847 210 906 quam
222 829 274 889 cui
289 837 359 890 sunt
374 829 527 888 inauditae
543 843 612 887 cum
625 826 768 886 Deiotaro
786 829 932 909 querelae
948 836 1044 887 tune?
1068 831 1139 903 llum-

119 930 210 990 quam
230 913 314 974 illum
332 921 366 972 tu
387 910 572 970 accusavisti
587 918 619 969 ut
631 910 766 979 hostem,
783 911 840 969 sed
855 918 890 969 ut
903 910 1039 971 amicum
1057 912 1138 973 alicio

95 1024 100 1042 ι
117 1014 226 1073 parum
241 997 391 1068 iunctum,
412 995 495 1069 qnod
509 1003 511 1007 ·
520 992 703 1068 propensior
716 992 747 1051 in
765 992 818 1052 Cn.
833 993 974 1068 Pompeii
997 996 1138 1064 amicitiam

119 1081 228 1140 luisset
247 1095 338 1154 quam
353 1077 383 1136 in
398 1086 495 1138 tuam:
514 1077 561 1136 cui
576 1084 674 1135 tamen
690 1075 750 1149 ipsi
767 1075 812 1136 rei
828 1075 952 1135 veniam
966 1085 999 1137 te
1019 1080 1136 1139 daturum

118 1164 214 1223 luisse
234 1161 372 1230 dicebas,
398 1159 425 1218 si
439 1167 501 1220 tum
516 1159 629 1219 auxilia
642 1159 803 1232 Pompeio,
827 1161 874 1218 vel
897 1159 925 1220 si
951 1160 1047 1221 etiam
1063 1163 1134 1221 ilium

117 1245 266 1316 misisset,
281 1245 350 1317 ipse
364 1242 472 1302 aetatis
487 1242 687 1302 excusatione
701 1257 777 1301 usus
794 1248 886 1302 esset
933 1241 987 1303 10.
1004 1245 1047 1306 lta
1063 1259 1135 1320 quun

117 1325 256 1386 maximis
278 1341 346 1384 eum
370 1326 462 1385 rebus
480 1326 641 1397 liberares,
662 1341 844 1399 perparvam
864 1324 1022 1386 amicitiae
1038 1331 1135 1400 culpam

116 1408 322 1482 relinquebas.
364 1409 470 1482 ltaque
494 1425 554 1467 non
576 1409 673 1467 solum
695 1410 724 1466 in
742 1424 810 1467 eum
826 1409 1135 1481 non'animadvertisb‘,
1177 1408 1178 1448 ³

118 1492 174 1553 sed
189 1491 270 1551 omni
285 1500 366 1551 metu
380 1490 556 1562 liberavisti,
570 1491 722 1565 hospitem
735 1491 896 1564 agnovisti,
913 1509 1023 1566 regem
1037 1491 1135 1568 reliqui·

117 1574 164 1634 sti.
192 1575 298 1649 Neque
315 1573 395 1653 enim
410 1574 460 1655 ille
473 1573 544 1634 odio
556 1573 599 1634 tui
612 1591 795 1649 progressus
810 1583 865 1646 est,
882 1576 940 1635 sed
952 1593 1062 1638 errore
1073 1592 1133 1636 oon

13 1650 18 1666 “
116 1659 197 1717 muni
218 1660 325 1732 lapsus
347 1666 403 1721 est.
445 1657 476 1716 ls
497 1673 568 1730 rex,
591 1674 680 1732 quem
704 1667 828 1718 senatus
845 1659 904 1718 hoc
921 1662 1134 1734 nominesaepc

115 1738 433 1802 honorificentissimis
455 1740 586 1801 decretis
607 1736 842 1815 appellavisset,
858 1741 989 1823 quique
1011 1745 1133 1805 iltumor·

116 1824 216 1884 dinem
232 1825 269 1884 ab
286 1824 495 1884 adolescentia
509 1824 722 1897 gravissimum
739 1824 1036 1902 sanctissimumque
1053 1825 1134 1887 duxis-

55 1939 57 1944 ,
116 1915 171 1978 set,
188 1907 295 1966 iisdem
311 1908 404 1968 rebus
419 1915 467 1967 est
480 1906 674 1986 perturbatus
695 1907 786 1967 homo
803 1907 996 1982 longinquus
1009 1922 1040 1971 et
1053 1908 1133 1970 alieni·
1173 1924 1174 1929 ¹

115 2005 201 2064 gena,
220 1991 330 2063 quibus
342 2008 398 2050 nos
413 1991 443 2048 in
461 1990 561 2049 media
577 1989 743 2064 republica
758 1989 819 2051 nali
831 2007 1023 2068 semperque
1036 1990 1133 2054 versati

115 2073 167 2130 IV.
190 2071 238 2132 11.
257 2073 352 2145 Quum
367 2073 486 2133 audiret
501 2082 625 2133 senatus
641 2073 857 2135 consentientis
874 2078 1060 2138 auctoritate
1072 2090 1135 2136 ama

115 2164 234 2229 sumpta
249 2172 337 2228 esse,
360 2155 551 2228 consulibus,
568 2156 775 2231 praetoribus,
790 2156 919 2217 tribunis
935 2161 1049 2235 plebis,
1065 2157 1133 2220 nobis

15 2234 25 2259 ”
114 2237 349 2312 imperatoribus
359 2256 426 2299 rem
441 2239 593 2314 publicam
609 2241 830 2299 defendendam
842 2241 954 2313 datam,
973 2247 1134 2305 movebatur

114 2321 214 2381 animo
235 2331 265 2382 et
281 2323 327 2381 vir
348 2323 417 2382 huic
432 2322 559 2397 imperio
576 2323 779 2383 amicissimus
798 2324 837 2382 de
851 2324 951 2385 salute
968 2328 1076 2403 populi
1092 2329 1133 2385 lio

112 2405 193 2463 mani
209 2405 442 2478 extimescebat,
464 2406 494 2465 in
514 2425 577 2488 *qua
599 2406 688 2466 etiam
712 2423 797 2465 suam
812 2422 884 2466 esse
900 2409 1055 2471 inclusam
1071 2410 1134 2469 vide

113 2485 174 2545 bat.
217 2488 251 2545 ln
277 2505 394 2548 summo
416 2498 516 2548 tamen
540 2490 647 2549 timore
669 2488 888 2563 quiescendum
911 2493 973 2554 sibi
991 2490 1136 2556 esse'arbi

112 2567 256 2629 trabatur.
291 2572 421 2631 Maxime
435 2589 510 2632 vero
527 2573 717 2646 perturbatus
733 2582 794 2647 est,
812 2582 842 2634 ut
857 2575 993 2651 audivit,
1011 2577 1150 2639 consules.

115 2666 154 2710 ex
176 2650 261 2712 ltalia
281 2655 457 2729 profugisse
485 2672 654 2731 omnesque
685 2659 927 2738 consulares-
955 2661 1006 2722 sic
1027 2663 1099 2722 enim
1113 2654 1136 2717 ei

112 2735 314 2796 nunciabatur
322 2772 372 2810 -,
382 2747 521 2798 cunctum
536 2748 681 2812 senatum,
691 2742 906 2801 totamltaliam
915 2741 1061 2806 effusam.
1073 2739 1133 2804 lali·

112 2820 171 2880 bus
193 2820 414 2880 enim'nunciis
440 2831 469 2882 et
491 2822 661 2882 rumoribus
681 2825 803 2897 patebat
829 2826 870 2883 ad
905 2826 1058 2889 orientem
1082 2827 1134 2884 vta

112 2903 186 2981 nulli
201 2904 265 2964 veri
281 2904 383 2965 nuncii
401 2906 673 2980 subsequebantur.
700 2906 778 2965 Nihil
792 2907 841 2967 ille
857 2909 897 2967 de
913 2911 1135 2972 condicionibus

112 2987 186 3061 tuiS,
210 2987 283 3049 nilril
308 2990 345 3049 de
361 2989 460 3048 studio
480 2989 664 3050 concordiae
679 2999 709 3049 et
723 2991 825 3064 paciS,
844 2991 919 3051 nihil
933 2993 978 3053 de
995 2993 1134 3071 conspires

112 3069 195 3129 tione
218 3072 362 3133 audiebat
383 3081 532 3133 certorum
556 3071 710 3132 hominum
731 3082 836 3133 contra
858 3075 1041 3150 dignitatem
1062 3088 1131 3138 tuam·

114 3150 198 3220 Quae
220 3174 313 3228 quum
333 3157 373 3216 ita
391 3156 510 3227 essebt,
534 3163 633 3216 tamen
658 3173 757 3231 usque
779 3174 816 3217 eo
839 3173 873 3216 se
889 3160 1004 3232 tenuit,
1017 3157 1134 3236 quoodo

112 3230 166 3290 Cn.
181 3235 325 3313 Pompeio
338 3240 376 3298 ad
391 3257 458 3299 eum
471 3239 560 3315 legati
572 3239 748 3314 litteraeque
761 3247 919 3300 venerunt.
942 3242 995 3303 12.
1012 3246 1134 3318 ignosce,

110 3311 248 3389 ignosce,
269 3322 390 3392 Caesar,
405 3322 430 3382 si
444 3323 510 3383 eius
529 3323 583 3382 viri
597 3323 765 3384 auctoritati
785 3324 1026 3401 rex=Deiotarns
1046 3323 1133 3393 cessit,

111 3406 1133 3486 quemnosomnesseeuttsurmusmdquemquumdiatquetronina
