2356 3854
355 174 746 244 CAP.s-11.t.?as-st.
822 247 827 257 ,
855 161 858 165 ’
999 182 1061 246 tou

56 327 238 402 oncertavit,
253 328 341 402 plura
353 329 433 389 bella
447 327 544 404 gessit
560 344 649 403 quam
664 330 775 389 caeteri
789 330 941 404 legerunt,
957 322 1061 407 plures

56 411 211 471 rovinciss
233 410 365 471 confecit
386 426 477 484 quam
500 409 550 468 alii
571 413 824 486 concupiverunt,
851 412 939 473 cuius
958 416 1062 476 adole·

56 494 152 554 centia
166 494 208 552 ad
221 492 378 553 scientiam
392 493 438 553 rei
452 492 587 552 militaris
603 511 662 553 non
679 495 786 555 alienis
804 496 990 570 praeceptis,
1005 500 1061 558 sed

56 578 98 636 uis
112 575 265 652 imperiis,
280 593 340 636 non
356 576 577 636 offensionibus
592 576 678 647 belli,
694 578 750 637 sed
765 577 914 650 victoriis,
929 596 989 638 non
1009 581 1061 640 sti-

56 660 165 733 endiiS,
182 660 239 720 sed
250 659 408 734 triumphis
420 667 468 718 est
479 659 605 718 erudita.
636 659 725 731 Quod
739 659 978 735 deniquegenus
989 679 1061 723 esse
1084 711 1087 715 ,

56 743 104 802 olli
119 750 230 817 potest
247 742 278 800 ln
295 758 355 815 quo
366 741 449 801 illum
462 759 521 801 non
533 741 703 801 exercuerit
715 742 835 802 fortuna
845 743 888 801 rei
903 745 1062 817 publicae?

56 825 141 895 teile,
164 824 354 895 Africanum,
375 825 619 898 Transalpinum,
640 820 860 898 Hispaniense,
880 827 1004 885 mixtum
1022 843 1060 886 ex

56 905 205 967 :ivitatibus
216 915 310 982 utque
321 924 360 965 ex
371 906 612 966 bellicosissimis
623 905 805 979 nationibus,
818 907 938 979 servile,
953 911 1061 969 navale

56 993 160 1064 tellum,
175 990 261 1048 varia
276 999 306 1049 et
320 989 441 1048 diversa
456 1006 567 1063 genera
583 997 613 1048 et
626 990 774 1049 bellorum
789 999 820 1050 et
836 990 983 1064 hostium,
998 1006 1060 1051 non

56 1075 133 1133 otum
146 1076 236 1146 gesta
247 1072 286 1132 ab
298 1073 438 1145 hoeuno,
454 1072 610 1132 sedetiam
626 1074 774 1143 conlecta,
790 1074 902 1132 nullam
913 1090 976 1132 rem
989 1088 1061 1134 esse

56 1154 190 1216 leclurant
204 1155 234 1214 in
251 1172 311 1215 usu
326 1154 458 1230 positam
473 1154 607 1228 militari,
628 1171 707 1230 qnae
726 1155 816 1215 huius
831 1156 885 1214 viri
903 1155 1059 1216 scientiam

56 1236 138 1312 ligere
154 1237 265 1314 possit.

117 1320 165 1380 lll.
184 1321 235 1382 29.
254 1322 317 1379 lam
332 1336 404 1382 vero
419 1318 521 1381 virtuti
537 1321 588 1380 Cn.
600 1320 735 1396 Pompeii
755 1337 832 1394 quae
847 1330 948 1396 potest
963 1321 1059 1383 oratio

56 1416 93 1461 tar
109 1403 260 1464 invenirit
287 1403 364 1477 Quid
387 1409 435 1464 est
451 1404 535 1478 quod
551 1403 711 1478 quisquam
728 1412 781 1464 aut
800 1404 851 1464 illo
868 1405 992 1478 dignum
1008 1414 1061 1466 aut

56 1488 120 1548 tobis
136 1502 252 1548 novum
269 1494 322 1546 aut
335 1485 476 1561 cuiquam
490 1487 655 1549 inauditnm
670 1486 771 1561 possit
785 1488 926 1547 adferret
952 1488 1059 1562 Neque

56 1571 111 1629 nim
126 1571 199 1631 illae
215 1579 285 1631 sunt
300 1570 385 1630 solae
401 1571 527 1630 virtutes
542 1566 766 1644 imperatoriae,
790 1587 874 1644 quae¹
885 1571 978 1645 vulgo
995 1573 1059 1630 exi»

56 1653 208 1728 limantur,
222 1655 310 1713 labor
322 1652 352 1711 in
366 1652 516 1728 negociis,
533 1653 675 1713 fortitudo
690 1652 720 1710 in
736 1652 895 1724 periculis,
912 1652 1059 1712 industria

56 1739 208 1813 tegendo,
225 1736 365 1796 celeritas
375 1734 405 1794 in
418 1733 617 1806 conficiendo,
633 1734 793 1794 consilinm
808 1734 838 1792 in
854 1735 1058 1808 providendo=

56 1837 109 1882 uae
124 1823 216 1880 tante
227 1827 298 1880 sunt
311 1819 341 1877 in
356 1819 415 1878 hoc
430 1835 506 1888 uno,
529 1827 642 1892 quanta
664 1817 694 1876 in
710 1815 850 1877 omnibus
864 1815 990 1890 reliquis
1006 1817 1058 1874 im-

56 1902 241 1974 emtoribus,
266 1919 345 1977 quos
360 1909 412 1961 aut
427 1900 558 1959 vidimus
573 1897 826 1971 autaudivimus,
849 1916 911 1959 non
929 1900 1059 1959 luerunt.

56 1986 75 2048 l.
99 1984 205 2066 Testis
228 1994 276 2046 est
299 1983 399 2055 ltalia,
424 2000 514 2058 quam
535 1983 584 2042 ille
605 1983 674 2058 ipse
693 1985 791 2042 victor
808 1983 841 2041 L.
864 1982 948 2042 Sulla
968 1981 1059 2044 huius

55 2069 142 2132 rtute
158 2077 191 2128 et
204 2068 342 2129 subsidio
354 2068 516 2128 confessus
528 2074 576 2127 est
584 2067 748 2129 liberatam.
777 2065 875 2126 Testis
888 2074 935 2127 est
946 2065 1058 2140 Sicilia,

56 2170 123 2215 ram
138 2150 241 2212 multis
255 2151 390 2225 undique
400 2150 527 2210 cinctum
543 2150 688 2225 periculis
701 2167 762 2211 non
777 2158 892 2210 terrore
907 2149 986 2220 belli,
1003 2151 1059 2209 sed

56 2235 154 2298 ›nsilii
167 2234 322 2296 celeritate
338 2234 510 2308 explicavit.
539 2232 637 2294 Testis
652 2242 699 2295 est
713 2233 831 2305 Africa,
848 2250 926 2308 quae
941 2232 1059 2306 magnis

56 2331 187 2397 >pressa
207 2318 338 2379 hostium
363 2315 461 2391 copiis
486 2333 590 2377 eorum
616 2317 752 2392 ipsorum
779 2316 927 2390 sanguine
949 2316 1059 2374 redun-

56 2404 123 2464 rvit
154 2399 254 2461 Testis
267 2406 316 2461 est
330 2399 440 2472 Gallia,
461 2416 517 2475 per
535 2416 624 2474 quam
640 2398 810 2474 legionibus
828 2397 941 2458 nostris
955 2398 1012 2458 iter
1027 2396 1059 2456 in

54 2484 212 2562 ispaniam
227 2483 379 2544 Gallorum
396 2482 592 2543 internicione
610 2484 792 2557 patefactum
807 2489 863 2541 est.
898 2481 996 2542 Testis
1011 2490 1059 2542 est

56 2567 191 2646 ispania,
208 2583 287 2641 quae
299 2566 479 2641 saepissime
492 2566 638 2641 plurimos
653 2564 757 2626 hostes
769 2566 807 2624 ab
822 2565 881 2624 hoc
897 2572 1059 2640 superatos

56 2659 267 2724 instratosque
282 2651 452 2724 conspexit.
483 2649 581 2710 Testis
600 2658 647 2709 est
660 2649 766 2709 iterum
781 2654 810 2708 et
826 2649 948 2722 saepius
964 2647 1057 2718 Italia,

56 2751 112 2794 uae
128 2749 223 2809 quum
238 2732 340 2793 servili
352 2733 432 2792 bello
448 2740 543 2793 taetro
560 2732 795 2807 periculosoque
811 2739 1005 2806 premeretur,
1019 2728 1058 2788 ab

56 2833 91 2877 oc
108 2815 257 2877 auxilium
274 2817 400 2876 absente
416 2814 575 2890 expetivit:
603 2816 686 2890 quod
701 2816 812 2875 bellum
828 2812 1059 2887 exspectatione

56 2900 301 2981 ius-attenuatum
316 2898 410 2974 atque
424 2897 610 2958 imminutum
626 2906 687 2970 est,
709 2898 842 2957 adventu
859 2895 1009 2959 sublatum
1023 2906 1060 2950 ac

56 2985 198 3057 epultum.
243 2981 294 3043 31.
320 2982 427 3043 Testes
451 2999 531 3041 nunc
555 2998 630 3043 vero
655 2980 713 3040 iam
739 2996 846 3040 omnes
872 2993 943 3038 orae
968 2983 1060 3048 atque
1108 2995 1112 3004 ⁴
1155 3015 1159 3023 .

56 3081 142 3126 mnes
154 3073 277 3126 exterae
284 3075 390 3140 gentes
401 3081 438 3123 ac
447 3063 594 3137 nationes,
606 3065 738 3138 deniqne
749 3062 843 3121 urania
855 3059 955 3121 omnia
968 3073 1065 3132 ouum.

56 3147 179 3209 universa
202 3157 265 3208 tum
290 3148 332 3208 ln«
346 3148 473 3222 singulis
497 3146 558 3206 oris
585 3161 690 3206 omnes
716 3145 801 3204 sinus
826 3150 917 3216 atque
943 3150 1059 3216 portus.

56 3227 110 3300 luis
133 3231 213 3292 enim
233 3240 296 3293 toto
317 3231 392 3291 mari
414 3231 500 3288 locus
522 3244 576 3302 per
597 3227 655 3286 hos
673 3243 769 3286 annos
793 3235 843 3286 aut
862 3234 922 3285 tam
941 3227 1060 3285 firmum

56 3314 140 3375 rubuit
158 3315 358 3391 praesidinm,
384 3321 415 3373 ut
429 3321 510 3372 tutus
527 3320 624 3382 esset,
647 3317 699 3370 aut
717 3318 777 3369 tam
797 3309 852 3369 luit
872 3309 1006 3380 abditus,
1028 3315 1062 3368 ut

56 3390 161 3459 lateret?
197 3398 270 3472 Quis
284 3396 436 3474 navigavit
456 3395 582 3470 quinon
603 3410 637 3454 se
652 3401 703 3454 aut
720 3392 824 3454 mortis
840 3401 892 3455 aut
907 3389 1061 3454 servitutis
