2356 3854
132 166 196 234 asa
406 124 879 237 'raopnroanroonamo

131 312 289 393 provincia
304 313 378 374 satis
394 314 494 373 facere
509 313 679 375 hominibus
694 330 755 374 non
776 321 899 388 posset,
924 316 953 375 si
976 331 1135 390 quemquam

131 399 221 460 alium
241 392 416 471 provinciae
439 396 645 469 praefecisset.
687 397 794 471 ltaque
813 396 971 471 Ligarius,
994 416 1085 473 quum
1102 400 1136 458 dit
1169 416 1175 469 p

118 482 277 541 'recusans
292 477 363 540 nihil
379 478 574 555 profecisset,
604 476 791 555 provinciam
814 479 938 553 accepit
958 479 1087 543 ,invitusa
1106 480 1137 541 cni
1169 497 1172 552 :'

131 563 175 623 sic
191 562 319 645 praefuit
333 559 364 620 in
377 576 468 635 pace,
487 569 521 621 ut
541 570 571 621 et
590 560 707 623 civibus
728 570 758 623 ει
779 561 876 621 sociis
888 558 1065 636 gratissima
1078 571 1140 627 essct

131 644 369 716 eius'integritas
384 659 419 702 ae
435 644 522 703 fides.
564 642 593 703 3.
607 645 723 704 Bellum
738 641 838 704 subito
855 645 998 720 exarsit,
1012 647 1093 721 quod
1106 644 1140 719 qui
1171 686 1175 706 ,ι

131 734 217 788 erant
229 725 259 785 in
276 726 379 786 Africa
394 733 463 785 ante
476 725 634 785 audierunt
648 728 711 800 geri
728 743 817 800 quam
832 729 947 801 parari.
975 728 1043 800 Quo
1060 729 1140 789 audito
1170 776 1172 785 ,

15 838 31 851 κ
131 809 239 885 partim
250 807 414 882 cupiditate
426 808 659 880 inconsiderata,
675 809 783 883 partim
799 825 891 869 caeco
905 811 1140 885 quodamtimorc
1170 845 1174 882 ,

131 891 229 966 primo
247 890 369 962 salutis,
390 899 462 965 post
482 890 571 950 etiam
585 890 677 950 studii
691 891 739 951 sui
754 893 946 966 quaerebant
960 893 1093 971 aliquem
1105 894 1139 953 du·
1171 939 1178 970 ,

131 991 212 1048 cem,
235 990 327 1048 quum
346 972 496 1046 Ligarius,
519 973 640 1033 domum
660 981 818 1048 spectans,
834 975 874 1033 ad
895 992 977 1037 suos
996 978 1139 1037 redirem·
1171 1014 1178 1050 ,

132 1057 228 1137 piens,
243 1055 534 1129 nulloseimplicari
548 1055 676 1128 negocio
692 1073 804 1131 passus
821 1065 877 1117 est.
926 1059 1054 1120 Interim
1067 1060 1095 1118 P.
1105 1056 1139 1117 lt-

130 1141 314 1209 ansverus,
332 1138 383 1212 qui
397 1145 520 1212 praetor
532 1137 666 1197 Africam
677 1139 854 1210 obtinuerat,
865 1140 990 1201 Uticam
1002 1142 1091 1202 ve'nit
1107 1139 1138 1198 at
1177 1204 1178 1208 Ἰ

131 1239 200 1283 eum
221 1222 319 1281 statim
341 1236 523 1280 concursum
544 1228 600 1280 est.
642 1224 744 1294 Atque
765 1223 813 1280 ille
833 1238 894 1280 non
911 1221 1138 1301 mediocricupi·
1169 1273 1178 1302 ἶ

131 1304 222 1363 ditate
237 1302 369 1375 adripuit
385 1302 552 1379 imperium,
570 1303 596 1362 si
607 1302 679 1362 illud
693 1303 850 1377 imperium
866 1319 941 1365 esse
956 1307 1067 1382 potuit,
1081 1302 1138 1380 qual
1171 1355 1174 1379 ,

131 1386 170 1444 ad
192 1387 341 1458 privatum
368 1384 498 1444 clamore
522 1385 717 1446 multitudinis
737 1385 907 1460 imperitae,
930 1390 1020 1450 nullo
1044 1389 1137 1465 publio

132 1466 258 1527 consilio
271 1467 471 1525 deferebatur.
515 1463 543 1526 4.
559 1468 667 1541 ltaque
678 1468 829 1542 Ligarius,
854 1469 906 1542 qui
929 1486 1026 1531 omne
1040 1474 1137 1532 talene

131 1549 252 1624 gotium
270 1556 395 1623 cuperet
410 1549 557 1622 effugere,
580 1551 715 1624 paullum
734 1551 866 1611 adventu
880 1553 959 1612 Vari
977 1551 1137 1630 conquievit

131 1631 307 1706 ILAdbuc,
323 1631 353 1690 C.
372 1631 497 1705 Caesar,
518 1631 550 1706 Q.
565 1631 702 1705 Ligarius
714 1634 799 1693 'omni
813 1635 903 1708 culpa
920 1643 1024 1695 vacat.
1066 1637 1137 1694 Domo

132 1724 179 1776 est
195 1731 339 1790 egressus
355 1731 413 1776 non
431 1715 522 1774 modo
540 1715 653 1774 nullum
669 1717 708 1774 ad
723 1716 848 1788 bellum,
869 1718 929 1777 sed
952 1735 994 1779 ne
1019 1720 1059 1779 ad
1076 1713 1137 1777 mini

131 1815 210 1859 mam
232 1797 353 1872 quidem
374 1796 580 1872 suspicionem
599 1797 684 1856 belli:
711 1799 828 1872 legatus
852 1799 881 1857 in
903 1816 986 1874 pace
1008 1803 1138 1876 profectus

132 1891 193 1942 est:
210 1880 240 1940 in
257 1880 413 1955 provincia
428 1879 620 1955 pacatissima
635 1880 673 1940 ita
693 1897 728 1940 se
743 1880 852 1955 gessit,
873 1889 906 1942 ut
922 1882 950 1942 ei
967 1900 1077 1958 pacem
1089 1893 1139 1940 esst

91 1958 94 1970 '
131 1962 297 2038 expediret.
339 1964 487 2024 Profectio
510 1971 591 2023 certe
611 1964 740 2027 animum
760 1969 842 2023 tunm
863 1980 925 2024 non
951 1966 1047 2027 debet
1068 1963 1139 2026 offen·

131 2047 219 2105 dere:
234 2062 304 2105 num
319 2046 407 2120 igitur
417 2048 590 2105 remansio?
602 2045 695 2122 Multo
711 2047 819 2106 minus.
846 2046 921 2105 Nam
937 2046 1089 2121 profectio
1102 2060 1138 2102 ro·

132 2131 272 2188 luntatem
294 2128 398 2187 habuit
421 2132 480 2187 non
501 2136 634 2203 turpem,
656 2130 806 2187 remansio
830 2131 1051 2191 necessilatem
1073 2127 1140 2189 edan

131 2212 299 2272 honestam.
342 2210 423 2285 Ergo
444 2210 519 2268 haec
540 2210 600 2269 duo
622 2219 759 2286 tempora
776 2219 878 2271 carent
895 2211 1041 2274 ommino:
1060 2225 1139 2277 unum

132 2312 224 2369 quarn
245 2301 293 2355 est
307 2295 428 2368 ‚legatus
457 2293 628 2368 profectus,
658 2297 799 2366 alterum,
821 2311 913 2368 quum
934 2295 1142 2370 efflagimtusa

132 2376 288 2451 provincia
309 2376 501 2452 praepositus
520 2376 641 2435 Africae
662 2385 717 2447 est.
765 2373 795 2436 5.
812 2376 943 2436 Tertium
966 2380 1141 2454 tempusue

133 2461 214 2533 quod
227 2466 297 2533 post
307 2460 469 2519 adventum
479 2459 552 2518 Vari
563 2457 593 2518 in
610 2459 714 2518 Africa
727 2457 843 2531 restitit,
859 2458 988 2532 quodsi
1004 2468 1054 2521 est
1066 2456 1142 2519 arini-

132 2558 257 2613 nosum,
272 2537 463 2602 necessitatis
480 2541 591 2602 crimen
606 2549 667 2614 est,
687 2559 747 2602 non
763 2541 940 2601 voluntatis·
984 2545 1036 2603 An
1051 2543 1108 2613 ille,
1124 2534 1144 2597 si

131 2623 281 2700 potuisset
293 2623 373 2684 illinc
384 2626 445 2684 ullo
458 2626 548 2683 modo
561 2625 704 2697 evadere,
716 2623 823 2686 Uticae
841 2640 934 2699 quam
947 2625 1079 2699 Romae,
1092 2634 1144 2682 cum

130 2705 358 2781 enumquam
375 2723 444 2766 cum
455 2705 701 2767 concordissimis
717 2706 867 2780 fratribus,
882 2723 953 2767 cum
970 2708 1081 2769 alienis
1090 2716 1145 2765 esse

133 2806 297 2867 quamcnm
307 2784 554 2850 s'nismaloissetf
565 2790 660 2865 Quum
669 2790 852 2865 ipsalegatio
862 2789 953 2864 plena
962 2787 1105 2853 desiderii
1118 2799 1145 2845 at

132 2873 342 2936 sollicitudinis
360 2874 467 2934 fuisset
482 2882 606 2947 propter
620 2871 825 2933 incredibilem
847 2872 1018 2947 quemdam
1041 2875 1144 2933 fratrum

132 2975 273 3028 amorem,
289 2958 338 3018 bic
352 2973 450 3033 aequo
463 2958 561 3017 animo
575 2958 644 3016 esse
659 2955 756 3030 potuit
768 2956 839 3015 belli
850 2953 987 3016 discidio
1000 2957 1144 3017 distractu

27 3088 33 3109 ,
132 3042 326 3102 alratribust

206 3124 236 3185 6.
254 3124 372 3184 Nullum
393 3120 482 3198 igitur
502 3122 618 3195 babes,
644 3122 775 3196 Caesar,
803 3119 903 3179 adhuc
926 3118 958 3179 in
980 3121 1017 3195 Q.
1044 3113 1143 3196 Ligario

134 3201 251 3276 signum
273 3209 388 3268 alienae
409 3214 470 3267 ate
487 3203 668 3266 volontatis:
692 3203 778 3265 cuius
801 3219 858 3277 ego
879 3218 1013 3264 causam
1031 3196 1145 3264 animad-

135 3293 231 3358 verte,
247 3306 373 3362 quaeso,
390 3305 449 3364 qua
464 3289 523 3349 ilde
535 3289 710 3349 defendam:
727 3287 823 3362 prodo
835 3301 944 3344 meam.
993 3284 1018 3346 0
1034 3286 1145 3346 clemen

133 3364 204 3433 dam
216 3369 419 3431 admirabilem
430 3380 521 3440 atque
540 3370 670 3431 omnium
686 3371 782 3443 laude,
801 3366 1043 3443 praedicatione,
1057 3361 1145 3430 atrab
