2356 3854
360 124 589 257 conlo-ua
610 170 636 231 t.
651 172 782 228 aa—sr.
833 174 839 183 ’
1027 169 1090 235 241

69 321 175 375 terum
189 318 220 373 et
234 310 388 393 siquibus
401 311 578 388 regionibus
590 313 670 375 vitae
681 315 812 391 spatium
828 314 1088 393 circumscriptum

71 405 121 471 st,
140 393 261 456 eisdem
280 411 387 455 omnes
401 395 601 470 cogitationes
621 399 794 460 terminaret
813 415 902 472 suas,
926 402 1088 462 nectentis

70 497 92 540 e
112 477 273 541 laboribus
295 479 447 552 frangeret
463 495 563 554 neque
582 487 627 541 tot
641 482 721 541 euris
736 480 910 556 vigiliisque
929 493 1089 558 angeretur

70 579 116 624 tec
128 560 244 622 totiens
259 562 298 621 de
311 562 373 622 vita
386 560 455 636 ipsa
470 561 635 622 dimicaret.
668 564 754 623 Nunc
768 564 881 625 insidet
895 568 1044 640 quaedam
1058 568 1089 627 in

70 646 178 722 ptimo
194 660 318 727 quoque
338 644 448 717 virtus,
472 662 551 720 quae
572 653 679 706 noctes
700 654 731 706 et
746 645 813 706 dies
828 647 960 708 animum
968 648 1090 723 -glorice

70 728 189 788 timulis
205 728 335 790 concitat
349 735 441 802 atque
456 729 600 789 admonet
613 745 674 789 non
691 745 760 790 cum
773 728 854 790 vitae
868 740 1004 805 tempore
1018 749 1090 793 essa

70 810 849 883 limetiendamcommemorationemnominisnostri,
861 815 917 873 sed
929 814 1090 873 cumomni

70 893 239 955 ›osteritate
255 894 497 968 adaequandam.
526 895 590 954 Xll.
607 894 657 956 30.
673 897 723 956 An
737 910 811 954 vero
828 902 887 961 tam
895 895 987 991 parvi
998 896 1090 955 animi

70 978 222 1037 rideantur
235 993 307 1036 esse
323 993 446 1049 onmes,
467 975 520 1052 qui
539 976 570 1036 in
585 994 619 1037 re
638 978 762 1052 publica
781 986 873 1051 atque
894 979 927 1037 in
941 975 999 1038 his
1009 980 1090 1038 vitae

70 1058 206 1120 ›ericulis
222 1058 439 1140 laboribusque
453 1076 626 1134 versamur,
647 1070 694 1134 ut,
716 1078 808 1137 quum
824 1062 975 1157 usquead
992 1070 1089 1121 extre-

70 1160 144 1203 num
162 1142 295 1217 spatium
317 1144 432 1203 nullum
459 1145 651 1218 tranquillum
671 1153 763 1220 atque
787 1134 925 1204 ociosum
952 1143 1090 1218 spiritum

70 1224 256 1298 luxerimus,
269 1225 430 1286 nobiscum
445 1225 534 1286 simul
548 1227 693 1288 moritura
706 1227 806 1288 omnia
820 1227 1021 1288 arbitremurl
1041 1230 1090 1287 An

70 1316 178 1369 statuas
189 1317 221 1369 et
231 1308 394 1384 imagines,
407 1326 469 1369 nou
481 1309 648 1371 animorum
663 1311 837 1382 simulacra,
852 1312 908 1370 sed
917 1327 1088 1385 corporum,

70 1391 201 1453 studiose
211 1393 294 1452 multi
311 1393 419 1453 summi
429 1393 568 1454 homines
579 1394 781 1468 reliquerunt,
793 1393 990 1455 consiliorum
1001 1395 1090 1453 relin-

70 1490 158 1550 guere
178 1491 215 1534 ac
242 1474 384 1535 virtutum
407 1485 578 1538 nostrarum
605 1477 736 1551 effigiem
757 1493 859 1537 nonne
885 1479 977 1537 multo
1001 1479 1090 1538 malle

70 1559 225 1633 lebemus,
243 1558 368 1632 summis
383 1558 512 1634 ingeniis
530 1577 708 1635 expressam
725 1570 755 1620 et
770 1560 915 1634 politam?
933 1561 998 1634 Ego
1017 1576 1090 1620 vero

70 1640 178 1713 emnia,
196 1657 273 1714 qnae
289 1642 447 1717 gerebam,
463 1643 522 1702 iam
536 1650 598 1703 tum
618 1643 649 1702 iu
672 1643 806 1717 gerendo
828 1658 973 1716 spargere
987 1658 1035 1701 me
1054 1658 1091 1701 ac

70 1723 263 1788 lisseminare
283 1726 449 1786 arbitrabar
468 1725 498 1783 in
521 1727 603 1785 orbis
624 1733 722 1785 terrae
736 1724 912 1784 memoriam
935 1725 1091 1797 sempiter-

70 1824 140 1870 nam.
172 1810 256 1871 Haec
271 1825 343 1869 vero
359 1809 425 1869 sive
439 1825 458 1867 a
471 1825 539 1867 meo
557 1825 651 1868 sensu
665 1815 876 1882 postmortem
892 1807 1031 1866 ablutura
1045 1811 1093 1864 est

70 1893 144 1966 sive,
160 1901 195 1953 ut
212 1891 429 1968 sapientissimi
449 1890 587 1951 homines
605 1898 800 1965 putaverunt,
824 1890 862 1949 ad
883 1889 1015 1964 aliquam
1032 1888 1092 1947 nrei

70 1985 196 2050 partem
202 1974 377 2051 pertinebit,
404 1990 484 2034 nunc
508 1972 630 2050 quidem
651 1981 732 2034 certe
753 1972 936 2048 cogitatione
961 1971 1092 2046 quadam

70 2074 183 2135 speque
198 2059 341 2118 delector.

145 2139 199 2203 31.
222 2140 287 2215 Qua
306 2157 341 2200 re
363 2149 558 2213 conservate,
579 2138 711 2213 iudices,
728 2139 881 2200 hominem
903 2138 1020 2214 pudore
1043 2153 1090 2210 ao,

70 2240 153 2299 ruem
165 2223 332 2285 amicorum
344 2222 453 2284 videtis
466 2223 659 2298 comprobari
670 2240 762 2298 quum
774 2223 918 2297 dignitate
930 2231 992 2282 tum
1003 2220 1093 2281 etiam

70 2307 376 2381 uenustale,1ngenio
391 2314 491 2368 aulem
505 2316 604 2379 tanto,
622 2314 766 2382 quantum
782 2305 814 2365 id
830 2304 972 2366 convenit
988 2301 1091 2364 existi-

70 2392 151 2463 nari,
169 2386 253 2466 quod
267 2406 452 2451 summorum
465 2390 620 2451 hominum
636 2389 764 2464 ingeniis
780 2387 945 2463 expetitum
962 2403 1033 2448 esse
1048 2388 1092 2446 vi·
1142 2437 1145 2441 .

70 2473 177 2547 leatis,
193 2490 288 2534 causa
303 2489 376 2533 vero
392 2471 569 2546 eiusmodi,
592 2489 670 2548 quae
684 2472 833 2532 beneficio
850 2472 942 2546 legis,
962 2471 1092 2532 auctori-

70 2564 125 2617 tate
138 2551 310 2631 municipii,¹
326 2555 499 2616 testimonio
514 2556 645 2628 Luculli,
661 2555 771 2617 tabulis
785 2555 897 2616 Metelli
912 2554 1093 2630 comprobe-

70 2647 121 2702 tur.
152 2639 237 2713 Quae
254 2656 323 2699 cum
345 2637 387 2699 ita
407 2638 482 2710 sint,
504 2639 634 2714 petimus
656 2656 674 2699 a
695 2640 800 2714 vobis,
822 2638 954 2714 iudices,
983 2638 1010 2700 si
1032 2654 1093 2736 qua

70 2738 125 2783 non
145 2723 239 2783 modo
262 2723 408 2796 humana,
436 2722 651 2783 verumetiam
676 2721 811 2782 divina
803 2741 832 2784 m
853 2723 943 2784 tantis
963 2721 1093 2818 ingeniis

70 2796 492 2879 commendatiodebetesse,
515 2812 644 2879 uteum,
668 2805 813 2880 quivos,
836 2803 1092 2881 quivestrosim-

70 2896 239 2962 potatores,
255 2887 306 2963 qui
322 2887 426 2963 populi
440 2888 569 2948 Romani
582 2906 633 2948 res
645 2897 748 2985 gestas
763 2905 884 2962 semper
898 2886 1016 2947 ornavit
1017 2883 1094 2958 qui

70 2971 155 3033 etiam
175 2972 224 3030 his
245 2969 418 3031 recentibus
435 2970 548 3031 nostris
564 2972 737 3045 vestrisque
757 2969 932 3030 domesticis
950 2967 1094 3042 periculis

72 3063 221 3118 aeternnm
236 3071 271 3114 se
284 3053 488 3115 testimonium
502 3053 601 3113 laudis
617 3054 756 3113 daturum
775 3069 846 3112 esse
862 3052 1019 3126 profitetur
1031 3059 1093 3110 est-

74 3152 125 3210 que
140 3155 182 3199 ex
196 3153 234 3198 eo
251 3153 395 3207 numero,
412 3136 464 3210 qni
478 3151 598 3209 semper
612 3135 695 3208 apud
712 3151 818 3195 omnes
834 3132 930 3194 saneti
952 3141 1022 3194 sunt
1041 3133 1092 3192 ha-

73 3214 116 3283 liti
130 3221 238 3295 itaque
251 3219 338 3292 dicti,
354 3219 400 3280 sic
416 3217 445 3277 in
465 3226 595 3277 vesuam
612 3215 770 3290 accipiatis
779 3217 895 3290 iidem,
909 3225 943 3277 ut
957 3215 1092 3276 humani-

74 3303 124 3366 tate
135 3312 240 3371 vestra
250 3305 368 3363 levatus
378 3299 481 3378 potius
493 3317 584 3377 quam
592 3299 754 3361 acerbitate
767 3298 897 3361 violatus
908 3315 979 3360 esse
989 3298 1092 3360 videa·

119 3397 176 3440 cic.
195 3395 285 3440 cunr.
873 3391 913 3454 16

1096 3526 1156 3636 Α
