2356 3854
112 173 176 239 332
386 172 461 234 PRO
479 173 535 232 cll.
550 169 712 231 PLANCIO
729 167 883 235 ORATIO.

114 327 251 388 eiusdem
272 323 383 384 tribuni
405 321 504 396 plebis
527 319 717 381 contionibus
740 326 867 395 propter
881 319 1022 380 eamdem
1032 317 1074 380 rei
1088 335 1131 394 pu·

113 409 212 473 blicae
227 423 353 466 causam
368 421 461 479 saepe
477 412 620 474 vexatus,
643 402 717 462 nihil
738 403 869 477 amplius
884 400 958 462 dico
980 402 1040 462 nisi
1056 403 1132 463 meio

115 491 247 550 Siciliam
261 491 367 548 venire
389 486 494 549 noluit.
538 487 616 560 Ouid
632 486 752 545 dicamt
772 486 803 546 d
817 484 968 560 Vergilio,
979 486 1035 545 tali
1049 484 1135 545 eiviet

31 617 37 625 .
113 575 195 645 viro,
202 571 461 632 'benevolentiam
478 569 509 629 in
529 585 593 642 me,
612 569 787 628 memoriam
807 568 1016 630 communium
1036 575 1135 642 tempo

113 671 195 729 rum,
211 656 370 729 pietatem,
385 654 615 725 humanitatem,
629 652 720 711 iidem
736 651 895 712 doluisset
915 650 1009 725 Nihil,
1024 651 1136 723 iudices,

114 747 161 800 est
175 755 295 798 eorum·
317 738 389 810 sed,
411 753 501 832 quam
515 743 726 817 tempestatem
739 751 798 794 nos
813 735 978 795 vobiscum
992 751 1055 796 non
1068 733 1136 795 tulis

115 839 229 897 semus,
243 821 347 881 metuit
357 829 390 881 ut
400 836 467 879 earn
479 821 547 893 ipse
564 825 671 893 posset
685 806 795 892 op'ibns
810 816 877 878 suis
892 817 1060 879 sustinere.
1077 817 1137 877 Tun

115 900 243 965 consilio
264 910 391 978 repente
413 910 527 962 mutato
547 903 604 961 iter
619 919 638 960 a
652 901 772 960 Vibone
786 900 988 961 Brundisium
1003 909 1084 961 terra
1095 915 1136 974 pe

112 996 176 1048 tere
197 986 349 1047 contendi.
392 987 465 1045 Nam
490 985 655 1044 maritimos
676 1000 785 1044 cursus
806 983 1032 1057 praecludebat
1045 980 1137 1043 hienis

112 1070 299 1144 magnitudo.

173 1153 248 1211 XLI
262 1149 312 1212 97.
329 1151 426 1224 Quum
444 1151 545 1211 omnia
558 1150 608 1209 illa
625 1147 798 1223 municipia,
813 1100 893 1223 quae
908 1156 983 1211 sunt
999 1149 1136 1211 avimus

112 1234 339 1304 Brundisium,
332 1251 361 1292 m
379 1233 440 1292 fide
451 1249 537 1308 mea,
533 1233 669 1306 iudices,
683 1239 796 1306 essent,
813 1230 954 1293 itermihi
967 1239 1066 1293 tutan
1077 1231 1135 1291 rnol-

113 1317 152 1376 tis
167 1316 374 1377 minitantibus
388 1332 498 1389 magno
520 1332 588 1376 cum
604 1333 661 1376 suo
681 1324 764 1376 metu
782 1316 1016 1394 praestiterunt,
1056 1315 1135 1375 an·

112 1399 224 1458 disium
239 1397 307 1457 veni
322 1400 370 1458 vel
385 1399 486 1471 potius
502 1399 541 1459 ad
554 1401 674 1459 moenia
688 1398 816 1459 accessi.
838 1398 953 1459 Urbem
969 1415 1065 1459 uuam
1078 1396 1135 1457 milri

114 1479 331 1541 amicissimam
348 1481 512 1553 declinavi,
537 1498 615 1556 quae
634 1498 669 1542 se
685 1483 735 1541 vel
753 1482 855 1555 potius
870 1481 1017 1543 exscindi
1031 1493 1136 1556 quante

113 1581 170 1625 suo
193 1565 356 1637 complexu
378 1573 412 1623 ut
436 1563 571 1637 eriperer
592 1564 680 1625 iacile
702 1572 866 1638 pateretur.
917 1565 952 1624 ln
975 1565 1082 1627 hortos
1099 1576 1135 1621 ns

112 1648 152 1706 Μ.
166 1646 272 1708 Laenii
285 1645 386 1706 Flacci
404 1648 530 1707 contuli:
552 1648 602 1707 cui
623 1664 717 1722 quum
732 1647 830 1707 omnis
845 1656 963 1720 metas,
988 1645 1135 1723 publicatio

112 1731 279 1805 bonorum,
295 1729 451 1803 exsilium,
467 1747 550 1790 mors
566 1738 806 1806 proponeretur,
819 1730 895 1791 haec
911 1731 1045 1806 perpeti,
1060 1730 1085 1789 si
1096 1742 1134 1787 ac

85 1878 88 1887 ¹
114 1815 258 1886 ciderent,
275 1813 379 1873 maluit
395 1831 484 1888 quarn
500 1815 668 1874 custodiam
680 1815 739 1873 mei
751 1812 858 1889 capitis
871 1812 1036 1875 dimittere.
1055 1812 1133 1873 fluia

113 1911 171 1970 ego
186 1907 216 1958 et
226 1896 360 1972 parentis
373 1897 449 1971 eius,
464 1897 690 1972 prudentissimi
706 1905 796 1972 atque
814 1896 920 1992 optimi
935 1897 1035 1969 senis,
1049 1904 1078 1957 et
1089 1895 1132 1952 ire
1170 1928 1174 1937 ·

112 1980 167 2039 tris
187 1989 216 2040 et
229 1981 389 2055 utriusque
404 1980 534 2040 filiorum
554 1979 716 2041 manibus
708 1997 739 2040 ιιι
762 1980 832 2040 navi
852 1987 916 2039 tuta
937 1994 976 2040 ac
992 1980 1072 2040 fideli
1084 1976 1130 2037 col
1170 1999 1174 2053 ι

115 2065 231 2122 locatus
254 2079 421 2136 eorumque
442 2080 549 2137 preces
570 2073 600 2123 et
619 2072 690 2124 vota
710 2065 749 2123 de
770 2080 837 2123 meo
858 2062 961 2123 reditu
982 2061 1130 2123 exaudiens

37 2218 39 2221 ¹
115 2145 350 2222 Dyrrhachium,
374 2147 457 2219 quod
479 2155 544 2206 erat
557 2164 587 2205 rn
602 2147 663 2206 fide
677 2162 759 2217 mea
782 2155 885 2220 petere
901 2147 1056 2207 contendi.
1092 2136 1129 2201 98
1163 2169 1175 2222 q

114 2231 179 2304 Quo
202 2245 294 2304 quum
309 2228 479 2300 venissem,
500 2229 648 2302 cognovi,
669 2229 699 2288 id
717 2230 801 2304 quod
815 2229 989 2299 audieram,
1011 2230 1128 2288 refertar
1163 2245 1175 2305 p

115 2327 186 2371 esse
211 2310 368 2372 Graeciam
390 2313 693 2373 sceleratissimorum
713 2312 867 2373 hominum
895 2310 1127 2376 cancianorum.
1163 2342 1175 2390 q

114 2409 245 2466 quorum
259 2395 384 2469 impium
402 2398 512 2456 lenum
526 2395 674 2468 ignesque
686 2395 849 2469 pestiferos
862 2411 952 2457 meus
971 2395 1025 2457 ille
1039 2406 1131 2463 consu·¹
1163 2417 1175 2471 ιι

111 2476 190 2535 latus
213 2493 229 2534 e
251 2478 390 2538 manibus
406 2485 591 2539 extorseram
609 2480 744 2552 quiante
761 2494 850 2551 quam
867 2478 996 2541 demeo
1016 2478 1126 2537 adventu
1164 2510 1175 2554 ·>:.1

112 2557 217 2616 audire
230 2560 409 2633 potuissent,
425 2579 518 2635 quum
530 2571 630 2621 tamen
643 2561 787 2621 abessent
797 2560 913 2634 aliquot
924 2560 1045 2623 dierum
1059 2558 1126 2624 litut
1166 2598 1175 2638 ,ι

114 2640 144 2698 in
158 2639 368 2701 Macedoniam
380 2644 420 2702 ad
433 2644 648 2718 Planciumque
664 2645 794 2718 perrexi.
834 2643 892 2703 Hic
908 2660 987 2705 vero
1002 2641 1084 2705 simul
1094 2646 1125 2699 tt·
1165 2641 1175 2719 {q

111 2739 172 2798 que
190 2739 272 2782 mare
287 2742 333 2783 me
348 2726 495 2786 transisse
511 2727 653 2802 cognovit
665 2760 709 2772 --
722 2728 802 2800 audi,
819 2727 892 2786 audi
906 2734 1004 2802 atque
1018 2720 1125 2789 attende.
1166 2757 1175 2799 ι

110 2806 302 2881 Laterensis,
321 2817 354 2868 ut
374 2809 454 2869 scias
471 2811 544 2884 quid
560 2827 617 2884 ego
632 2811 754 2870 Plancio
770 2810 899 2870 debeam
919 2811 1128 2880 continereque
1167 2841 1174 2883 :

110 2891 274 2966 aliquando
289 2908 337 2951 me
359 2893 443 2966 quod
459 2895 567 2953 laciano
593 2903 623 2954 et
643 2903 728 2966 grate
748 2900 778 2953 el
794 2894 843 2968 pie
864 2894 985 2954 laceret
1004 2894 1072 2955 huie
1089 2903 1127 2947 ar
1168 2914 1175 2967 ι

110 2981 186 3044 tem,
212 2991 291 3050 quae
312 2992 367 3050 pro
390 2979 487 3039 salute
501 2992 568 3037 mea
583 2978 688 3036 iecerit
720 2976 745 3036 si
766 2978 865 3036 minus
888 2978 1051 3050 protutura
1074 2971 1125 3037 sint
1168 3004 1175 3050 ι

111 3058 223 3119 obesse
235 3067 316 3119 certe
328 3076 388 3119 non
405 3069 595 3135 oportere-
606 3077 697 3120 nam
707 3059 796 3120 simul
813 3072 850 3119 ac
862 3074 911 3118 me
923 3055 1125 3136 Dyrrhachio
1169 3091 1175 3131 3

110 3141 246 3212 attigisse
265 3142 397 3217 audivit,
412 3143 620 3204 statimadrne
640 3143 796 3205 lictoribus
813 3141 962 3216 dimissis
978 3138 1127 3215 insignitus

110 3218 251 3295 abiectis,
275 3234 363 3286 veste
385 3235 497 3286 mutata
517 3228 674 3300 protectus
695 3234 751 3286 est
794 3224 1050 3287 attonsorum
1065 3216 1126 3285 mih‘l
1169 3282 1175 3300 ,

110 3300 237 3375 iudices,
252 3308 427 3368 memoriam
442 3309 588 3384 temporis
603 3309 684 3369 illius
696 3318 724 3370 et
739 3308 810 3405 loci,
825 3325 918 3382 quum
935 3309 1009 3369 hic
1002 3327 1030 3369 ιιι
1042 3301 1126 3365 meir
1170 3325 1175 3367 ι

110 3381 195 3454 cidit,
214 3401 306 3458 quum
326 3392 507 3464 complexus
525 3400 574 3452 est
586 3392 821 3467 conspersitque
842 3391 979 3453 lacrimis
992 3406 1048 3453 neo
1060 3378 1125 3458 loqu
