2356 3854
294 180 374 241 ch.
389 189 519 245 ct--ot
541 187 567 249 S·
582 190 748 247 tte-141.
966 183 1029 251 295

70 336 88 387 tt
104 343 254 402 nonorcs,
270 344 309 389 ne
322 331 466 405 attingant
479 347 544 391 rem
558 331 719 407 publicam,
733 333 882 409 patiantur
897 338 1027 401 virorum

70 410 129 470 ium
152 412 256 472 labore
273 426 309 471 se
329 412 397 474 ocio
419 430 476 474 suo
483 414 614 488 perfrui.
646 413 715 477 teo.
731 418 789 491 Qui
802 427 900 479 autern
916 421 1026 483 bonam

70 510 116 553 arn
132 494 297 566 bonorum,
313 511 393 570 qnae
407 499 472 557 sola
491 512 562 557 vere
576 497 674 573 gloria
688 501 835 563 nominari
848 511 958 576 potest,
974 522 1026 567 ex-

70 586 127 647 rnt,
145 576 212 636 aliis
232 577 331 639 ocium
347 594 494 653 quaerere
509 580 620 641 debent
635 589 666 643 et
678 585 866 658 voluptates,
880 602 942 646 non
958 588 1025 649 sibi.

70 659 185 719 andum
199 660 298 721 estiis
312 678 369 736 pro
382 663 592 729 communibus
607 665 785 737 commodis,
800 667 959 731 adeundae
970 670 1025 730 ini-

70 742 150 814 tiae,
165 743 342 805 subeundae
359 761 453 819 saepe
465 763 522 821 pro
538 763 573 807 re
588 747 710 822 publica
723 755 933 821 tempestatem
957 768 1025 821 cum

70 825 105 885 is
122 825 307 900 audacibus,
316 826 482 902 improbis,
497 846 557 891 non
572 846 736 903 numquam
750 831 839 891 etiarn
852 834 1025 904 potentibus

70 909 218 968 icandum.
267 910 350 970 llaec
375 911 547 975 audivimus
571 914 610 973 de
634 911 870 973 clarissimorum
892 915 1024 975 virorum

70 990 141 1051 riliis
164 999 195 1052 et
214 990 318 1053 lactis:
342 993 418 1054 haec
438 994 627 1071 accepimus,
650 995 726 1055 haec
747 994 884 1068 legimus.
918 996 1040 1072 Neque

70 1073 112 1159 ¹in
133 1075 225 1135 laude
238 1075 359 1149 positos
373 1076 526 1151 videmus,
548 1076 600 1153 qui
614 1075 775 1138 incitarunt
790 1076 952 1151 aliquando
969 1095 1024 1154 po·

78 1156 200 1217 anintos
214 1157 457 1232 aad-seditionem,
472 1168 524 1221 aut
537 1160 590 1234 qui
600 1159 757 1233 largitione
768 1170 930 1221 caecarunt
942 1179 1024 1221 men·

70 1241 288 1315 imperitorum,
314 1249 366 1301 aut
387 1241 438 1316 qui
462 1243 556 1303 lortes
577 1251 607 1303 et
626 1243 726 1305 claros
747 1242 833 1303 viros
849 1252 879 1305 et
892 1244 970 1305 bene
984 1245 1024 1305 da

70 1322 181 1382 >ablica
200 1324 325 1382 meritos
343 1322 374 1383 in
394 1323 537 1383 invidiam
551 1324 683 1399 aliquam
699 1333 892 1387 vocaverunt.
922 1328 1022 1388 Leues

82 1421 205 1479 semper
219 1405 316 1466 nostri
329 1405 467 1467 homines
482 1415 513 1469 et
526 1409 660 1471 audaces
674 1418 705 1469 et
718 1410 815 1468 mulos
829 1416 860 1469 et
873 1409 1022 1482 pernicio-

70 1486 156 1573 eives
172 1497 362 1562 putaverunt
392 1491 433 1551 At
451 1507 526 1551 vero
550 1490 602 1565 qui
618 1490 727 1551 horum
740 1491 871 1565 impetus
887 1501 917 1553 et
931 1509 1021 1552 cona·

75 1576 303 1643 represserunt,
325 1570 376 1644 qui
396 1572 589 1645 auctoritate,
609 1573 661 1647 qut
675 1573 751 1645 lide,
775 1573 827 1648 qui
841 1575 1021 1647 constantia,

70 1653 275 1727 magnitudine
288 1654 380 1714 animi
394 1654 530 1716 consiliis
543 1654 702 1717 audacium
713 1654 896 1728 restiterunt,
909 1655 941 1715 hi
954 1673 1021 1730 gra·

70 1779 75 1807 ‚
90 1734 122 1795 hi
134 1735 305 1811 principes,
327 1737 358 1795 ni
373 1738 483 1808 duces,
506 1737 538 1795 hi
552 1744 693 1797 auctores
707 1736 796 1797 liuius
812 1736 964 1809 dignitatis
978 1745 1023 1799 at-

83 1818 203 1894 imperii
218 1835 338 1894 semper
352 1819 445 1879 habiti
459 1827 538 1878 sunt
932 1852 937 1865 ι

85 1901 202 1965 LXVll.
219 1901 289 1963 140.
315 1903 362 1961 Ac
378 1902 499 1975 nequis
515 1917 555 1961 ex
567 1909 673 1963 nostro
687 1909 739 1963 aut
752 1902 921 1975 aliquorum
935 1916 1022 1975 pree-

70 1998 171 2045 acasu
187 1985 266 2043 hanc
281 1985 362 2043 vitae
375 1983 456 2043 viam
473 1984 674 2057 pertimescat,
688 1998 766 2045 unus
780 1983 810 2042 in
825 1982 882 2043 ltac
894 1981 1022 2059 civitate,

70 2066 230 2146 mquidem
246 2083 303 2140 ego
316 2084 443 2142 possum
454 2067 566 2140 dicere,
582 2068 738 2141 praeclare
752 2067 797 2126 vir
807 2067 846 2126 de
857 2082 890 2128 re
901 2065 1023 2141 publica

69 2147 135 2222 itus,
149 2150 184 2209 L.
197 2149 343 2224 Opimius,
357 2149 566 2225 indignissime
582 2149 728 2211 concidit:
744 2148 831 2211 cuius
846 2164 1021 2211 monumen·

84 2233 312 2293 celeberrimum
334 2232 365 2293 in
380 2234 462 2305 loro,
485 2235 659 2308 sepulcrum
674 2231 915 2293 desertissimum
931 2232 961 2290 in
975 2229 1021 2293 lit·

70 2314 295 2390 ›Dyrrhachino
315 2315 450 2377 relictum
472 2324 527 2377 est.
564 2317 665 2390 Atque
679 2315 759 2375 hunc
774 2322 873 2376 lernen
889 2312 1020 2389 flagrau-

74 2394 187 2459 invidia
198 2409 322 2475 propter
334 2398 486 2461 interitum
498 2399 527 2458 0.
536 2397 663 2459 Gracchi
675 2413 796 2471 semper
809 2397 878 2471 ipse
888 2396 1022 2481 populus

70 2494 158 2542 nanus
183 2483 319 2554 periculo
342 2482 493 2542 liberavit:
515 2483 574 2543 alia
593 2482 742 2555 quaedam
757 2479 854 2553 ciuem
868 2480 1023 2555 egregium

70 2561 98 2621 ui
118 2561 223 2624 iudicii
242 2565 375 2639 procella
396 2564 548 2638 pervertit.
578 2563 693 2625 caeteri
714 2578 785 2623 vero
800 2570 851 2625 aut
864 2562 1023 2638 repentina

70 2645 180 2707 eroulsi
193 2662 230 2705 ac
245 2655 423 2721 tempestate
438 2644 578 2721 populari
589 2662 645 2721 per
656 2649 801 2721 populum
812 2656 910 2707 tamen
921 2646 1023 2721 ipsum

70 2730 131 2793 eati
151 2738 222 2789 sunt
241 2737 332 2802 atque
352 2728 487 2790 revocati
501 2737 552 2789 aut
565 2728 688 2789 omnino
702 2728 881 2791 invulnerati
895 2728 1022 2789 inviole-

70 2826 85 2869 e
99 2810 248 2873 vixerunt.
278 2814 318 2872 At
332 2828 405 2871 vero
421 2811 450 2883 ii,
465 2810 517 2885 qui
530 2820 654 2873 senatus
668 2812 837 2882 consilinm,
853 2810 906 2884 qui
919 2817 1022 2871 aucto-

70 2910 121 2955 em
140 2895 305 2967 bonorum,
328 2894 380 2969 qui
401 2893 536 2954 instituta
550 2893 696 2953 maiorum
711 2896 908 2967 neglexerunt
925 2900 955 2951 et
968 2889 1022 2949 im

71 2985 118 3038 tae
141 2980 196 3039 aut
223 2977 392 3038 concitatae
416 2974 597 3037 multitudini
618 2975 742 3037 iucundi
762 2991 832 3035 esse
854 2974 1022 3041 voluerunt,

70 3076 108 3119 res
124 3063 188 3121 lcre
202 3060 247 3121 rei
262 3060 402 3136 publicae
416 3074 534 3133 poenas
547 3067 599 3119 aut
610 3058 763 3132 praesenti
774 3064 870 3117 morte
880 3063 932 3115 out
942 3052 1024 3129 turpi

72 3142 113 3204 lio
128 3144 349 3218 dependerunt
381 3139 452 3203 141.
480 3140 569 3214 Quod
589 3140 615 3200 si
629 3140 713 3214 opud
726 3139 944 3207 Athenienses,
968 3136 1023 3197 ho

70 3241 99 3285 es
115 3227 266 3299 Graecos,
290 3229 381 3300 longe
400 3241 420 3285 a
439 3233 612 3285 nostrorum
632 3221 788 3282 hominum
801 3220 947 3296 navitate
962 3218 1023 3281 dis·

70 3317 123 3369 :tos
138 3326 199 3370 non
214 3310 339 3371 deerant
354 3305 406 3382 qui
419 3323 484 3367 rem
499 3305 649 3381 publicam
664 3313 769 3365 conca
784 3304 889 3379 populi
906 3302 1022 3366 temeri-

70 3408 93 3451 n
107 3393 319 3465 defenderent,
337 3407 431 3470 quum
446 3404 568 3463 ornnes,
584 3385 636 3465 qui
650 3386 692 3451 ita
708 3388 854 3460 lecerunt,
872 3385 1024 3449 celsitate
