2356 3854
354 155 547 218 cuke-s.
570 163 724 223 §.t-14.
987 160 1050 224 345

10 319 126 380 poena
139 303 252 367 luenda
267 303 306 366 sit
319 321 409 380 quam
425 303 504 367 iusta
514 308 691 380 repetenda.
734 306 784 371 ll
799 307 863 369 Etsi
877 310 1054 385 persapien-

10 394 56 451 ter
82 395 119 451 et
143 387 278 463 quodam
300 388 392 449 modo
412 388 502 453 tacita
525 389 603 451 dat
595 407 665 464 tpsa
687 393 736 451 lex
753 401 935 469 potestatem
950 395 1054 456 delen-

10 468 125 541 dandi,
140 482 220 546 quae
232 486 292 533 nou
310 469 462 535 bominem
477 470 587 546 occidi,
603 474 660 533 sed
676 490 747 535 esse
762 490 830 537 cunr
849 479 908 537 telo
923 475 1055 538 bominis
1145 524 1151 535 ,

10 552 185 617 occidendi
202 568 297 615 causa
310 561 406 627 vetat,
424 563 466 627 ut,
483 571 574 628 quum
593 571 695 627 causa,
710 573 771 617 non
782 560 874 620 telum
891 575 1053 632 quaerere-

9 644 76 711 tur,
109 634 165 712 qul
185 636 232 699 sui
251 636 435 701 defendendi
456 653 550 697 causa
563 639 623 697 telo
640 647 827 711 essetusns,
846 657 906 701 non
922 641 1055 705 hominis
1099 658 1102 663 ·

10 716 184 781 occidendi
198 733 292 781 causa
305 718 449 783 habuisse
461 721 553 787 telum
571 721 762 783 iudicaretur
795 722 984 796 Quapropter
993 725 1054 788 boc

10 804 143 867 maneat
156 799 187 861 in
203 817 310 874 causo,
332 802 464 866 iudices:
486 820 548 863 non
568 803 647 863 enim
662 803 766 865 dubito
782 805 854 879 quin
872 807 1055 879 probaturus
1139 846 1143 857 ,

10 888 72 949 sim
89 882 184 947 vohis
199 883 408 950 defensionem
424 902 535 957 meam,
560 885 586 945 si
601 886 633 947 id
648 886 816 947 meminerit
817 888 860 960 is,
877 890 961 962 quod
977 890 1052 953 obli

10 969 99 1035 uisci
114 983 178 1033 non
196 966 334 1043 potestis,
366 967 574 1033 insidiatorem
588 969 741 1033 interfici
733 986 800 1032 rure
815 986 920 1045 posse

76 1052 124 1113 V
140 1049 191 1117 12
204 1049 349 1146 Sequitur
365 1051 446 1125 illud
463 1053 547 1127 quod
560 1052 736 1115 alllilonis
727 1053 856 1117 mimicis
868 1053 1054 1148 saepissime

10 1134 150 1209 dicitur,
173 1133 441 1211 abdominum
454 1135 485 1196 P.
501 1134 624 1197 Clodius
637 1135 760 1199 occisus
774 1145 835 1207 est,
855 1143 992 1197 senatum
1006 1135 1051 1197 iu-

10 1217 147 1284 dicasse
160 1223 265 1281 conba
278 1233 344 1277 rem
357 1216 509 1292 publicam
522 1235 592 1279 esse
610 1220 729 1281 tactam.
773 1220 857 1279 Illam
874 1235 947 1281 vcro
962 1235 1051 1280 sena-

10 1318 64 1362 :us
80 1315 147 1360 non
163 1299 321 1360 sententiis
338 1301 403 1359 suis
415 1302 521 1375 solum,
538 1302 693 1365 sedetiam
708 1302 817 1365 studiis
834 1300 1052 1379 comprobavit.

10 1383 169 1459 Quotiens
190 1382 270 1455 enim
287 1391 335 1447 est
347 1384 398 1443 illa
413 1399 506 1448 causa
522 1401 540 1443 a
557 1386 645 1448 nobis
661 1393 728 1448 octa
743 1387 773 1445 in
791 1393 914 1449 senatui
940 1385 1053 1460 quibus

10 1465 257 1531 tdseneionibus
269 1463 403 1529 universi
414 1467 538 1540 ordinis,
552 1485 643 1543 quam
656 1486 713 1531 neo
728 1468 825 1531 tacitis
836 1484 893 1531 nec
908 1469 1052 1532 occultist

10 1548 152 1625 Quando
174 1547 254 1613 enim
275 1549 520 1645 frequentissimo
538 1561 645 1613 senatu
668 1560 810 1633 quattuor
827 1560 879 1614 aut
902 1568 1052 1613 summum

10 1632 162 1711 quinque
188 1640 259 1695 sunt
283 1631 396 1693 inventi
419 1633 471 1708 qui
490 1634 612 1694 Milonis
631 1651 756 1698 causam
780 1651 840 1695 non
866 1636 1053 1707 probarenta
1106 1644 1110 1649 ·

10 1712 185 1781 Declarettl
210 1713 302 1779 huius
328 1715 457 1776 ambusti
483 1716 594 1778 tribuni
620 1716 721 1811 plebis
743 1716 812 1777 illae
838 1717 1053 1779 intermortuae

10 1796 191 1871 ιοιιιιιιιι,
204 1796 315 1873 qubus
331 1797 442 1862 cotidie
459 1813 555 1858 meam
570 1798 735 1872 potentiam
749 1796 901 1860 invidiose
913 1797 1052 1861 crimina·

10 1879 126 1957 builli,
150 1897 243 1959 quum
264 1880 378 1941 diceret
399 1889 537 1942 senatum
557 1897 619 1939 non
636 1881 719 1976 quod
738 1881 877 1953 sentiret
893 1879 949 1943 sed
968 1879 1053 1954 quod

10 1978 76 2047 ego
99 1963 212 2031 velem
229 1949 417 2027 decernere!
447 1963 532 2037 Quae
549 1963 671 2040 quidem
694 1964 720 2022 si
736 1960 869 2038 potentia
886 1971 934 2025 est
947 1963 1053 2038 appel-

10 2046 115 2115 landa
134 2046 237 2126 potus
252 2064 344 2143 quom
358 2056 409 2110 aut
426 2054 552 2121 propter
564 2062 674 2120 magna
689 2045 720 2109 in
740 2063 802 2108 rem
823 2046 975 2127 publicem
990 2061 1053 2110 me·

10 2134 75 2195 rita
92 2129 287 2195 mediocris
279 2147 310 2194 ιι
325 2130 414 2193 bouis
430 2128 533 2193 causis
546 2145 605 2193 auc
605 2129 717 2197 toritas
724 2137 776 2190 aut
791 2137 918 2206 propter
932 2129 992 2191 hos
1008 2129 1052 2191 ol

10 2214 152 2283 ficiosus
166 2213 291 2279 labores
304 2230 391 2277 meos
405 2231 469 2277 uon
483 2214 566 2277 nulla
576 2214 658 2289 apud
669 2212 771 2275 bonos
786 2213 898 2286 gratia,
915 2212 1052 2286 appolle-

10 2294 65 2365 t'ur
84 2296 131 2357 ite
150 2311 241 2373 saue,
263 2296 334 2362 dum
354 2297 446 2361 modo
460 2313 496 2361 ea
512 2313 570 2360 nos
586 2304 704 2361 utemur
719 2311 776 2370 pro
793 2296 891 2357 salute
901 2293 1053 2357 bonorum

10 2388 130 2447 uonna
149 2378 310 2475 amentitnn
331 2380 526 2454 perditorum.
572 2376 622 2444 1³
645 2378 732 2441 Hanc
744 2394 819 2440 vero
831 2375 1053 2452 quaestionem,

10 2464 78 2530 etsi
93 2479 157 2527 non
173 2471 221 2529 est
237 2461 358 2543 iniqua
377 2479 544 2540 numquam
556 2471 656 2526 temen
672 2469 797 2526 senatus
812 2459 1055 2525 constituendam

10 2546 170 2641 putoria
192 2545 286 2611 Erant
299 2544 380 2610 enim
394 2548 495 2623 leges
516 2555 602 2610 erant
629 2543 837 2620 quaestiones
841 2539 889 2607 vet
904 2544 946 2607 da
958 2543 1055 2607 caede

10 2632 66 2699 vel
85 2630 129 2695 tle
143 2625 188 2701 ιί,
203 2643 261 2693 nec
280 2636 393 2693 tantum
414 2645 581 2693 maerorem
601 2644 639 2693 ao
659 2629 770 2693 luctum
791 2626 909 2692 senatui
922 2625 1054 2688 morsP

10 2711 120 2779 clodii
136 2710 301 2784 adferebat,
316 2720 347 2775 ut
361 2726 444 2773 nova
456 2711 595 2787 quaestio
610 2713 850 2776 constitueretur
870 2711 962 2774 Cuius
974 2707 1055 2773 enim

10 2799 58 2863 de
71 2793 131 2861 illo
146 2793 265 2857 incesto
287 2803 393 2868 stupro
411 2792 556 2857 iudicium
569 2793 755 2861 decernendi
774 2792 893 2858 senatui
915 2799 1056 2866 potestas

10 2887 108 2943 esset
124 2883 250 2955 erepta,
271 2877 312 2939 de
331 2875 398 2941 cius
420 2873 543 2939 interitu
564 2874 635 2952 quis
654 2886 756 2952 potest
776 2877 903 2941 credere
916 2879 1055 2935 senatum

10 2959 170 3025 tudinium
188 2975 303 3025 nouum
325 2956 570 3022 constituendum
593 2965 744 3033 putasset
763 2959 823 3022 cur
843 2957 932 3031 igitur
951 2954 1054 3016 ineen

11 3042 231 3112 diurncuriae
248 3039 505 3136 oppugnationem
520 3039 823 3114 aedtunmteptui,
840 3036 1056 3101 caedemhane

12 3128 125 3205 ipsam
147 3134 254 3189 contra
276 3141 339 3189 rom
362 3122 515 3203 publicam
535 3131 662 3186 senatus
681 3124 791 3186 luctam
813 3137 885 3185 esse
900 3118 1056 3184 decrevitt

14 3209 101 3291 ean
123 3209 206 3273 nulla
226 3207 272 3268 vis
290 3222 434 3285 umquam
461 3212 509 3269 est
531 3207 562 3269 iu
576 3204 673 3269 libera
687 3203 807 3269 civitate
820 3211 968 3300 suscepta
979 3203 1058 3265 inter

18 3296 112 3355 aives
134 3307 198 3355 uon
218 3300 324 3356 contra
344 3305 410 3351 rem
424 3287 587 3367 publicam
631 3285 683 3353 14.
697 3288 764 3348 Non
780 3285 859 3351 enim
875 3295 921 3350 est
937 3285 989 3346 illa
1003 3287 1055 3347 de

20 3375 141 3437 lensio.
153 3382 258 3434 eontm
273 3374 332 3435 vim
349 3387 491 3447 umquam
514 3370 661 3447 optanda,
685 3371 815 3463 sednon
832 3386 995 3445 numquam
1010 3376 1058 3428 est
1110 3366 1114 3374 '
