2356 3854
203 191 219 221 ο
353 168 436 228 cni.
450 176 566 230 8-10·
588 176 615 235 S·
635 177 769 232 aa-et.
789 228 793 235 ,
1017 168 1080 239 888

50 318 204 390 icterias,
218 326 422 390 monumenta,
434 333 567 391 munera,
581 317 754 394 triumphos
764 319 923 380 audientes
935 330 965 381 et
979 324 1079 397 legen·

50 421 88 464 es
104 411 190 463 tuos.
233 400 284 461 29.
300 398 362 459 Sed
376 399 435 460 nisi
446 402 523 461 haec
535 402 609 461 urbs
625 401 755 462 stabiiita
771 402 830 462 tuis
845 404 980 463 consiliis
995 414 1025 466 et
1035 405 1080 466 in·

50 483 161 548 rtitutis
176 482 249 556 erit,
273 483 430 557 vagabitur
444 485 535 545 modo
552 500 663 544 nomen
683 494 767 549 tuum
789 486 880 560 longe
892 495 985 562 atque
1004 491 1080 552 iate:

50 569 154 630 edent
170 565 309 626 stabilem
325 573 356 625 et
369 567 551 627 domicilium
568 576 682 628 certum
698 584 759 628 non
772 566 903 630 habebit
929 570 993 631 Erit
1002 570 1081 633 inter

50 668 101 713 tos
116 650 226 722 etiarm
243 647 296 723 qui
310 659 483 723 nascentur,
499 649 577 711 sicut
591 652 669 710 inter
683 667 742 711 nos
756 651 819 722 fuit,
835 667 944 726 magna
959 653 1078 716 dissen-

50 737 108 808 io,
130 749 227 808 quum
246 729 297 804 alii
312 732 454 793 laudibus
475 735 514 793 ad
535 735 651 794 caelum
671 749 722 793 res
741 741 809 793 tuas
824 743 928 808 gestas
943 735 1080 812 efferent,

50 817 93 878 nii
108 818 245 876 tortasse
259 813 374 890 aliquid
388 816 551 891 requirent,
569 817 663 893 idque
685 818 733 876 vel
747 816 918 891 maximum,
934 804 1080 883 nisibeni

50 899 147 960 civilis
158 897 332 958 incendium
344 899 442 960 salute
454 901 569 975 patriae
586 899 775 971 restinxeris,
787 900 904 959 utillud
917 901 970 977 sati
982 902 1079 963 tuisse

50 982 204 1053 rideatur,
222 980 281 1040 hcc
305 981 434 1041 consilii.
478 981 568 1062 Servi
581 982 670 1058 igitur
684 984 721 1044 iis
737 982 826 1042 etiam
840 982 1008 1053 iudicibus,
1026 985 1078 1058 qui

50 1064 236 1139 nuitispest
249 1062 381 1124 saeculis
396 1065 435 1124 de
451 1072 481 1125 te
497 1065 673 1126 iudicabunt
688 1065 850 1140 etquidem
862 1066 943 1125 haud
959 1065 1024 1127 scio
1040 1082 1077 1126 an

50 1145 253 1229 ncorruptius
277 1162 367 1221 quam
390 1164 457 1207 nos.
499 1149 573 1207 Nam
589 1156 619 1208 et
633 1151 700 1208 sine
712 1165 816 1209 amore
833 1157 863 1209 et
878 1148 946 1209 sine
963 1148 1078 1223 cupidi·

50 1240 106 1292 nte
126 1237 160 1289 et
177 1245 282 1305 rursus
303 1228 370 1288 sine
393 1230 463 1315 edio
485 1239 516 1291 et
537 1230 603 1291 sine
617 1231 732 1291 invidia
748 1231 933 1293 iudicabunt.
976 1229 1026 1292 30.
1044 1232 1079 1293 id

50 1322 151 1376 tutem
163 1310 249 1372 etiam
265 1311 292 1372 si
308 1319 367 1371 tum
384 1313 482 1389 adte,
496 1323 529 1375 ut
545 1313 667 1390 quidam
685 1317 762 1375 iaiso
778 1323 897 1390 putant,
912 1330 971 1376 non
987 1315 1078 1390 perti·

50 1394 148 1468 tebit,
168 1410 246 1454 nnnc
260 1403 341 1455 certe
362 1394 491 1469 pertinet
517 1414 588 1458 esse
602 1405 632 1458 te
645 1399 749 1473 tuem,
769 1407 801 1459 ut
814 1404 881 1459 tuas
895 1399 1003 1459 laudes
1025 1398 1078 1458 ab

50 1485 210 1543 tentatura
217 1478 304 1537 nnita
320 1485 463 1552 uniquam
481 1480 521 1540 sit
535 1479 658 1541 oblivio.

103 1562 141 1623 it
159 1561 305 1621 Diversae
319 1562 491 1622 voluntates
506 1563 615 1623 civium
631 1566 752 1625 iuerunt
766 1562 992 1638 distractaeque
1007 1578 1077 1624 seu·

50 1644 169 1706 tentiae.
186 1644 252 1703 iian
265 1643 345 1704 enim
359 1645 495 1705 consitiis
511 1648 610 1706 solum
627 1655 659 1723 et
672 1646 791 1717 studiis,
807 1647 863 1706 sed
878 1646 970 1706 armis
988 1646 1078 1707 etiam

50 1726 201 1807 cicestrie
218 1725 457 1787 dissidebamus:
474 1728 631 1788 eratenim
646 1728 817 1788 obscuritas
835 1729 995 1802 quaedam,
1011 1737 1078 1788 erat

50 1819 198 1872 certarnen
208 1809 291 1881 inter
301 1808 488 1870 clarissimos
501 1811 611 1870 duces:
627 1809 712 1870 multi
723 1810 899 1869 dubitabant
910 1811 983 1883 quid
999 1811 1077 1883 opti·

50 1909 127 1955 mum
138 1900 230 1967 esset,
245 1895 329 1966 multi
346 1892 420 1967 quid
432 1891 491 1952 sibi
502 1892 667 1967 expediret,
684 1892 769 1952 multi
782 1890 855 1966 quid
868 1893 999 1964 deceret,
1014 1908 1076 1950 non
1101 1932 1106 1938 -

50 1977 118 2037 autb
141 1975 230 2037 etiam
254 1976 327 2051 quid
347 1975 458 2036 liceret.
502 1974 552 2038 et.
573 1975 732 2036 Perfuncta
752 1974 939 2050 respublica
957 1974 1078 2036 esthec

50 2062 158 2121 misere
173 2059 316 2135 fatalique
331 2058 426 2126 betica
450 2058 523 2119 vicit
537 2058 579 2131 is,
602 2059 653 2133 qui
669 2074 730 2118 nen
746 2059 863 2118 fortuna
877 2056 1079 2118 inflammaret

50 2143 149 2204 edium
164 2159 261 2214 suum,
277 2142 331 2202 sed
347 2141 478 2202 bonitate
489 2141 610 2201 leniret:
625 2158 683 2201 nec
696 2142 747 2215 qui
762 2157 877 2213 omnes,
896 2141 1007 2214 quibus
1019 2141 1076 2199 ira-

50 2237 94 2288 tus
114 2233 213 2298 esset,
236 2227 361 2286 eosdem
383 2224 471 2284 etiam
492 2223 599 2284 exsilio
612 2233 663 2285 aut
682 2233 777 2284 morte
792 2223 902 2298 dignos
917 2223 1075 2283 iudicaret.

50 2311 139 2369 arma
152 2308 191 2367 ab
207 2308 275 2368 aliis
291 2306 406 2384 posita,
427 2307 466 2367 ab
484 2306 550 2368 aliis
568 2316 672 2382 erepte
689 2315 768 2368 sunt.
811 2307 950 2380 Ingratus
965 2313 1012 2364 est
1029 2304 1073 2364 in·

50 2394 206 2466 iustusque
222 2389 314 2464 civis,
336 2390 389 2466 qui
409 2407 559 2451 armorum
576 2391 711 2465 periculo
728 2388 872 2449 liberatus
887 2387 1018 2456 animum
1032 2395 1075 2448 ta-

50 2490 112 2534 nen
131 2473 241 2536 retinet
258 2483 420 2547 armatum,
435 2484 468 2534 ut
479 2473 568 2533 etiam
584 2473 634 2533 iiie
648 2473 755 2533 melior
770 2471 817 2544 sit,
835 2469 929 2547 quiin
946 2470 1012 2531 acie
1028 2487 1076 2530 ce-

50 2557 133 2630 cidit,
155 2557 208 2632 qui
229 2558 258 2617 in
274 2573 367 2617 causa
382 2555 510 2616 animam
527 2557 670 2632 protudit.
715 2556 798 2629 Quae
813 2553 892 2615 enim
909 2553 1078 2630 pertinacia

50 2639 242 2716 quibusdam,
265 2641 371 2701 eadem
397 2639 463 2698 aliis
486 2641 655 2700 constantia
675 2637 772 2699 videri
794 2647 904 2713 petest.
947 2637 997 2698 32.
1015 2637 1077 2696 Sed

50 2740 102 2783 ‚am
125 2722 225 2783 omnis
246 2724 341 2783 tracta
364 2719 516 2781 dissensio
538 2730 585 2782 est
605 2721 696 2782 armis
712 2730 742 2783 et
757 2721 906 2782 exstincta
924 2721 1077 2794 aequitate

50 2805 184 2868 victoris:
206 2813 301 2866 restat
311 2813 344 2866 ut
359 2819 465 2864 omnes
482 2820 574 2864 unum
589 2802 697 2877 velint,
720 2803 772 2877 qui
787 2807 878 2864 modo
894 2804 1008 2862 habent
1024 2799 1076 2859 ali-

50 2889 118 2965 auid
136 2903 198 2950 non
215 2891 314 2949 selum
331 2885 513 2963 sapientiae,
534 2888 592 2946 sed
615 2886 707 2962 etiam
720 2884 867 2959 sanitatis.
902 2883 973 2943 Nisi
990 2891 1027 2953 te,
1045 2880 1076 2940 C.

50 2972 166 3041 iaesan
183 2975 270 3033 saiva
286 2978 316 3032 et
330 2970 359 3030 in
372 2970 432 3031 ista
446 2968 602 3040 sententia,
621 2984 681 3043 qua
696 2982 788 3041 quum
805 2976 894 3026 antea
907 2973 972 3026 tum
986 2963 1078 3025 hodie

50 3058 90 3116 tei
104 3054 239 3116 maxime
254 3070 331 3116 usus
348 3070 392 3125 es,
407 3059 548 3111 manente
565 3050 643 3111 salvi
654 3066 725 3110 esse
739 3065 800 3109 non
817 3063 992 3124 pessumus.
1012 3046 1078 3119 Qua

50 3154 76 3199 re
98 3154 209 3199 omnes
230 3146 274 3212 te,
300 3137 352 3212 qui
375 3136 451 3195 haec
467 3136 553 3194 saiva
568 3151 639 3194 esse
655 3133 810 3203 velumus,
831 3131 1031 3191 attentamur
1048 3135 1078 3189 et
1097 3140 1100 3145 '

50 3223 260 3291 obsecramus,
276 3229 310 3280 ut
322 3218 404 3278 vitae
428 3227 498 3278 tuae
514 3224 544 3276 ct
559 3215 648 3277 saluti
660 3217 819 3286 consulas,
831 3229 1001 3288 omnesque
1013 3210 1077 3284 tibi,

50 3304 73 3366 it
94 3322 153 3382 pra
170 3303 240 3364 aliis
255 3304 344 3363 etiam
366 3302 475 3376 icquar
499 3300 581 3375 quod
604 3300 642 3359 de
657 3315 705 3358 me
723 3297 791 3373 ipse
806 3297 914 3370 sentio,
933 3294 1077 3373 quoniam

50 3391 177 3450 subesse
192 3386 307 3462 atiquid
322 3393 411 3460 putas
429 3383 512 3460 quad
527 3383 696 3443 cavendum
713 3379 767 3456 sit,
788 3398 849 3447 non
872 3381 963 3443 mode
986 3394 1078 3441 excu-
