2356 3854
356 178 438 239 cAP.
454 189 584 240 ao-sa.
606 186 631 246 s.
648 188 811 242 145-151.
1055 180 1097 247 tr

75 330 184 391 liceret.
216 331 302 390 Nunc
316 330 358 390 ita
372 329 557 399 detenditur,
584 346 645 389 non
660 347 735 390 sane
748 340 781 391 ut
803 333 931 392 moleste
946 334 1024 392 lerre
1042 334 1096 392 ad-

77 413 198 474 uersarii
215 413 362 483 debeant,
376 428 476 485 neque
488 422 521 473 ut
535 428 569 471 se
584 414 719 486 potentia
734 414 871 489 superari
887 423 1001 489 putent.
1023 412 1093 475 149.
1172 406 1176 417 ’

82 495 153 568 Quae
173 495 257 555 domi
277 496 411 570 gerenda
434 503 518 565 sunt,
546 511 583 554 ea
607 510 674 568 per.
688 496 847 556 Caeciliam
873 496 1093 570 transiguntur:

85 577 130 636 lori
144 577 309 653 iudiciique
329 576 476 637 rationem
490 578 638 647 Messala,
654 586 687 637 ut
703 577 828 648 videtis,
845 578 973 650 iudieeS,
989 595 1092 639 susce-

86 659 131 733 pta
143 660 194 735 qui
210 660 237 720 si
251 659 311 719 iam
327 660 401 719 satis
416 659 523 720 aetatis
539 667 629 733 atque
652 660 771 719 roboris
792 660 929 733 haberet,
953 662 1020 735 ipse
1035 678 1104 736 pro.

88 741 143 802 Sex.
158 742 271 802 Roscio
286 743 414 801 dicerem
429 742 572 817 quoniam
587 743 627 800 ad
639 741 802 801 dicendum
815 741 1029 815 impedimento
1046 754 1094 804 est

89 832 156 884 aetas
175 833 204 885 et
225 826 326 899 pudor
351 823 403 899 qui
431 833 518 885 ornat
534 833 686 895 aetatem,
712 840 837 883 causam
861 824 933 883 abbi
956 825 1093 897 tradidit,

91 923 162 981 quem
175 922 231 968 sua
246 923 341 967 causa
358 923 470 982 cupere
485 923 521 967 ac
537 907 649 966 debere
661 905 860 980 intelligebat,
876 907 944 980 ipse
958 907 1092 967 adsidui-

90 997 147 1063 tate,
161 989 304 1061 consilio,
319 989 510 1061 auctoritate,
531 989 684 1064 diligentia
699 989 840 1063 perfecit,
856 998 889 1049 ut
900 988 972 1048 Sex.
986 990 1091 1049 Roscii

89 1071 136 1131 alta
147 1081 248 1148 erepta
261 1066 302 1132 de'
315 1072 455 1132 manibus
478 1080 629 1132 sectorum
644 1071 802 1132 sententiis
819 1071 953 1132 iudicum
969 1071 1089 1145 permit-

90 1162 189 1215 teretur.
220 1155 381 1227 Nimirum,
397 1155 531 1226 iudioes‚
554 1172 610 1228 pro
625 1155 683 1214 hac
697 1154 851 1215 nobilitate
866 1171 938 1229 pars
961 1155 1091 1213 maxima

93 1236 200 1298 civitatis
213 1238 245 1296 in
261 1238 352 1297 armis
367 1237 437 1297 luit:
459 1237 535 1298 haec
550 1245 617 1296 acta
631 1254 681 1297 res
697 1246 758 1309 est,
778 1247 812 1297 ut
827 1237 848 1298 ii
864 1237 981 1298 nobiles
1003 1237 1089 1296 resti-

90 1327 222 1380 tuerentur
235 1321 267 1381 in
283 1320 447 1392 civitatem,
465 1322 516 1394 qui
530 1320 589 1380 hoc
610 1321 760 1392 lacerent,
783 1322 868 1395 quod
889 1322 990 1380 lacere
1009 1320 1089 1379 Mes-

90 1402 164 1462 salam
181 1403 308 1475 videtls,
334 1403 386 1478 qui
400 1411 492 1476 caput
512 1403 684 1463 innocentis
707 1405 920 1478 defenderent,
941 1402 992 1478 qai
1012 1402 1088 1462 iniu-

73 1483 136 1565 riae
146 1486 328 1557 resisterent,
346 1486 399 1560 qui
411 1495 553 1560 quantum
566 1494 695 1560 possent
708 1485 738 1545 in
753 1489 850 1547 salute
862 1485 986 1547 alterius
998 1502 1089 1560 quam

89 1564 110 1624 in
123 1569 206 1628 exitio
223 1571 347 1629 mallent
362 1570 538 1628 ostendere=
558 1569 682 1643 quodsi
697 1585 812 1640 omnes,
830 1570 882 1643 qui
896 1570 1005 1629 eodem
1020 1569 1088 1628 loco

89 1649 133 1708 nati
145 1660 227 1724 sunt,
242 1653 390 1724 lacerent,
408 1660 438 1710 et
450 1668 500 1711 res
515 1652 637 1725 publiea
650 1668 689 1710 ex
704 1651 763 1712 illis
786 1659 817 1711 et
836 1651 896 1726 ipsi
916 1669 955 1711 ex
974 1651 1089 1711 invidia

73 1731 166 1809 xtainus
181 1735 362 1793 laborarent

151 1816 211 1874 Lll.
233 1814 303 1875 tao.
325 1819 439 1877 Verum
455 1815 482 1873 si
495 1831 514 1873 a
529 1815 745 1891 Chrysogono,
766 1813 900 1887 iudices,
918 1829 979 1873 non
993 1811 1087 1886 impe-

88 1903 188 1968 tramus,
206 1907 240 1958 ut
260 1899 390 1973 pecunia
406 1905 512 1957 nostra
527 1904 686 1957 contentus
701 1895 754 1968 sit,
776 1896 921 1956 vitamne
940 1903 1037 1969 petat,
1058 1894 1087 1954 si

88 1976 124 2037 ille
133 1981 240 2042 adduci
254 1998 316 2042 non
329 1988 440 2057 potest,
457 1988 497 2053 ut,
514 1997 606 2054 quum
618 1979 765 2039 ademerit
778 1977 867 2039 nobis
879 1977 993 2053 omnia,
1008 1993 1086 2052 quae

88 2071 170 2123 nostru
183 2072 270 2124 erant
282 2064 422 2139 propria,
434 2079 474 2122 ne
487 2065 585 2123 lucem
602 2079 725 2137 quoque
742 2062 834 2135 hanc,
860 2077 938 2137 quae
953 2077 1085 2121 commu-

87 2143 122 2203 nis
136 2156 192 2219 est,
216 2147 336 2222 eripere
356 2146 470 2221 cupiat,
495 2146 523 2205 'si
544 2163 605 2206 non
621 2145 695 2207 satis
712 2146 803 2205 habet
822 2143 978 2205 avaritiam
999 2160 1085 2203 suam

87 2229 194 2296 pecunia
215 2231 353 2304 explere,
380 2228 439 2288 nisi
468 2228 557 2288 etiam
585 2228 753 2289 crudelitati
780 2227 905 2302 sanguis
930 2226 1085 2300 praebitus

88 2305 228 2381 titanum
242 2310 422 2386 perfugium,
439 2311 572 2383 iudices,
586 2328 647 2371 una
660 2327 734 2386 spes
748 2309 865 2383 reliqua
880 2317 926 2368 est
937 2307 1008 2368 Sex.
1024 2308 1084 2366 Ro-

88 2388 147 2466 saia,
162 2396 269 2455 eadem
284 2411 363 2469 quae
377 2394 422 2454 rei
435 2393 584 2468 publicae,
601 2402 704 2453 vestra
714 2392 841 2467 pristina
855 2389 977 2451 bonitas
987 2397 1017 2450 et
1029 2389 1084 2449 mi-

87 2476 245 2552 sericordia,
260 2477 382 2551 quaesi
397 2483 506 2547 manet,
524 2475 601 2536 salvi
619 2477 708 2536 etiam
724 2491 804 2535 nuno
819 2491 890 2534 esse
904 2490 1083 2548 possumus=

86 2552 119 2614 sin
133 2576 166 2619 ea
185 2560 364 2631 crudelitas,
385 2574 464 2634 quae
483 2559 543 2619 hoc
564 2554 699 2633 tempore
719 2558 749 2617 in
770 2575 803 2617 re
823 2557 944 2631 publica
964 2566 1085 2616 versata

85 2646 129 2713 ast,
148 2650 267 2703 vestros
284 2658 407 2717 quoque
428 2642 602 2702 animos-
618 2642 649 2701 id
670 2642 753 2715 quod
777 2639 841 2701 fieri
861 2642 998 2714 prolecto
1022 2656 1083 2698 non

83 2724 358 2809 potest-duriores
371 2726 603 2798 acerbioresque
614 2723 754 2794 reddidit,
771 2732 869 2800 aetum
881 2731 935 2794 est,
951 2720 1082 2783 iudices:

82 2810 142 2865 utar
157 2809 238 2868 ieras
251 2809 346 2867 satius
362 2815 409 2867 est
423 2816 550 2867 aetatem
569 2809 679 2880 degere
695 2823 786 2880 quam
806 2805 834 2865 in
854 2806 911 2879 hac
925 2812 1007 2865 tanta
1028 2802 1082 2860 im·
1162 2834 1165 2841 ·

80 2889 203 2950 nantuac
218 2890 344 2950 versari.
380 2888 451 2950 151.
471 2891 521 2949 Ad
536 2905 642 2948 eamne
662 2906 725 2948 rem
746 2905 803 2948 vos
823 2885 971 2947 reservati
989 2884 1084 2943 estis?

79 2969 108 3027 ad
122 2988 226 3032 eamne
240 2988 305 3032 rem
322 2973 439 3043 delecti,
456 2979 489 3032 ut
505 2988 560 3031 eos
575 2971 832 3040 condemnaretis,
849 2985 928 3042 quos
945 2973 1082 3025 sectores

77 3064 103 3110 aa
114 3055 213 3117 sicarii
227 3055 365 3130 iugulare
379 3071 439 3113 aon
454 3055 647 3128 potuissent?
668 3053 773 3112 Solent
792 3052 851 3110 hoe
866 3051 937 3108 boni
954 3047 1081 3121 impera-

75 3139 143 3197 tores
161 3139 273 3210 lacere,
289 3154 382 3214 quum
395 3135 544 3210 proelium
560 3136 761 3206 committunt,
782 3141 814 3192 ut
828 3132 858 3191 in
874 3147 911 3192 eo
926 3133 1004 3205 loeo,
1020 3148 1081 3205 quo
1167 3172 1176 3186 .

71 3216 162 3294 lugam
179 3221 311 3282 hostium
331 3222 397 3279 lore
418 3217 611 3288 arbitrentur,
632 3216 740 3275 milites
756 3215 919 3287 collocent,
941 3212 971 3272 in
993 3230 1081 3289 quos,

70 3299 154 3378 siqui
171 3318 208 3362 ex
225 3303 291 3363 acie
306 3301 452 3375 lugerint,
469 3301 507 3358 de
521 3298 687 3371 improviso
704 3296 845 3358 incidant.
881 3296 1026 3357 Nimirum
1042 3294 1081 3354 si·

70 3384 167 3446 militer
181 3385 363 3447 arbitrantur
380 3378 429 3443 is'ti
446 3383 595 3443 bonorum
610 3388 763 3455 emptores
785 3397 843 3446 uos
858 3379 922 3454 hio,
942 3381 1018 3439 tales
1032 3376 1076 3434 vi-
