<?xml version="1.0" encoding="UTF-8"?>
<!DOCTYPE html PUBLIC "-//W3C//DTD XHTML 1.0 Transitional//EN"
    "http://www.w3.org/TR/xhtml1/DTD/xhtml1-transitional.dtd">
<html xmlns="http://www.w3.org/1999/xhtml" xml:lang="en" lang="en">
 <head>
  <title>
</title>
<meta http-equiv="Content-Type" content="text/html;charset=utf-8" />
  <meta name='ocr-system' content='tesseract 3.04.00' />
  <meta name='ocr-capabilities' content='ocr_page ocr_carea ocr_par ocr_line ocrx_word'/>
</head>
<body>
  <div class='ocr_page' id='page_1' title='image "./mtulliiciceroni08cicegoog_0025.png"; bbox 0 0 2356 3854; ppageno 0'>
   <div class='ocr_carea' id='block_1_1' title="bbox 54 144 856 254">
    <p class='ocr_par' dir='ltr' id='par_1_1' title="bbox 54 144 856 254">
     <span class='ocr_line' id='line_1_1' title="bbox 54 144 856 254; baseline -0.009 -11"><span class='ocrx_word' id='word_1_1' title='bbox 54 199 161 243; x_wconf 86' lang='lat' dir='ltr'><strong>-xvm</strong></span> <span class='ocrx_word' id='word_1_2' title='bbox 331 144 676 254; x_wconf 6' lang='lat' dir='ltr'><strong>mucamuuy&#39;vrma</strong></span> <span class='ocrx_word' id='word_1_3' title='bbox 689 183 856 236; x_wconf 83' lang='lat' dir='ltr'><strong>croruoms</strong></span> 
     </span>
    </p>
   </div>
   <div class='ocr_carea' id='block_1_2' title="bbox 88 368 1088 475">
    <p class='ocr_par' dir='ltr' id='par_1_2' title="bbox 88 368 1088 475">
     <span class='ocr_line' id='line_1_2' title="bbox 88 368 1088 475; baseline -0.007 -27"><span class='ocrx_word' id='word_1_4' title='bbox 88 368 137 448; x_wconf 76' lang='lat' dir='ltr'><strong>u</strong></span> <span class='ocrx_word' id='word_1_5' title='bbox 173 369 224 447; x_wconf 76' lang='lat' dir='ltr'><strong>rr</strong></span> <span class='ocrx_word' id='word_1_6' title='bbox 731 436 736 441; x_wconf 83' lang='grc'><strong>,</strong></span> <span class='ocrx_word' id='word_1_7' title='bbox 1032 369 1088 475; x_wconf 93' lang='grc' dir='ltr'>Ε</span> 
     </span>
    </p>
   </div>
   <div class='ocr_carea' id='block_1_3' title="bbox 84 485 1088 3477">
    <p class='ocr_par' dir='ltr' id='par_1_3' title="bbox 88 485 1068 1557">
     <span class='ocr_line' id='line_1_3' title="bbox 249 485 1019 550; baseline -0.001 -15"><span class='ocrx_word' id='word_1_8' title='bbox 249 487 360 545; x_wconf 89' lang='lat' dir='ltr'><strong>traiecto,</strong></span> <span class='ocrx_word' id='word_1_9' title='bbox 381 485 507 549; x_wconf 90' lang='lat' dir='ltr'><strong>complura</strong></span> <span class='ocrx_word' id='word_1_10' title='bbox 525 486 619 550; x_wconf 86' lang='lat' dir='ltr'><strong>oppida</strong></span> <span class='ocrx_word' id='word_1_11' title='bbox 636 495 809 549; x_wconf 85' lang='lat' dir='ltr'><strong>occupaverat,</strong></span> <span class='ocrx_word' id='word_1_12' title='bbox 829 501 946 536; x_wconf 89' lang='lat' dir='ltr'><strong>unacum</strong></span> <span class='ocrx_word' id='word_1_13' title='bbox 960 501 1019 535; x_wconf 91' lang='lat' dir='ltr'><strong>con·</strong></span> 
     </span>
     <span class='ocr_line' id='line_1_4' title="bbox 250 554 1019 617; baseline 0 -15"><span class='ocrx_word' id='word_1_14' title='bbox 250 555 354 611; x_wconf 90' lang='lat' dir='ltr'><strong>sulibus,</strong></span> <span class='ocrx_word' id='word_1_15' title='bbox 374 556 417 615; x_wconf 91' lang='lat' dir='ltr'><strong>qui</strong></span> <span class='ocrx_word' id='word_1_16' title='bbox 435 554 580 617; x_wconf 90' lang='lat' dir='ltr'><strong>Pompeium</strong></span> <span class='ocrx_word' id='word_1_17' title='bbox 598 554 777 616; x_wconf 81' lang='lat' dir='ltr'><strong>sequebantur,¹</strong></span> <span class='ocrx_word' id='word_1_18' title='bbox 792 555 823 604; x_wconf 90' lang='lat' dir='ltr'><strong>ab</strong></span> <span class='ocrx_word' id='word_1_19' title='bbox 840 554 905 604; x_wconf 86' lang='lat' dir='ltr'><strong>Urbe</strong></span> <span class='ocrx_word' id='word_1_20' title='bbox 924 557 1019 605; x_wconf 87' lang='lat' dir='ltr'><strong>disces-</strong></span> 
     </span>
     <span class='ocr_line' id='line_1_5' title="bbox 250 620 1019 686; baseline -0.001 -15"><span class='ocrx_word' id='word_1_21' title='bbox 250 624 283 671; x_wconf 83' lang='lat' dir='ltr'><strong>sit</strong></span> <span class='ocrx_word' id='word_1_22' title='bbox 302 630 325 671; x_wconf 89' lang='lat' dir='ltr'><strong>et</strong></span> <span class='ocrx_word' id='word_1_23' title='bbox 337 620 446 686; x_wconf 77' lang='lat' dir='ltr'><strong>Capuam</strong></span> <span class='ocrx_word' id='word_1_24' title='bbox 465 637 583 684; x_wconf 87' lang='lat' dir='ltr'><strong>oramque</strong></span> <span class='ocrx_word' id='word_1_25' title='bbox 595 623 743 670; x_wconf 81' lang='lat' dir='ltr'><strong>maritimam</strong></span> <span class='ocrx_word' id='word_1_26' title='bbox 755 637 770 670; x_wconf 88' lang='lat' dir='ltr'><strong>a</strong></span> <span class='ocrx_word' id='word_1_27' title='bbox 782 622 887 671; x_wconf 83' lang='lat' dir='ltr'><strong>Formiis</strong></span> <span class='ocrx_word' id='word_1_28' title='bbox 900 623 1019 672; x_wconf 89' lang='lat' dir='ltr'><strong>tuendam</strong></span> 
     </span>
     <span class='ocr_line' id='line_1_6' title="bbox 251 689 1018 754; baseline -0.001 -15"><span class='ocrx_word' id='word_1_29' title='bbox 251 691 368 754; x_wconf 78' lang='lat' dir='ltr'><strong>suscepit.</strong></span> <span class='ocrx_word' id='word_1_30' title='bbox 392 691 526 753; x_wconf 89' lang='lat' dir='ltr'><strong>Pompeius</strong></span> <span class='ocrx_word' id='word_1_31' title='bbox 538 691 602 740; x_wconf 87' lang='lat' dir='ltr'><strong>VIII.</strong></span> <span class='ocrx_word' id='word_1_32' title='bbox 615 691 669 739; x_wconf 84' lang='lat' dir='ltr'><strong>Kal.</strong></span> <span class='ocrx_word' id='word_1_33' title='bbox 682 691 753 738; x_wconf 85' lang='lat' dir='ltr'><strong>Mart.</strong></span> <span class='ocrx_word' id='word_1_34' title='bbox 767 689 926 740; x_wconf 82' lang='lat' dir='ltr'><strong>BrrmdisIum</strong></span> <span class='ocrx_word' id='word_1_35' title='bbox 939 692 1018 748; x_wconf 86' lang='lat' dir='ltr'><strong>venit,</strong></span> 
     </span>
     <span class='ocr_line' id='line_1_7' title="bbox 250 757 1017 821; baseline -0.004 -13"><span class='ocrx_word' id='word_1_36' title='bbox 250 760 304 811; x_wconf 87' lang='lat' dir='ltr'><strong>VII.</strong></span> <span class='ocrx_word' id='word_1_37' title='bbox 316 759 352 810; x_wconf 82' lang='lat' dir='ltr'><strong>lu</strong></span> <span class='ocrx_word' id='word_1_38' title='bbox 364 757 441 807; x_wconf 74' lang='lat' dir='ltr'><strong>Mart.</strong></span> <span class='ocrx_word' id='word_1_39' title='bbox 451 757 542 807; x_wconf 83' lang='lat' dir='ltr'><strong>Caesar</strong></span> <span class='ocrx_word' id='word_1_40' title='bbox 555 759 588 807; x_wconf 89' lang='lat' dir='ltr'><strong>ad</strong></span> <span class='ocrx_word' id='word_1_41' title='bbox 598 773 697 806; x_wconf 89' lang='lat' dir='ltr'><strong>murum</strong></span> <span class='ocrx_word' id='word_1_42' title='bbox 706 760 874 821; x_wconf 83' lang='lat' dir='ltr'><strong>castraponit.</strong></span> <span class='ocrx_word' id='word_1_43' title='bbox 883 757 948 807; x_wconf 88' lang='lat' dir='ltr'><strong>XVI.</strong></span> <span class='ocrx_word' id='word_1_44' title='bbox 961 758 1017 806; x_wconf 85' lang='lat' dir='ltr'><strong>Kal.</strong></span> 
     </span>
     <span class='ocr_line' id='line_1_8' title="bbox 250 826 1019 891; baseline -0.003 -15"><span class='ocrx_word' id='word_1_45' title='bbox 250 828 311 891; x_wconf 73' lang='lat' dir='ltr'><strong>Apr.</strong></span> <span class='ocrx_word' id='word_1_46' title='bbox 328 826 462 890; x_wconf 89' lang='lat' dir='ltr'><strong>Pompeius</strong></span> <span class='ocrx_word' id='word_1_47' title='bbox 480 827 630 885; x_wconf 82' lang='lat' dir='ltr'><strong>Brundisio,</strong></span> <span class='ocrx_word' id='word_1_48' title='bbox 651 841 707 875; x_wconf 90' lang='lat' dir='ltr'><strong>cum</strong></span> <span class='ocrx_word' id='word_1_49' title='bbox 724 827 839 876; x_wconf 86' lang='lat' dir='ltr'><strong>omnibus</strong></span> <span class='ocrx_word' id='word_1_50' title='bbox 856 827 950 890; x_wconf 90' lang='lat' dir='ltr'><strong>copiis,</strong></span> <span class='ocrx_word' id='word_1_51' title='bbox 973 841 1019 874; x_wconf 90' lang='lat' dir='ltr'><strong>na·</strong></span> 
     </span>
     <span class='ocr_line' id='line_1_9' title="bbox 250 893 1019 957; baseline -0.001 -14"><span class='ocrx_word' id='word_1_52' title='bbox 250 896 322 944; x_wconf 86' lang='lat' dir='ltr'><strong>vibus</strong></span> <span class='ocrx_word' id='word_1_53' title='bbox 340 896 366 943; x_wconf 90' lang='lat' dir='ltr'><strong>in</strong></span> <span class='ocrx_word' id='word_1_54' title='bbox 382 895 510 943; x_wconf 77' lang='lat' dir='ltr'><strong>Graeciam</strong></span> <span class='ocrx_word' id='word_1_55' title='bbox 527 895 624 943; x_wconf 88' lang='lat' dir='ltr'><strong>traiicit.</strong></span> <span class='ocrx_word' id='word_1_56' title='bbox 663 893 754 944; x_wconf 84' lang='lat' dir='ltr'><strong>Caesar</strong></span> <span class='ocrx_word' id='word_1_57' title='bbox 771 904 870 957; x_wconf 87' lang='lat' dir='ltr'><strong>postero</strong></span> <span class='ocrx_word' id='word_1_58' title='bbox 889 896 929 944; x_wconf 90' lang='lat' dir='ltr'><strong>die</strong></span> <span class='ocrx_word' id='word_1_59' title='bbox 946 894 1019 957; x_wconf 90' lang='lat' dir='ltr'><strong>oppi-</strong></span> 
     </span>
     <span class='ocr_line' id='line_1_10' title="bbox 252 962 1017 1027; baseline -0.004 -16"><span class='ocrx_word' id='word_1_60' title='bbox 252 963 310 1011; x_wconf 89' lang='lat' dir='ltr'><strong>dum</strong></span> <span class='ocrx_word' id='word_1_61' title='bbox 333 963 461 1026; x_wconf 79' lang='lat' dir='ltr'><strong>ingressus</strong></span> <span class='ocrx_word' id='word_1_62' title='bbox 485 972 509 1011; x_wconf 90' lang='lat' dir='ltr'><strong>et</strong></span> <span class='ocrx_word' id='word_1_63' title='bbox 537 963 692 1012; x_wconf 89' lang='lat' dir='ltr'><strong>contionatus</strong></span> <span class='ocrx_word' id='word_1_64' title='bbox 715 962 822 1012; x_wconf 89' lang='lat' dir='ltr'><strong>Romam</strong></span> <span class='ocrx_word' id='word_1_65' title='bbox 842 962 1017 1027; x_wconf 87' lang='lat' dir='ltr'><strong>proficiscitur,</strong></span> 
     </span>
     <span class='ocr_line' id='line_1_11' title="bbox 251 1030 1018 1093; baseline -0.001 -14"><span class='ocrx_word' id='word_1_66' title='bbox 251 1046 301 1093; x_wconf 92' lang='lat' dir='ltr'><strong>quo</strong></span> <span class='ocrx_word' id='word_1_67' title='bbox 323 1031 349 1078; x_wconf 92' lang='lat' dir='ltr'><strong>in</strong></span> <span class='ocrx_word' id='word_1_68' title='bbox 371 1032 459 1079; x_wconf 78' lang='lat' dir='ltr'><strong>illnere</strong></span> <span class='ocrx_word' id='word_1_69' title='bbox 483 1030 569 1080; x_wconf 76' lang='lat' dir='ltr'><strong>Cicero</strong></span> <span class='ocrx_word' id='word_1_70' title='bbox 594 1045 651 1079; x_wconf 89' lang='lat' dir='ltr'><strong>enm</strong></span> <span class='ocrx_word' id='word_1_71' title='bbox 674 1032 797 1080; x_wconf 87' lang='lat' dir='ltr'><strong>convenil.</strong></span> <span class='ocrx_word' id='word_1_72' title='bbox 825 1031 878 1079; x_wconf 87' lang='lat' dir='ltr'><strong>VII.</strong></span> <span class='ocrx_word' id='word_1_73' title='bbox 897 1031 933 1082; x_wconf 90' lang='lat' dir='ltr'><strong>Id.</strong></span> <span class='ocrx_word' id='word_1_74' title='bbox 951 1031 1018 1088; x_wconf 70' lang='lat' dir='ltr'><strong>lun„</strong></span> 
     </span>
     <span class='ocr_line' id='line_1_12' title="bbox 249 1097 1019 1162; baseline -0.001 -15"><span class='ocrx_word' id='word_1_75' title='bbox 249 1105 384 1162; x_wconf 85' lang='lat' dir='ltr'><strong>postquam</strong></span> <span class='ocrx_word' id='word_1_76' title='bbox 405 1099 494 1162; x_wconf 81' lang='lat' dir='ltr'><strong>Arpini</strong></span> <span class='ocrx_word' id='word_1_77' title='bbox 512 1097 563 1148; x_wconf 89' lang='lat' dir='ltr'><strong>filio</strong></span> <span class='ocrx_word' id='word_1_78' title='bbox 586 1106 673 1162; x_wconf 79' lang='lat' dir='ltr'><strong>togam</strong></span> <span class='ocrx_word' id='word_1_79' title='bbox 696 1113 785 1162; x_wconf 89' lang='lat' dir='ltr'><strong>puram</strong></span> <span class='ocrx_word' id='word_1_80' title='bbox 806 1098 921 1157; x_wconf 82' lang='lat' dir='ltr'><strong>dederat,</strong></span> <span class='ocrx_word' id='word_1_81' title='bbox 944 1097 1019 1146; x_wconf 88' lang='lat' dir='ltr'><strong>Pom·</strong></span> 
     </span>
     <span class='ocr_line' id='line_1_13' title="bbox 250 1164 1019 1230; baseline 0 -16"><span class='ocrx_word' id='word_1_82' title='bbox 250 1168 335 1230; x_wconf 90' lang='lat' dir='ltr'><strong>peium</strong></span> <span class='ocrx_word' id='word_1_83' title='bbox 350 1167 377 1214; x_wconf 88' lang='lat' dir='ltr'><strong>in</strong></span> <span class='ocrx_word' id='word_1_84' title='bbox 390 1164 518 1215; x_wconf 77' lang='lat' dir='ltr'><strong>Graeciam</strong></span> <span class='ocrx_word' id='word_1_85' title='bbox 535 1174 665 1215; x_wconf 87' lang='lat' dir='ltr'><strong>secuturus</strong></span> <span class='ocrx_word' id='word_1_86' title='bbox 683 1181 772 1215; x_wconf 89' lang='lat' dir='ltr'><strong>navem</strong></span> <span class='ocrx_word' id='word_1_87' title='bbox 787 1167 938 1216; x_wconf 85' lang='lat' dir='ltr'><strong>conscendit.</strong></span> <span class='ocrx_word' id='word_1_88' title='bbox 956 1165 1019 1215; x_wconf 81' lang='lat' dir='ltr'><strong>Gae-</strong></span> 
     </span>
     <span class='ocr_line' id='line_1_14' title="bbox 250 1233 1019 1299; baseline 0 -17"><span class='ocrx_word' id='word_1_89' title='bbox 250 1248 292 1283; x_wconf 86' lang='lat' dir='ltr'><strong>sar</strong></span> <span class='ocrx_word' id='word_1_90' title='bbox 309 1233 429 1297; x_wconf 84' lang='lat' dir='ltr'><strong>HispanIa</strong></span> <span class='ocrx_word' id='word_1_91' title='bbox 446 1234 548 1298; x_wconf 88' lang='lat' dir='ltr'><strong>potitur,</strong></span> <span class='ocrx_word' id='word_1_92' title='bbox 568 1236 692 1299; x_wconf 83' lang='lat' dir='ltr'><strong>superatis</strong></span> <span class='ocrx_word' id='word_1_93' title='bbox 709 1235 822 1298; x_wconf 89' lang='lat' dir='ltr'><strong>Pompeii</strong></span> <span class='ocrx_word' id='word_1_94' title='bbox 839 1235 944 1298; x_wconf 88' lang='lat' dir='ltr'><strong>legatis,</strong></span> <span class='ocrx_word' id='word_1_95' title='bbox 963 1241 987 1282; x_wconf 85' lang='lat' dir='ltr'><strong>et</strong></span> <span class='ocrx_word' id='word_1_96' title='bbox 1003 1249 1019 1282; x_wconf 91' lang='lat' dir='ltr'><strong>a</strong></span> 
     </span>
     <span class='ocr_line' id='line_1_15' title="bbox 250 1301 1019 1366; baseline 0 -16"><span class='ocrx_word' id='word_1_97' title='bbox 250 1302 283 1350; x_wconf 91' lang='lat' dir='ltr'><strong>M.</strong></span> <span class='ocrx_word' id='word_1_98' title='bbox 308 1301 403 1366; x_wconf 90' lang='lat' dir='ltr'><strong>Lepido</strong></span> <span class='ocrx_word' id='word_1_99' title='bbox 425 1310 540 1366; x_wconf 90' lang='lat' dir='ltr'><strong>praetore</strong></span> <span class='ocrx_word' id='word_1_100' title='bbox 567 1301 673 1357; x_wconf 83' lang='lat' dir='ltr'><strong>dictator</strong></span> <span class='ocrx_word' id='word_1_101' title='bbox 695 1303 776 1353; x_wconf 90' lang='lat' dir='ltr'><strong>dictus</strong></span> <span class='ocrx_word' id='word_1_102' title='bbox 799 1302 894 1351; x_wconf 88' lang='lat' dir='ltr'><strong>Romae</strong></span> <span class='ocrx_word' id='word_1_103' title='bbox 918 1303 1019 1351; x_wconf 87' lang='lat' dir='ltr'><strong>comitia</strong></span> 
     </span>
     <span class='ocr_line' id='line_1_16' title="bbox 249 1369 954 1434; baseline 0.001 -17"><span class='ocrx_word' id='word_1_104' title='bbox 249 1369 333 1429; x_wconf 84' lang='lat' dir='ltr'><strong>habet,</strong></span> <span class='ocrx_word' id='word_1_105' title='bbox 353 1371 443 1431; x_wconf 90' lang='lat' dir='ltr'><strong>quibus</strong></span> <span class='ocrx_word' id='word_1_106' title='bbox 460 1372 517 1434; x_wconf 89' lang='lat' dir='ltr'><strong>ipse</strong></span> <span class='ocrx_word' id='word_1_107' title='bbox 533 1385 590 1420; x_wconf 91' lang='lat' dir='ltr'><strong>cum</strong></span> <span class='ocrx_word' id='word_1_108' title='bbox 607 1371 635 1420; x_wconf 88' lang='lat' dir='ltr'><strong>P.</strong></span> <span class='ocrx_word' id='word_1_109' title='bbox 655 1370 760 1422; x_wconf 83' lang='lat' dir='ltr'><strong>Servilio</strong></span> <span class='ocrx_word' id='word_1_110' title='bbox 780 1386 831 1420; x_wconf 89' lang='lat' dir='ltr'><strong>cos.</strong></span> <span class='ocrx_word' id='word_1_111' title='bbox 851 1377 954 1420; x_wconf 86' lang='lat' dir='ltr'><strong>creatur.</strong></span> 
     </span>
     <span class='ocr_line' id='line_1_17' title="bbox 88 1434 1068 1498; baseline -0.002 -10"><span class='ocrx_word' id='word_1_112' title='bbox 88 1434 138 1489; x_wconf 82' lang='lat'><strong>706</strong></span> <span class='ocrx_word' id='word_1_113' title='bbox 180 1436 214 1489; x_wconf 77' lang='lat'><strong>48</strong></span> <span class='ocrx_word' id='word_1_114' title='bbox 250 1437 321 1490; x_wconf 79' lang='lat' dir='ltr'><strong>Gaas.</strong></span> <span class='ocrx_word' id='word_1_115' title='bbox 353 1438 381 1488; x_wconf 81' lang='lat'><strong>0.</strong></span> <span class='ocrx_word' id='word_1_116' title='bbox 397 1438 477 1488; x_wconf 83' lang='lat' dir='ltr'><strong>Iulius</strong></span> <span class='ocrx_word' id='word_1_117' title='bbox 491 1438 651 1498; x_wconf 80' lang='lat' dir='ltr'><strong>GaesarIL,</strong></span> <span class='ocrx_word' id='word_1_118' title='bbox 664 1439 696 1488; x_wconf 83' lang='lat' dir='ltr'><strong>P.</strong></span> <span class='ocrx_word' id='word_1_119' title='bbox 711 1438 832 1489; x_wconf 82' lang='lat' dir='ltr'><strong>Servilius</strong></span> <span class='ocrx_word' id='word_1_120' title='bbox 849 1440 927 1489; x_wconf 78' lang='lat' dir='ltr'><strong>Vatia</strong></span> <span class='ocrx_word' id='word_1_121' title='bbox 943 1437 1018 1487; x_wconf 81' lang='lat' dir='ltr'><strong>Ioan—</strong></span> <span class='ocrx_word' id='word_1_122' title='bbox 1059 1438 1068 1448; x_wconf 92' lang='grc'><em>”</em></span> 
     </span>
     <span class='ocr_line' id='line_1_18' title="bbox 352 1523 427 1557; baseline -0.013 0"><span class='ocrx_word' id='word_1_123' title='bbox 352 1523 427 1557; x_wconf 75' lang='lat' dir='ltr'><strong>ricus.</strong></span> 
     </span>
    </p>

    <p class='ocr_par' dir='ltr' id='par_1_4' title="bbox 283 1573 1017 1639">
     <span class='ocr_line' id='line_1_19' title="bbox 283 1573 1017 1639; baseline -0.004 -15"><span class='ocrx_word' id='word_1_124' title='bbox 283 1573 375 1624; x_wconf 83' lang='lat' dir='ltr'><strong>Caesar</strong></span> <span class='ocrx_word' id='word_1_125' title='bbox 390 1575 456 1639; x_wconf 86' lang='lat' dir='ltr'><strong>prid.</strong></span> <span class='ocrx_word' id='word_1_126' title='bbox 472 1575 537 1624; x_wconf 87' lang='lat' dir='ltr'><strong>Non.</strong></span> <span class='ocrx_word' id='word_1_127' title='bbox 548 1575 601 1627; x_wconf 85' lang='lat' dir='ltr'><strong>Ian.</strong></span> <span class='ocrx_word' id='word_1_128' title='bbox 613 1573 745 1624; x_wconf 84' lang='lat' dir='ltr'><strong>Brundisio</strong></span> <span class='ocrx_word' id='word_1_129' title='bbox 760 1576 786 1624; x_wconf 89' lang='lat' dir='ltr'><strong>iu</strong></span> <span class='ocrx_word' id='word_1_130' title='bbox 797 1575 901 1638; x_wconf 87' lang='lat' dir='ltr'><strong>Epirum</strong></span> <span class='ocrx_word' id='word_1_131' title='bbox 914 1574 1017 1632; x_wconf 73' lang='lat' dir='ltr'><strong>malicia,</strong></span> 
     </span>
    </p>

    <p class='ocr_par' dir='ltr' id='par_1_5' title="bbox 211 1641 1019 1980">
     <span class='ocr_line' id='line_1_20' title="bbox 211 1641 1019 1708; baseline -0.004 -16"><span class='ocrx_word' id='word_1_132' title='bbox 211 1650 217 1663; x_wconf 58' lang='lat'><strong>⁸</strong></span> <span class='ocrx_word' id='word_1_133' title='bbox 249 1642 396 1707; x_wconf 89' lang='lat' dir='ltr'><strong>Pompeium</strong></span> <span class='ocrx_word' id='word_1_134' title='bbox 411 1642 559 1708; x_wconf 76' lang='lat' dir='ltr'><strong>Dyrrhachii</strong></span> <span class='ocrx_word' id='word_1_135' title='bbox 576 1641 687 1702; x_wconf 87' lang='lat' dir='ltr'><strong>obsidet,</strong></span> <span class='ocrx_word' id='word_1_136' title='bbox 712 1643 755 1705; x_wconf 87' lang='lat' dir='ltr'><strong>qui</strong></span> <span class='ocrx_word' id='word_1_137' title='bbox 772 1642 831 1691; x_wconf 87' lang='lat' dir='ltr'><strong>inde</strong></span> <span class='ocrx_word' id='word_1_138' title='bbox 849 1643 949 1706; x_wconf 87' lang='lat' dir='ltr'><strong>elapsus</strong></span> <span class='ocrx_word' id='word_1_139' title='bbox 965 1642 1019 1690; x_wconf 90' lang='lat' dir='ltr'><strong>bel·</strong></span> 
     </span>
     <span class='ocr_line' id='line_1_21' title="bbox 249 1708 1018 1775; baseline -0.004 -15"><span class='ocrx_word' id='word_1_140' title='bbox 249 1711 300 1761; x_wconf 90' lang='lat' dir='ltr'><strong>lum</strong></span> <span class='ocrx_word' id='word_1_141' title='bbox 317 1713 341 1763; x_wconf 89' lang='lat' dir='ltr'><strong>iu</strong></span> <span class='ocrx_word' id='word_1_142' title='bbox 354 1711 509 1763; x_wconf 86' lang='lat' dir='ltr'><strong>Thessaliam</strong></span> <span class='ocrx_word' id='word_1_143' title='bbox 521 1710 646 1770; x_wconf 83' lang='lat' dir='ltr'><strong>transfert,</strong></span> <span class='ocrx_word' id='word_1_144' title='bbox 665 1711 709 1759; x_wconf 91' lang='lat' dir='ltr'><strong>ubi</strong></span> <span class='ocrx_word' id='word_1_145' title='bbox 720 1711 815 1775; x_wconf 86' lang='lat' dir='ltr'><strong>proelio</strong></span> <span class='ocrx_word' id='word_1_146' title='bbox 828 1711 861 1760; x_wconf 90' lang='lat' dir='ltr'><strong>ad</strong></span> <span class='ocrx_word' id='word_1_147' title='bbox 872 1708 1018 1758; x_wconf 84' lang='lat' dir='ltr'><strong>Pharsalum</strong></span> 
     </span>
     <span class='ocr_line' id='line_1_22' title="bbox 248 1776 1018 1843; baseline -0.004 -15"><span class='ocrx_word' id='word_1_148' title='bbox 248 1780 312 1843; x_wconf 81' lang='lat' dir='ltr'><strong>prid</strong></span> <span class='ocrx_word' id='word_1_149' title='bbox 331 1779 385 1832; x_wconf 65' lang='grc' dir='ltr'><strong>Καὶ.</strong></span> <span class='ocrx_word' id='word_1_150' title='bbox 403 1780 458 1830; x_wconf 88' lang='lat' dir='ltr'><strong>Oct.</strong></span> <span class='ocrx_word' id='word_1_151' title='bbox 475 1795 490 1828; x_wconf 90' lang='lat' dir='ltr'><strong>a</strong></span> <span class='ocrx_word' id='word_1_152' title='bbox 508 1777 613 1828; x_wconf 81' lang='lat' dir='ltr'><strong>Caesare</strong></span> <span class='ocrx_word' id='word_1_153' title='bbox 636 1779 719 1828; x_wconf 81' lang='lat' dir='ltr'><strong>rictus</strong></span> <span class='ocrx_word' id='word_1_154' title='bbox 739 1779 766 1826; x_wconf 92' lang='lat' dir='ltr'><strong>iu</strong></span> <span class='ocrx_word' id='word_1_155' title='bbox 789 1781 931 1842; x_wconf 71' lang='lat' dir='ltr'><strong>Aegyptum</strong></span> <span class='ocrx_word' id='word_1_156' title='bbox 951 1776 1018 1841; x_wconf 81' lang='lat' dir='ltr'><strong>fugit</strong></span> 
     </span>
     <span class='ocr_line' id='line_1_23' title="bbox 249 1844 1019 1912; baseline -0.004 -16"><span class='ocrx_word' id='word_1_157' title='bbox 249 1849 281 1896; x_wconf 87' lang='lat' dir='ltr'><strong>ad</strong></span> <span class='ocrx_word' id='word_1_158' title='bbox 303 1848 471 1897; x_wconf 81' lang='lat' dir='ltr'><strong>Ptolemaeum</strong></span> <span class='ocrx_word' id='word_1_159' title='bbox 494 1861 600 1912; x_wconf 90' lang='lat' dir='ltr'><strong>puerum</strong></span> <span class='ocrx_word' id='word_1_160' title='bbox 620 1846 884 1908; x_wconf 82' lang='lat' dir='ltr'><strong>ibiqueinterflcitur.</strong></span> <span class='ocrx_word' id='word_1_161' title='bbox 926 1844 1019 1894; x_wconf 85' lang='lat' dir='ltr'><strong>Caesar</strong></span> 
     </span>
     <span class='ocr_line' id='line_1_24' title="bbox 250 1915 645 1980; baseline -0.013 -13"><span class='ocrx_word' id='word_1_162' title='bbox 250 1915 340 1967; x_wconf 90' lang='lat' dir='ltr'><strong>bellum</strong></span> <span class='ocrx_word' id='word_1_163' title='bbox 355 1915 554 1965; x_wconf 83' lang='lat' dir='ltr'><strong>Alexandrinum</strong></span> <span class='ocrx_word' id='word_1_164' title='bbox 572 1915 645 1980; x_wconf 79' lang='lat' dir='ltr'><strong>gerit.</strong></span> 
     </span>
    </p>

    <p class='ocr_par' dir='ltr' id='par_1_6' title="bbox 282 1979 933 2041">
     <span class='ocr_line' id='line_1_25' title="bbox 282 1979 933 2041; baseline -0.005 -10"><span class='ocrx_word' id='word_1_165' title='bbox 282 1982 368 2032; x_wconf 75' lang='lat' dir='ltr'><strong>Cicero</strong></span> <span class='ocrx_word' id='word_1_166' title='bbox 385 1979 416 2032; x_wconf 83' lang='lat' dir='ltr'><strong>ab</strong></span> <span class='ocrx_word' id='word_1_167' title='bbox 434 1985 510 2032; x_wconf 78' lang='lat' dir='ltr'><strong>armIs</strong></span> <span class='ocrx_word' id='word_1_168' title='bbox 528 1983 661 2031; x_wconf 86' lang='lat' dir='ltr'><strong>discedens</strong></span> <span class='ocrx_word' id='word_1_169' title='bbox 677 1981 839 2041; x_wconf 84' lang='lat' dir='ltr'><strong>Brundisium</strong></span> <span class='ocrx_word' id='word_1_170' title='bbox 856 1983 933 2031; x_wconf 74' lang='lat' dir='ltr'><strong>venit.</strong></span> 
     </span>
    </p>

    <p class='ocr_par' dir='ltr' id='par_1_7' title="bbox 86 2041 1088 2589">
     <span class='ocr_line' id='line_1_26' title="bbox 86 2041 1088 2114; baseline -0.005 -8"><span class='ocrx_word' id='word_1_171' title='bbox 86 2041 135 2106; x_wconf 76' lang='lat'><strong>707</strong></span> <span class='ocrx_word' id='word_1_172' title='bbox 179 2048 212 2103; x_wconf 81' lang='lat'><strong>47</strong></span> <span class='ocrx_word' id='word_1_173' title='bbox 248 2051 276 2102; x_wconf 80' lang='lat'><strong>0.</strong></span> <span class='ocrx_word' id='word_1_174' title='bbox 294 2050 374 2099; x_wconf 77' lang='lat' dir='ltr'><strong>Iulius</strong></span> <span class='ocrx_word' id='word_1_175' title='bbox 393 2051 489 2100; x_wconf 79' lang='lat' dir='ltr'><strong>Cacsar</strong></span> <span class='ocrx_word' id='word_1_176' title='bbox 506 2049 545 2098; x_wconf 91' lang='grc' dir='ltr'><strong>ΙΙ.</strong></span> <span class='ocrx_word' id='word_1_177' title='bbox 564 2049 684 2107; x_wconf 87' lang='lat' dir='ltr'><strong>Dictator,</strong></span> <span class='ocrx_word' id='word_1_178' title='bbox 703 2048 743 2098; x_wconf 89' lang='lat' dir='ltr'><strong>M.</strong></span> <span class='ocrx_word' id='word_1_179' title='bbox 760 2049 881 2099; x_wconf 81' lang='lat' dir='ltr'><strong>Antoniae</strong></span> <span class='ocrx_word' id='word_1_180' title='bbox 898 2049 1019 2114; x_wconf 79' lang='lat' dir='ltr'><strong>Magister</strong></span> <span class='ocrx_word' id='word_1_181' title='bbox 1054 2048 1088 2101; x_wconf 85' lang='lat'><strong>60</strong></span> 
     </span>
     <span class='ocr_line' id='line_1_27' title="bbox 230 2117 657 2172; baseline -0.002 -5"><span class='ocrx_word' id='word_1_182' title='bbox 230 2125 253 2134; x_wconf 83' lang='grc'><strong>“’</strong></span> <span class='ocrx_word' id='word_1_183' title='bbox 347 2117 475 2172; x_wconf 84' lang='lat' dir='ltr'><strong>Euitum.</strong></span> <span class='ocrx_word' id='word_1_184' title='bbox 650 2117 657 2130; x_wconf 90' lang='lat'>’</span> 
     </span>
     <span class='ocr_line' id='line_1_28' title="bbox 283 2133 1018 2251; baseline -0.003 -15"><span class='ocrx_word' id='word_1_185' title='bbox 283 2133 385 2245; x_wconf 41' lang='lat' dir='ltr'><strong>Caesar}</strong></span> <span class='ocrx_word' id='word_1_186' title='bbox 400 2186 465 2235; x_wconf 89' lang='lat' dir='ltr'><strong>bello</strong></span> <span class='ocrx_word' id='word_1_187' title='bbox 477 2183 788 2251; x_wconf 32' lang='lat' dir='ltr'><strong>Alexandriuoxcoufecta</strong></span> <span class='ocrx_word' id='word_1_188' title='bbox 806 2200 892 2236; x_wconf 88' lang='lat' dir='ltr'><strong>mense</strong></span> <span class='ocrx_word' id='word_1_189' title='bbox 904 2182 1018 2250; x_wconf 88' lang='lat' dir='ltr'><strong>Septem·</strong></span> 
     </span>
     <span class='ocr_line' id='line_1_29' title="bbox 202 2251 1016 2318; baseline -0.001 -16"><span class='ocrx_word' id='word_1_190' title='bbox 202 2295 205 2303; x_wconf 82' lang='grc'><strong>,</strong></span> <span class='ocrx_word' id='word_1_191' title='bbox 247 2255 286 2302; x_wconf 88' lang='lat' dir='ltr'><strong>bri</strong></span> <span class='ocrx_word' id='word_1_192' title='bbox 308 2255 334 2302; x_wconf 90' lang='lat' dir='ltr'><strong>iu</strong></span> <span class='ocrx_word' id='word_1_193' title='bbox 354 2255 450 2305; x_wconf 87' lang='lat' dir='ltr'><strong>italiam</strong></span> <span class='ocrx_word' id='word_1_194' title='bbox 472 2254 546 2303; x_wconf 89' lang='lat' dir='ltr'><strong>rediit</strong></span> <span class='ocrx_word' id='word_1_195' title='bbox 564 2254 637 2314; x_wconf 89' lang='lat' dir='ltr'><strong>eique</strong></span> <span class='ocrx_word' id='word_1_196' title='bbox 655 2251 739 2302; x_wconf 82' lang='lat' dir='ltr'><strong>Cicero</strong></span> <span class='ocrx_word' id='word_1_197' title='bbox 761 2254 861 2303; x_wconf 88' lang='lat' dir='ltr'><strong>obviam</strong></span> <span class='ocrx_word' id='word_1_198' title='bbox 884 2255 1016 2318; x_wconf 90' lang='lat' dir='ltr'><strong>processit.</strong></span> 
     </span>
     <span class='ocr_line' id='line_1_30' title="bbox 170 2321 1017 2383; baseline 0 -13"><span class='ocrx_word' id='word_1_199' title='bbox 170 2368 174 2383; x_wconf 84' lang='grc'>,</span> <span class='ocrx_word' id='word_1_200' title='bbox 248 2321 340 2371; x_wconf 79' lang='lat' dir='ltr'><strong>Caesar</strong></span> <span class='ocrx_word' id='word_1_201' title='bbox 362 2330 389 2371; x_wconf 91' lang='lat' dir='ltr'><strong>ut</strong></span> <span class='ocrx_word' id='word_1_202' title='bbox 411 2338 468 2372; x_wconf 89' lang='lat' dir='ltr'><strong>eum</strong></span> <span class='ocrx_word' id='word_1_203' title='bbox 485 2322 534 2370; x_wconf 85' lang='lat' dir='ltr'><strong>sibi</strong></span> <span class='ocrx_word' id='word_1_204' title='bbox 553 2336 681 2370; x_wconf 88' lang='lat' dir='ltr'><strong>occurrere</strong></span> <span class='ocrx_word' id='word_1_205' title='bbox 698 2321 762 2369; x_wconf 86' lang='lat' dir='ltr'><strong>vidit</strong></span> <span class='ocrx_word' id='word_1_206' title='bbox 768 2356 775 2381; x_wconf 89' lang='lat'><strong>,</strong></span> <span class='ocrx_word' id='word_1_207' title='bbox 802 2321 932 2371; x_wconf 86' lang='lat' dir='ltr'><strong>descendit</strong></span> <span class='ocrx_word' id='word_1_208' title='bbox 948 2337 1017 2371; x_wconf 90' lang='lat' dir='ltr'><strong>eum·</strong></span> 
     </span>
     <span class='ocr_line' id='line_1_31' title="bbox 248 2389 1018 2452; baseline -0.001 -13"><span class='ocrx_word' id='word_1_209' title='bbox 248 2405 297 2452; x_wconf 89' lang='lat' dir='ltr'><strong>que</strong></span> <span class='ocrx_word' id='word_1_210' title='bbox 319 2391 449 2451; x_wconf 87' lang='lat' dir='ltr'><strong>salutavit,</strong></span> <span class='ocrx_word' id='word_1_211' title='bbox 477 2404 534 2439; x_wconf 91' lang='lat' dir='ltr'><strong>cum</strong></span> <span class='ocrx_word' id='word_1_212' title='bbox 559 2404 639 2452; x_wconf 87' lang='lat' dir='ltr'><strong>eoque</strong></span> <span class='ocrx_word' id='word_1_213' title='bbox 661 2389 806 2451; x_wconf 85' lang='lat' dir='ltr'><strong>colloquens</strong></span> <span class='ocrx_word' id='word_1_214' title='bbox 830 2389 908 2440; x_wconf 81' lang='lat' dir='ltr'><strong>multu</strong></span> <span class='ocrx_word' id='word_1_215' title='bbox 934 2390 1018 2439; x_wconf 86' lang='lat' dir='ltr'><strong>stadia</strong></span> 
     </span>
     <span class='ocr_line' id='line_1_32' title="bbox 247 2457 1017 2539; baseline 0 -33"><span class='ocrx_word' id='word_1_216' title='bbox 247 2458 378 2539; x_wconf 81' lang='lat' dir='ltr'><strong>processit.</strong></span> <span class='ocrx_word' id='word_1_217' title='bbox 414 2457 500 2508; x_wconf 87' lang='lat' dir='ltr'><strong>Paullo</strong></span> <span class='ocrx_word' id='word_1_218' title='bbox 515 2464 573 2521; x_wconf 93' lang='lat' dir='ltr'><strong>post</strong></span> <span class='ocrx_word' id='word_1_219' title='bbox 588 2457 682 2515; x_wconf 83' lang='lat' dir='ltr'><strong>Cicero,</strong></span> <span class='ocrx_word' id='word_1_220' title='bbox 703 2459 746 2520; x_wconf 90' lang='lat' dir='ltr'><strong>qui</strong></span> <span class='ocrx_word' id='word_1_221' title='bbox 762 2472 843 2520; x_wconf 88' lang='lat' dir='ltr'><strong>usque</strong></span> <span class='ocrx_word' id='word_1_222' title='bbox 860 2459 893 2507; x_wconf 91' lang='lat' dir='ltr'><strong>ad</strong></span> <span class='ocrx_word' id='word_1_223' title='bbox 910 2458 937 2507; x_wconf 91' lang='lat' dir='ltr'><strong>id</strong></span> <span class='ocrx_word' id='word_1_224' title='bbox 953 2465 1017 2506; x_wconf 89' lang='lat' dir='ltr'><strong>tem-</strong></span> 
     </span>
     <span class='ocr_line' id='line_1_33' title="bbox 247 2525 948 2589; baseline -0.001 -15"><span class='ocrx_word' id='word_1_225' title='bbox 247 2540 295 2589; x_wconf 90' lang='lat' dir='ltr'><strong>pus</strong></span> <span class='ocrx_word' id='word_1_226' title='bbox 311 2527 438 2576; x_wconf 84' lang='lat' dir='ltr'><strong>BrundIsii</strong></span> <span class='ocrx_word' id='word_1_227' title='bbox 455 2533 621 2576; x_wconf 86' lang='lat' dir='ltr'><strong>commoratus</strong></span> <span class='ocrx_word' id='word_1_228' title='bbox 640 2535 702 2584; x_wconf 84' lang='lat' dir='ltr'><strong>erar,</strong></span> <span class='ocrx_word' id='word_1_229' title='bbox 719 2527 745 2574; x_wconf 91' lang='lat' dir='ltr'><strong>in</strong></span> <span class='ocrx_word' id='word_1_230' title='bbox 762 2525 854 2577; x_wconf 89' lang='lat' dir='ltr'><strong>Urbem</strong></span> <span class='ocrx_word' id='word_1_231' title='bbox 871 2527 948 2575; x_wconf 87' lang='lat' dir='ltr'><strong>venit.</strong></span> 
     </span>
    </p>

    <p class='ocr_par' dir='ltr' id='par_1_8' title="bbox 246 2593 1017 2932">
     <span class='ocr_line' id='line_1_34' title="bbox 280 2593 1015 2651; baseline 0.004 -8"><span class='ocrx_word' id='word_1_232' title='bbox 280 2594 370 2643; x_wconf 87' lang='lat' dir='ltr'><strong>Tribus</strong></span> <span class='ocrx_word' id='word_1_233' title='bbox 397 2595 514 2645; x_wconf 81' lang='lat' dir='ltr'><strong>extremis</strong></span> <span class='ocrx_word' id='word_1_234' title='bbox 537 2594 564 2643; x_wconf 89' lang='lat' dir='ltr'><strong>h.</strong></span> <span class='ocrx_word' id='word_1_235' title='bbox 587 2610 612 2643; x_wconf 90' lang='lat' dir='ltr'><strong>a.</strong></span> <span class='ocrx_word' id='word_1_236' title='bbox 632 2594 761 2643; x_wconf 87' lang='lat' dir='ltr'><strong>mensibus</strong></span> <span class='ocrx_word' id='word_1_237' title='bbox 786 2609 837 2648; x_wconf 89' lang='lat' dir='ltr'><strong>cos.</strong></span> <span class='ocrx_word' id='word_1_238' title='bbox 860 2594 960 2644; x_wconf 80' lang='lat' dir='ltr'><strong>inerunt</strong></span> <span class='ocrx_word' id='word_1_239' title='bbox 984 2593 1015 2651; x_wconf 81' lang='lat' dir='ltr'><strong>Q.</strong></span> 
     </span>
     <span class='ocr_line' id='line_1_35' title="bbox 248 2660 1016 2729; baseline 0.003 -20"><span class='ocrx_word' id='word_1_240' title='bbox 248 2660 331 2718; x_wconf 77' lang='lat' dir='ltr'><strong>I&#39;uflus</strong></span> <span class='ocrx_word' id='word_1_241' title='bbox 348 2662 453 2712; x_wconf 85' lang='lat' dir='ltr'><strong>Galenus</strong></span> <span class='ocrx_word' id='word_1_242' title='bbox 471 2671 495 2712; x_wconf 88' lang='lat' dir='ltr'><strong>et</strong></span> <span class='ocrx_word' id='word_1_243' title='bbox 509 2665 539 2729; x_wconf 89' lang='grc' dir='ltr'><strong>ΙΡ.</strong></span> <span class='ocrx_word' id='word_1_244' title='bbox 558 2665 683 2715; x_wconf 87' lang='lat' dir='ltr'><strong>Vatinius.</strong></span> <span class='ocrx_word' id='word_1_245' title='bbox 721 2662 813 2725; x_wconf 77' lang='lat' dir='ltr'><strong>Caesar</strong></span> <span class='ocrx_word' id='word_1_246' title='bbox 829 2662 872 2716; x_wconf 87' lang='lat' dir='ltr'><strong>VI.</strong></span> <span class='ocrx_word' id='word_1_247' title='bbox 890 2661 945 2710; x_wconf 85' lang='lat' dir='ltr'><strong>Kal.</strong></span> <span class='ocrx_word' id='word_1_248' title='bbox 962 2662 1016 2711; x_wconf 87' lang='lat' dir='ltr'><strong>lau.</strong></span> 
     </span>
     <span class='ocr_line' id='line_1_36' title="bbox 246 2729 1017 2794; baseline -0.004 -15"><span class='ocrx_word' id='word_1_249' title='bbox 246 2729 363 2794; x_wconf 73' lang='lat' dir='ltr'><strong>Lilybaeo</strong></span> <span class='ocrx_word' id='word_1_250' title='bbox 385 2733 411 2780; x_wconf 89' lang='lat' dir='ltr'><strong>iu</strong></span> <span class='ocrx_word' id='word_1_251' title='bbox 432 2730 543 2780; x_wconf 81' lang='lat' dir='ltr'><strong>Africam</strong></span> <span class='ocrx_word' id='word_1_252' title='bbox 558 2733 668 2792; x_wconf 88' lang='lat' dir='ltr'><strong>traiecit,</strong></span> <span class='ocrx_word' id='word_1_253' title='bbox 691 2731 783 2782; x_wconf 87' lang='lat' dir='ltr'><strong>bellum</strong></span> <span class='ocrx_word' id='word_1_254' title='bbox 808 2731 928 2781; x_wconf 88' lang='lat' dir='ltr'><strong>adversus</strong></span> <span class='ocrx_word' id='word_1_255' title='bbox 944 2729 1017 2777; x_wconf 90' lang='lat' dir='ltr'><strong>Pom-</strong></span> 
     </span>
     <span class='ocr_line' id='line_1_37' title="bbox 247 2797 1017 2864; baseline -0.005 -16"><span class='ocrx_word' id='word_1_256' title='bbox 247 2800 359 2862; x_wconf 88' lang='lat' dir='ltr'><strong>peianos,</strong></span> <span class='ocrx_word' id='word_1_257' title='bbox 379 2798 521 2864; x_wconf 87' lang='lat' dir='ltr'><strong>Scipionem</strong></span> <span class='ocrx_word' id='word_1_258' title='bbox 539 2807 563 2848; x_wconf 88' lang='lat' dir='ltr'><strong>et</strong></span> <span class='ocrx_word' id='word_1_259' title='bbox 577 2799 695 2850; x_wconf 78' lang='lat' dir='ltr'><strong>catonem</strong></span> <span class='ocrx_word' id='word_1_260' title='bbox 714 2807 738 2848; x_wconf 91' lang='lat' dir='ltr'><strong>et</strong></span> <span class='ocrx_word' id='word_1_261' title='bbox 754 2800 840 2849; x_wconf 89' lang='lat' dir='ltr'><strong>Iubam</strong></span> <span class='ocrx_word' id='word_1_262' title='bbox 853 2797 1017 2846; x_wconf 85' lang='lat' dir='ltr'><strong>Mauritaniae</strong></span> 
     </span>
     <span class='ocr_line' id='line_1_38' title="bbox 246 2876 473 2932; baseline 0.018 -17"><span class='ocrx_word' id='word_1_263' title='bbox 246 2882 332 2932; x_wconf 78' lang='lat' dir='ltr'><strong>regem</strong></span> <span class='ocrx_word' id='word_1_264' title='bbox 348 2876 473 2932; x_wconf 81' lang='lat' dir='ltr'><strong>gesturus.</strong></span> 
     </span>
    </p>

    <p class='ocr_par' dir='ltr' id='par_1_9' title="bbox 84 2923 1086 2997">
     <span class='ocr_line' id='line_1_39' title="bbox 84 2923 1086 2997; baseline -0.004 -13"><span class='ocrx_word' id='word_1_265' title='bbox 84 2927 135 2985; x_wconf 79' lang='lat'><strong>⁷08</strong></span> <span class='ocrx_word' id='word_1_266' title='bbox 177 2927 212 2985; x_wconf 82' lang='lat'><strong>46</strong></span> <span class='ocrx_word' id='word_1_267' title='bbox 247 2935 317 2986; x_wconf 81' lang='lat' dir='ltr'><strong>Ooss.</strong></span> <span class='ocrx_word' id='word_1_268' title='bbox 352 2934 736 2997; x_wconf 72' lang='lat' dir='ltr'><strong>0.1ua·uccaesar111.,M.</strong></span> <span class='ocrx_word' id='word_1_269' title='bbox 755 2936 874 2986; x_wconf 69' lang='lat' dir='ltr'><strong>Aemiliam</strong></span> <span class='ocrx_word' id='word_1_270' title='bbox 893 2932 1014 2994; x_wconf 80' lang='lat' dir='ltr'><strong>Lepidus.</strong></span> <span class='ocrx_word' id='word_1_271' title='bbox 1053 2923 1086 2980; x_wconf 86' lang='lat'><strong>61</strong></span> 
     </span>
    </p>

    <p class='ocr_par' dir='ltr' id='par_1_10' title="bbox 245 3001 1017 3137">
     <span class='ocr_line' id='line_1_40' title="bbox 280 3001 1017 3064; baseline -0.008 -10"><span class='ocrx_word' id='word_1_272' title='bbox 280 3004 307 3055; x_wconf 82' lang='lat' dir='ltr'><strong>G.</strong></span> <span class='ocrx_word' id='word_1_273' title='bbox 326 3004 406 3054; x_wconf 81' lang='lat' dir='ltr'><strong>Iuliae</strong></span> <span class='ocrx_word' id='word_1_274' title='bbox 423 3005 519 3054; x_wconf 82' lang='lat' dir='ltr'><strong>Caesar</strong></span> <span class='ocrx_word' id='word_1_275' title='bbox 536 3007 607 3055; x_wconf 82' lang='lat' dir='ltr'><strong>ainrul</strong></span> <span class='ocrx_word' id='word_1_276' title='bbox 623 3005 666 3055; x_wconf 89' lang='grc' dir='ltr'><strong>ΠΙ.</strong></span> <span class='ocrx_word' id='word_1_277' title='bbox 685 3004 811 3064; x_wconf 80' lang='lat' dir='ltr'><strong>DIctator‚</strong></span> <span class='ocrx_word' id='word_1_278' title='bbox 835 3002 875 3055; x_wconf 89' lang='lat' dir='ltr'><strong>M.</strong></span> <span class='ocrx_word' id='word_1_279' title='bbox 897 3001 1017 3050; x_wconf 83' lang='lat' dir='ltr'><strong>Aemilius</strong></span> 
     </span>
     <span class='ocr_line' id='line_1_41' title="bbox 245 3072 589 3137; baseline -0.003 -15"><span class='ocrx_word' id='word_1_280' title='bbox 245 3072 358 3135; x_wconf 79' lang='lat' dir='ltr'><strong>Lepidae</strong></span> <span class='ocrx_word' id='word_1_281' title='bbox 374 3073 442 3137; x_wconf 82' lang='lat' dir='ltr'><strong>Mag.</strong></span> <span class='ocrx_word' id='word_1_282' title='bbox 461 3073 589 3135; x_wconf 87' lang='lat' dir='ltr'><strong>Equitum.</strong></span> 
     </span>
    </p>

    <p class='ocr_par' dir='ltr' id='par_1_11' title="bbox 244 3136 1016 3336">
     <span class='ocr_line' id='line_1_42' title="bbox 280 3136 1015 3204; baseline -0.011 -14"><span class='ocrx_word' id='word_1_283' title='bbox 280 3139 372 3201; x_wconf 79' lang='lat' dir='ltr'><strong>Caesar</strong></span> <span class='ocrx_word' id='word_1_284' title='bbox 395 3141 465 3190; x_wconf 87' lang='lat' dir='ltr'><strong>initio</strong></span> <span class='ocrx_word' id='word_1_285' title='bbox 487 3143 581 3191; x_wconf 85' lang='lat' dir='ltr'><strong>mensis</strong></span> <span class='ocrx_word' id='word_1_286' title='bbox 601 3139 697 3203; x_wconf 83' lang='lat' dir='ltr'><strong>Aprilis</strong></span> <span class='ocrx_word' id='word_1_287' title='bbox 720 3137 864 3204; x_wconf 83' lang='lat' dir='ltr'><strong>Spriouem</strong></span> <span class='ocrx_word' id='word_1_288' title='bbox 887 3144 912 3186; x_wconf 89' lang='lat' dir='ltr'><strong>et</strong></span> <span class='ocrx_word' id='word_1_289' title='bbox 927 3136 1015 3185; x_wconf 88' lang='lat' dir='ltr'><strong>Iubam</strong></span> 
     </span>
     <span class='ocr_line' id='line_1_43' title="bbox 244 3206 1016 3272; baseline -0.009 -14"><span class='ocrx_word' id='word_1_290' title='bbox 244 3210 330 3263; x_wconf 78' lang='lat' dir='ltr'><strong>vincit.</strong></span> <span class='ocrx_word' id='word_1_291' title='bbox 348 3210 438 3260; x_wconf 85' lang='lat' dir='ltr'><strong>Paucis</strong></span> <span class='ocrx_word' id='word_1_292' title='bbox 451 3210 540 3259; x_wconf 83' lang='lat' dir='ltr'><strong>diebus</strong></span> <span class='ocrx_word' id='word_1_293' title='bbox 554 3216 611 3272; x_wconf 89' lang='lat' dir='ltr'><strong>post</strong></span> <span class='ocrx_word' id='word_1_294' title='bbox 625 3208 657 3256; x_wconf 93' lang='lat' dir='ltr'><strong>M.</strong></span> <span class='ocrx_word' id='word_1_295' title='bbox 672 3207 731 3256; x_wconf 80' lang='lat' dir='ltr'><strong>Cato</strong></span> <span class='ocrx_word' id='word_1_296' title='bbox 743 3207 828 3258; x_wconf 85' lang='lat' dir='ltr'><strong>Uticae</strong></span> <span class='ocrx_word' id='word_1_297' title='bbox 845 3206 893 3255; x_wconf 90' lang='lat' dir='ltr'><strong>sibi</strong></span> <span class='ocrx_word' id='word_1_298' title='bbox 910 3209 1016 3253; x_wconf 84' lang='lat' dir='ltr'><strong>mortem</strong></span> 
     </span>
     <span class='ocr_line' id='line_1_44' title="bbox 246 3271 1016 3336; baseline -0.012 -11"><span class='ocrx_word' id='word_1_299' title='bbox 246 3278 385 3330; x_wconf 84' lang='lat' dir='ltr'><strong>consciscit.</strong></span> <span class='ocrx_word' id='word_1_300' title='bbox 405 3277 504 3336; x_wconf 80' lang='lat' dir='ltr'><strong>Caesar,</strong></span> <span class='ocrx_word' id='word_1_301' title='bbox 523 3276 643 3326; x_wconf 83' lang='lat' dir='ltr'><strong>Africano</strong></span> <span class='ocrx_word' id='word_1_302' title='bbox 662 3274 728 3324; x_wconf 89' lang='lat' dir='ltr'><strong>bello</strong></span> <span class='ocrx_word' id='word_1_303' title='bbox 745 3274 866 3332; x_wconf 84' lang='lat' dir='ltr'><strong>coniecto,</strong></span> <span class='ocrx_word' id='word_1_304' title='bbox 885 3273 924 3322; x_wconf 90' lang='lat' dir='ltr'><strong>Id.</strong></span> <span class='ocrx_word' id='word_1_305' title='bbox 937 3271 1016 3320; x_wconf 89' lang='lat' dir='ltr'><strong>Iuniis</strong></span> 
     </span>
    </p>

    <p class='ocr_par' dir='ltr' id='par_1_12' title="bbox 200 3339 1013 3477">
     <span class='ocr_line' id='line_1_45' title="bbox 200 3339 1013 3397; baseline -0.006 0"><span class='ocrx_word' id='word_1_306' title='bbox 200 3392 203 3397; x_wconf 89' lang='lat'><strong>.</strong></span> <span class='ocrx_word' id='word_1_307' title='bbox 246 3344 350 3393; x_wconf 80' lang='lat' dir='ltr'><strong>classem</strong></span> <span class='ocrx_word' id='word_1_308' title='bbox 372 3347 517 3396; x_wconf 84' lang='lat' dir='ltr'><strong>conscendit</strong></span> <span class='ocrx_word' id='word_1_309' title='bbox 539 3353 563 3394; x_wconf 88' lang='lat' dir='ltr'><strong>et</strong></span> <span class='ocrx_word' id='word_1_310' title='bbox 586 3345 627 3393; x_wconf 89' lang='lat' dir='ltr'><strong>die</strong></span> <span class='ocrx_word' id='word_1_311' title='bbox 644 3344 717 3392; x_wconf 88' lang='lat' dir='ltr'><strong>tertio</strong></span> <span class='ocrx_word' id='word_1_312' title='bbox 735 3343 761 3390; x_wconf 91' lang='lat' dir='ltr'><strong>in</strong></span> <span class='ocrx_word' id='word_1_313' title='bbox 779 3340 919 3391; x_wconf 88' lang='lat' dir='ltr'><strong>Sardiniam</strong></span> <span class='ocrx_word' id='word_1_314' title='bbox 936 3339 1013 3391; x_wconf 83' lang='lat' dir='ltr'><strong>veuit.</strong></span> 
     </span>
     <span class='ocr_line' id='line_1_46' title="bbox 245 3406 1012 3477; baseline -0.007 -16"><span class='ocrx_word' id='word_1_315' title='bbox 245 3412 305 3462; x_wconf 88' lang='lat' dir='ltr'><strong>Inde</strong></span> <span class='ocrx_word' id='word_1_316' title='bbox 323 3413 365 3461; x_wconf 86' lang='lat'><strong>111.</strong></span> <span class='ocrx_word' id='word_1_317' title='bbox 378 3413 433 3463; x_wconf 84' lang='lat' dir='ltr'><strong>Kal.</strong></span> <span class='ocrx_word' id='word_1_318' title='bbox 447 3414 530 3472; x_wconf 76' lang='lat' dir='ltr'><strong>Quint,</strong></span> <span class='ocrx_word' id='word_1_319' title='bbox 542 3412 670 3477; x_wconf 82' lang='lat' dir='ltr'><strong>profectus</strong></span> <span class='ocrx_word' id='word_1_320' title='bbox 682 3411 788 3461; x_wconf 83' lang='lat' dir='ltr'><strong>Romam</strong></span> <span class='ocrx_word' id='word_1_321' title='bbox 803 3411 871 3461; x_wconf 82' lang='lat' dir='ltr'><strong>venit</strong></span> <span class='ocrx_word' id='word_1_322' title='bbox 883 3423 907 3458; x_wconf 88' lang='lat' dir='ltr'><strong>a.</strong></span> <span class='ocrx_word' id='word_1_323' title='bbox 919 3406 944 3460; x_wconf 83' lang='lat' dir='ltr'><strong>d.</strong></span> <span class='ocrx_word' id='word_1_324' title='bbox 957 3406 1012 3456; x_wconf 87' lang='lat' dir='ltr'><strong>VII.</strong></span> 
     </span>
    </p>
   </div>
   <div class='ocr_carea' id='block_1_4' title="bbox 0 0 1182 3854">
    <p class='ocr_par' dir='ltr' id='par_1_13' title="bbox 0 0 1182 3854">
     <span class='ocr_line' id='line_1_47' title="bbox 0 0 1182 3854; baseline 0 0"><span class='ocrx_word' id='word_1_325' title='bbox 0 0 1182 3854; x_wconf 95' lang='lat' dir='ltr'><strong> </strong></span> 
     </span>
    </p>
   </div>
  </div>
 </body>
</html>
