2356 3854
421 157 613 245 cuna-n.
636 162 662 223 s.
677 164 792 220 s-ra
1050 117 1113 220 lia

89 321 157 373 ctus
179 307 258 383 enim
279 305 400 367 maximi
421 314 451 366 et
469 305 665 381 pulcherrimi·
678 307 748 368 lacti
773 305 820 367 sui
841 306 1027 368 conscientia
1042 307 1115 368 nihil

88 397 129 455 de
150 410 205 453 suo
221 408 309 464 casu,
330 392 423 450 multa
444 391 482 448 de
509 397 612 450 vestro
635 391 825 463 querebatur.
871 390 919 452 10.
945 392 1053 466 Exque
1075 407 1113 452 eo

87 478 218 554 primum
239 473 370 549 cognovi
390 489 469 548 quae
489 471 635 533 Kalendis
652 471 817 532 Sextilibus
834 474 864 531 in
882 483 990 535 senatu
1006 473 1115 535 luisset

86 562 120 622 L.
132 557 251 619 Pisonis
266 555 376 618 oratioz
393 556 445 630 qui
462 572 644 631 quamquam
662 570 767 629 parum
781 564 845 614 erat
858 590 894 601 -
907 556 939 615 id
955 556 1034 617 enirn
1045 559 1114 632 ipso

87 661 107 702 a
127 645 219 702 Bruto
240 641 393 701 audieram
415 673 452 684 —
478 639 628 713 aquibus
649 639 794 698 debuerat
807 638 944 712 adiutus,
965 649 1064 700 tamen
1086 648 1116 701 et

86 725 170 785 Bruti
186 725 413 785 testimonio-
428 738 488 796 quo
507 721 580 796 quid
595 729 781 796 potestesse
795 721 989 795 31311331-
1007 732 1037 783 et
1053 740 1115 782 om·

87 810 169 868 nium
185 806 425 882 praedicatione,
442 820 519 880 quos
534 813 642 879 postea
656 803 728 874 vidi,
743 820 881 878 magnam
896 803 968 863 mihi
981 807 1114 879 videbe,

88 901 137 952 tur
150 890 276 965 gloriam
291 896 486 950 consecutus.
509 889 605 947 'Hunc
625 887 715 963 igitur
728 897 762 946 ut
777 902 924 960 sequerer
944 889 1115 962 properavi,

91 991 182 1050 quem
197 979 377 1049 praesentes
392 986 451 1030 non
470 979 541 1031 sunt
556 970 661 1043 secuti,
677 987 738 1030 non
754 979 787 1031 ut
807 971 986 1049 proficerem
1003 972 1117 1046 aliquid

85 1090 128 1104 -
158 1073 258 1131 neque
289 1055 369 1113 enim
396 1054 556 1128 sperabam
577 1054 608 1111 id
633 1069 691 1112 nec
720 1063 876 1128 praestare
903 1060 1040 1127 poteram
1064 1086 1116 1126 —,

89 1142 146 1202 sed
162 1148 209 1210 ut,
232 1136 259 1196 si
281 1138 353 1211 quid
375 1135 448 1196 mihi
471 1137 643 1197 humanitus
662 1136 825 1197 accidisset
847 1169 885 1181 -
904 1138 997 1197 multa
1017 1143 1118 1196 autem

89 1222 268 1298 impendere
280 1218 422 1280 videntur
433 1228 555 1294 praeter
565 1222 701 1280 naturam
718 1221 806 1279 etiam
829 1229 1008 1294 praeterque
1026 1220 1117 1278 latum

86 1340 139 1376 -,
161 1304 251 1363 huius
266 1311 364 1363 mmen
380 1301 440 1362 diei
455 1318 562 1363 vocem
578 1311 686 1364 testem
700 1303 745 1363 rei
760 1303 900 1379 publicae
915 1302 1115 1378 relinquerem

71 1386 175 1448 'meae
188 1392 351 1462 perpetuae
370 1401 442 1459 erga
456 1402 491 1446 se
505 1387 681 1448 voluntatis

154 1470 203 1531 11.
220 1469 366 1542 Quoniam
379 1470 537 1544 utriusque
552 1469 669 1530 consilii
680 1486 813 1540 causam,
829 1476 930 1542 patres
942 1467 1116 1543 conscripti,

90 1554 250 1631 probatam
265 1551 354 1614 vobis
370 1569 441 1612 esse
457 1553 594 1626 confido,
617 1553 701 1628 prius
723 1570 814 1628 quarn
828 1554 919 1611 dere
934 1552 1056 1626 publica
1072 1551 1116 1610 di-

88 1654 158 1698 cere
173 1635 303 1709 incipio,
325 1651 423 1710 pauca
445 1652 556 1710 querar
575 1637 614 1695 de
628 1637 769 1696 hestcrna
784 1635 907 1695 Antonii
922 1634 1045 1694 iniuria=
1067 1633 1116 1693 cui
1132 1694 1136 1711 ,
1154 1648 1158 1669 ¹

88 1738 156 1782 sum
175 1717 306 1790 amicus,
331 1718 424 1792 idque
448 1735 497 1778 me
519 1735 579 1778 non
602 1721 683 1778 nullo
706 1717 772 1778 eius
795 1718 1030 1777 cilicio-debere
1045 1732 1116 1776 esse

87 1818 163 1879 prae
183 1817 231 1860 me
255 1816 376 1879 semper
396 1799 476 1861 tuli„
509 1803 546 1860 V.
570 1801 647 1874 Quid
667 1802 787 1879 tandem
807 1809 871 1860 3131
892 1810 1003 1861 causac
1018 1798 1116 1859 curin

87 1893 228 1948 senatum
242 1883 384 1944 hesterno
401 1883 450 1942 die
463 1892 523 1944 tam
536 1885 646 1945 acerbe
663 1891 809 1957 cogerer?
832 1882 963 1943 Solusne
974 1884 1118 1943 aberam?

86 1988 126 2029 an
142 1985 204 2028 non
220 1983 314 2041 saepe
329 1965 428 2026 minus
450 1968 624 2042 trequentes
640 1968 760 2028 fuistis?
778 1983 816 2026 an
838 1984 876 2027 ea
896 1984 945 2027 res
962 1968 1117 2041 agebatur,
1170 2008 1172 2013 -

85 2062 119 2114 ut
135 2051 225 2112 etiam
240 2059 381 2125 aegrotos
397 2050 507 2110 deferri
520 2058 693 2126 oporteret?
706 2048 862 2123 Hannibal,
879 2051 980 2121 credo,
998 2057 1062 2109 erat
1078 2050 1118 2108 ad
1171 2068 1172 2073 ¹

88 2143 197 2212 portas
214 2142 267 2194 aut
281 2135 319 2193 de
333 2133 441 2211 Pyrrhi
458 2151 534 2209 pace
548 2135 706 2208 agebatur=
724 2136 763 2193 ad
781 2151 871 2208 quam
889 2150 1013 2194 causam
1027 2133 1117 2192 etiam

86 2217 225 2293 Appium
246 2218 328 2277 illum
350 2225 380 2277 31
402 2232 525 2278 caecum
543 2227 573 2278 et
594 2234 697 2278 senem
718 2217 849 2278 delatum
870 2234 941 2277 esse
954 2213 1118 2275 memoriae

87 2300 244 2377 proditum
265 2310 320 2360 est.
365 2297 414 2362 12.
437 2302 482 2362 De
499 2300 770 2377 'supplicationibus
783 2301 985 2360 referebatum
1008 2297 1117 2371 quoin

85 2399 204 2461 genere
225 2393 382 2452 senatores
403 2384 514 2445 deesse
535 2401 597 2445 non
623 2385 730 2444 solent.
780 2384 934 2456 Coguntur
955 2379 1034 2441 enim
1055 2397 1118 2440 non

88 2465 285 2543 pignoribus,
311 2468 368 2526 sed
388 2484 505 2537 eorum,
529 2468 568 2527 de
589 2484 718 2542 quorum
737 2466 853 2526 honore
873 2465 985 2539 agitur,
1006 2465 1116 2539 gratia=

88 2550 177 2626 qnod
198 2548 277 2608 idem
300 2549 349 2619 fit,
372 2566 463 2623 quum
483 2552 522 2610 de
542 2551 691 2624 triumpho
714 2552 851 2609 relertur.
895 2550 939 2610 lta
959 2547 1025 2608 sine
1046 2563 1118 2608 cura

86 2633 238 2694 consules
254 2639 332 2703 sunt,
348 2639 380 2690 ut
391 2648 488 2705 paene
502 2633 627 2693 liberum
642 2634 681 2693 sit
695 2633 828 2693 senatori
842 2649 903 2692 non
919 2633 1040 2692 adesse.
1063 2628 1118 2704 Qui

90 2732 187 2792 quum
199 2714 270 2773 mihi
285 2730 353 2774 mos
364 2723 454 2774 notus
469 2723 552 2774 esset
564 2732 718 2789 quumque
732 2733 749 2775 e
764 2717 813 2776 via
831 2718 1004 2790 languerem
1022 2722 1051 2773 et
1064 2713 1117 2771 mi-

90 2799 187 2859 himet
200 2797 402 2872 displicerem,
418 2795 487 2856 misi
508 2813 563 2870 pro
586 2798 715 2858 amicitia
730 2798 781 2872 qui
796 2799 855 2859 hoc
871 2799 899 2858 ei
914 2800 1036 2857 diceret.
1078 2796 1118 2852 At

89 2881 144 2941 ille
161 2879 249 2940 vobis
265 2879 456 2939 audientibus
474 2896 543 2938 cum
560 2881 652 2940 labris
664 2898 698 2940 se
713 2882 835 2954 domum
853 2897 949 2940 meam
960 2886 1124 2938 venturum·

90 2979 167 3025 esse
184 2962 268 3031 dixit.
296 2961 390 3021 Nimis
406 2960 551 3023 iracunde
565 2963 623 3022 hoc
639 2964 759 3036 quidem
771 2971 801 3022 et
814 2965 904 3022 valde
919 2961 1118 3033 intemperan-

91 3055 150 3107 ter.
194 3044 285 3106 Cuius
301 3045 378 3105 enim
395 3044 533 3104 maleficii
549 3053 629 3106 tanta
643 3045 701 3106 ista
717 3061 817 3120 poena
836 3053 897 3115 est,
921 3052 954 3103 ut
975 3043 1075 3102 dicere
1090 3041 1118 3098 in

90 3131 155 3190 hoc
171 3127 275 3189 ordine
290 3129 422 3188 auderet
430 3144 465 3187 se
480 3127 609 3202 publicis
631 3128 733 3202 operis
753 3128 987 3188 disturbaturum
1000 3123 1119 3199 publice

89 3229 135 3274 ex
161 3219 285 3271 senatus
305 3210 453 3271 sententia
473 3211 660 3279 aedificatam
685 3212 829 3273 domumt
846 3213 919 3286 Quis
936 3222 1035 3273 autern
1056 3225 1119 3268 um-

94 3312 187 3370 quam
202 3303 284 3354 tanto
303 3294 413 3354 damno
429 3304 598 3356 senatorem
613 3298 733 3370 coegit?
751 3303 803 3357 aut
822 3297 895 3372 quid
918 3305 965 3357 est
979 3289 1119 3366 ultracl-

91 3393 175 3454 guus
189 3386 241 3438 ant
255 3379 414 3439 mulctam?
429 3378 514 3452 Quod
528 3377 554 3439 si
568 3380 678 3441 scisset
689 3397 779 3456 quam
792 3385 968 3443 sententiam
984 3375 1120 3443 dicturus
