2356 3854
346 186 427 246 cAP.
443 194 574 248 lli-3⁰·
595 193 621 253 i.
637 192 768 251 'li-'83-
859 190 861 204 '
997 192 1076 260 ’367

59 343 120 396 aet
147 351 224 409 quas
244 351 294 394 res
310 335 429 395 divinas
444 337 554 396 talibus
576 335 727 398 institutas
746 339 833 399 viris!
859 358 939 416 quos
955 352 1073 417 cantus,

58 435 119 480 rae
135 417 285 477 carminat
307 423 406 493 prope
426 419 465 477 ad
486 419 716 480 immortalitatis
728 429 764 481 et
776 416 953 497 religionem
968 433 998 485 et
1011 441 1072 486 me-

60 501 167 563 oriam
182 510 409 561 consecrantur.
432 501 497 572 Vos
515 498 587 560 tanti
604 512 848 564 conservatorem
863 507 984 582 populi,
1001 509 1073 569 tanti

58 583 171 644 teleris
191 584 401 643 ultorem'non
417 584 508 643 modo
532 583 700 662 honoribus
722 587 812 647 nullis
834 589 998 663 adiicletiS,
1015 593 1072 651 sed

58 667 128 727 iam
146 667 188 724 ad
204 665 388 741 supplicium
402 665 469 741 rapi
482 665 658 740 patiemini?
679 667 892 744 eonfiteretur,
914 674 1071 733 confitere-

59 768 89 822 r,
110 749 247 822 inquam,
259 748 285 806 sl
300 748 433 821 iecisset,
449 756 478 808 et
492 752 601 821 magno·
618 750 718 809 animo
731 759 761 810 et
772 750 899 813 libenter
914 755 1024 815 iecisse
1036 773 1072 816 se

58 829 187 892 >estatis
208 831 341 891 omnium
368 847 476 902 causa,
508 832 590 905 quod
619 840 704 892 esset
730 833 759 892 ei
782 850 843 894 non
863 836 1071 917 ,confitendum
1166 870 1168 881 ·

58 915 149 986 odo,
173 928 281 973 verum
298 913 387 974 ctiam
404 914 651 988 praedicandum.
695 915 785 975 XXX.
800 914 851 977 81.
866 917 983 978 Etenim
999 920 1026 979 si
1041 921 1072 980 ld

58 1015 95 1059 >n
113 1001 215 1070 negat,
232 1011 271 1056 ex
288 1013 349 1071 quo
367 996 439 1055 nihil
452 997 527 1070 petit
542 997 600 1056 nisi
616 1005 649 1058 ut
662 998 853 1072 ignoscatur,
875 1000 1024 1061 dubitaret
1040 1002 1072 1061 id
1152 1067 1155 1079 ,

58 1079 136 1152 teri,
154 1095 192 1138 ex
205 1095 266 1153 quo
278 1079 367 1139 etiam
380 1078 513 1153 praemia
528 1079 627 1140 laudis
639 1089 744 1141 essent
758 1084 912 1156 petendas
927 1083 985 1143 nisi
998 1101 1070 1144 vero

58 1162 156 1223 *atius
173 1169 260 1236 putat
267 1177 342 1231 ,esse
356 1161 445 1221 vobis
467 1161 515 1221 sui
536 1179 571 1222 se
592 1163 699 1238 capitis
714 1181 803 1240 quam
818 1166 912 1226 vestri
928 1167 1070 1227 delenso-

58 1263 101 1304 :m
116 1243 229 1317 luisse,
245 1261 336 1318 quum
353 1243 531 1319 praesertim
545 1246 576 1305 in
591 1262 628 1305 ea
639 1247 849 1320 confessione,
867 1249 893 1308 si
908 1249 985 1323 grati
1000 1266 1071 1310 csse

58 1326 169 1400 allatis,
182 1327 315 1387 honores
331 1328 551 1401 adsequeretur
565 1329 778 1404 amplissimos.
808 1331 841 1390 Si
856 1333 964 1393 lactum
980 1333 1070 1393 vobis

58 1429 102 1472 >n
117 1409 343 1485 probaretur-
360 1426 542 1486 quamquam
558 1408 610 1487 qui
625 1421 742 1486 poterat
757 1415 840 1474 salus
857 1433 913 1475 sua
929 1416 1069 1492 cuiquam

58 1513 98 1556 >n
123 1492 269 1568 probarit
287 1528 329 1538 —
349 1494 405 1554 scd
428 1501 526 1554 tamen
553 1495 700 1556 siminus
722 1497 877 1558 fortissimi
898 1499 952 1558 viri
975 1499 1070 1559 virtus

58 1576 162 1638 ivibus
177 1585 263 1651 grata
278 1575 456 1650 cecidisset,
477 1594 588 1651 magno
604 1579 704 1639 animo
720 1581 935 1655 constantique
948 1583 1071 1642 cederet

58 1679 75 1720 rr
91 1660 212 1734 ingrata
228 1659 365 1736 civitate,
400 1659 476 1719 Nam
499 1660 572 1734 quid
594 1669 678 1720 esset
696 1661 843 1735 ingratius
860 1679 949 1736 quam
964 1663 1070 1722 laetari

58 1751 187 1815 ceteros,
202 1743 305 1816 lugere
312 1757 381 1801 eum
395 1742 503 1814 solum,
514 1750 638 1816 propter
646 1758 736 1816 quem
749 1743 860 1802 caeteri
868 1745 1069 1803 laetarentur?

58 1828 86 1888 2.
114 1825 302 1899 Quamquam
322 1824 382 1883 hoc
402 1824 501 1883 animo
518 1839 639 1901 semper
654 1840 761 1884 omnes
778 1825 889 1884 luimus
904 1825 933 1884 in
953 1817 1069 1899 patriae

58 1908 246 1968 roditoribus
267 1906 495 1982 opprimendis,
518 1914 565 1977 ut,
591 1905 733 1980 quoniam
754 1914 858 1966 nostra
874 1909 972 1968 lutura
987 1916 1070 1968 essct

58 1993 150 2069 loria,
171 1988 339 2066 periculum
363 2006 486 2064 quoque
509 1997 538 2048 ct
557 1988 701 2048 invidiam
724 1997 859 2050 nostram
882 1989 1070 2066 putaremus.

60 2092 112 2135 am
135 2090 214 2149 quae
236 2072 388 2148 mihiipsi
409 2072 568 2132 tribuenda
589 2073 656 2132 laus
676 2081 772 2145 essct,
794 2090 884 2147 quum
905 2081 1020 2135 tantum
1036 2074 1067 2133 in

58 2158 201 2219 nnsnlatu
215 2173 285 2217 meo
298 2172 353 2230 pro
371 2155 458 2215 vobis
477 2171 512 2214 ac
527 2154 631 2214 liberis
647 2157 757 2216 vestris
779 2172 873 2216 ausus
894 2174 1016 2230 essem,
1040 2157 1067 2217 si
1135 2147 1139 2163 ”

58 2243 78 2314 Ι,
96 2256 188 2315 quum
205 2241 347 2312 conabar,
363 2238 429 2302 sine
443 2238 581 2298 maximis
594 2238 836 2299 dimicationibus
846 2239 922 2299 meis
934 2255 982 2298 me
998 2255 1068 2298 esse
1103 2236 1105 2241 ’

58 2340 184 2384 usurum
199 2323 381 2382 arbitrarer?
397 2322 480 2395 Quae
496 2321 604 2381 mulier
618 2323 796 2390 sceleratum
812 2337 847 2380 ac
865 2323 1070 2395 pernIciosum

56 2407 140 2467 ivem
158 2405 298 2466 occidere
314 2422 375 2464 non
390 2407 525 2476 auderet,
541 2404 568 2464 si
582 2403 749 2479 periculum
764 2420 825 2463 non
841 2404 977 2465 timeret?
995 2404 1068 2464 Pro

58 2490 141 2550 osita
161 2488 288 2560 invidia,
309 2497 419 2559 morte,
437 2504 538 2563 poena
567 2485 620 2561 qui
635 2487 727 2546 nihilo
750 2486 874 2560 segnius
892 2504 955 2547 rem
970 2488 1068 2562 publi

58 2589 106 2632 am
131 2572 279 2642 defendit,
305 2570 332 2630 is
356 2573 401 2629 vir
422 2587 494 2630 vere
516 2571 668 2644 putandus
692 2579 748 2653 est.
796 2570 903 2645 Populi
925 2571 1001 2645 grati
1023 2580 1070 2631 est

59 2656 185 2715 raemiis
199 2655 331 2713 adlicere
346 2655 424 2713 bene
439 2652 565 2713 meritos
578 2654 617 2729 de
630 2670 664 2713 re
683 2653 805 2728 publica
822 2653 921 2728 cives,
935 2654 991 2713 viri
1009 2655 1068 2713 lor-

59 2754 132 2797 sne
147 2736 305 2812 suppliciis
323 2737 445 2810 quidem
459 2735 574 2812 moveri
588 2744 621 2796 ut
638 2737 753 2796 lortiter
775 2737 887 2796 iecisse
906 2737 1069 2811 poeniteat.

58 2819 89 2881 3.
106 2820 201 2894 Quam
217 2820 255 2880 ob
270 2836 333 2879 rem
347 2827 478 2878 uteretur
491 2819 597 2877 cadem
610 2819 806 2878 confessione
817 2818 849 2875 T.
864 2818 992 2888 Annius,
1009 2833 1069 2889 qna

58 2903 153 2975 drale,
178 2919 237 2978 qua
251 2902 374 2977 Nasica,
397 2917 457 2976 qua
473 2899 625 2974 Opimius,
646 2916 707 2974 qua
723 2899 852 2972 Marius,
866 2905 935 2975 ¹qua
950 2907 1070 2959 nosmet

58 2986 115 3058 tsi,
130 2995 173 3059 et,
189 2988 214 3045 si
229 2993 313 3059 grata
327 3001 377 3044 res
393 2984 514 3058 publica
528 2991 626 3054 esset,
642 2984 817 3042 laetaretur=
837 2981 864 3040 si
877 2980 1009 3055 ingrata,
1026 2988 1070 3040 ta·

58 3085 109 3130 ren
124 3068 154 3127 in
169 3068 254 3143 gravi
269 3069 389 3127 lortuno
404 3064 590 3126 conscientia
604 3081 661 3124 sua
676 3064 829 3124 niteretur.

103 3151 167 3211 Sed
180 3151 272 3212 huius
293 3150 433 3210 bencllcii
448 3148 588 3223 gratiam,
605 3146 737 3219 iudices,
754 3148 874 3205 fortuna
889 3143 994 3220 populi
1008 3145 1067 3206 Ro-

58 3234 122 3295 rani
139 3243 169 3295 et
182 3243 284 3294 vestra
302 3232 430 3292 felicitas
448 3240 477 3292 et
491 3232 519 3290 di
541 3230 725 3289 immortales
749 3227 808 3290 sibi
829 3227 933 3287 deberi
954 3235 1067 3307 putant.

58 3319 102 3379 lec
125 3327 198 3378 vero
218 3317 379 3391 quisquam
400 3315 486 3376 aliter
506 3312 642 3374 arbitrari
663 3319 779 3387 potest,
803 3310 861 3370 nisi
883 3310 935 3387 qui
956 3313 1071 3371 nullam

58 3400 189 3461 imessa
204 3399 287 3460 ducit
301 3393 452 3459 numenve
472 3397 621 3470 ditinum,
644 3410 734 3472 quern
755 3409 856 3470 neque
870 3393 992 3470 imperii
1014 3410 1067 3453 no-

1069 3554 1120 3636 A
