2356 3854
94 184 150 264 38Ι
263 185 337 253 PRO
355 186 437 246 SEX.
457 184 959 259 Ruscleantnalnooanr10;

97 344 198 398 actum
213 344 260 397 est
274 335 430 396 etidcirco
447 351 529 394 arma
544 344 663 409 sumpta
674 331 759 409 sunt,
773 344 807 396 ut
820 335 963 397 homines
981 345 1089 411 postro

97 418 236 494 pecuniis
251 417 358 478 alienis
373 419 629 491 locupletarentur
646 417 722 477 etin
743 417 880 479 fortunas
902 419 1000 480 unius
1026 419 1089 479 cuin

97 517 157 576 que
172 500 317 575 impetum
340 502 488 572 lacerent,
516 508 547 560 et
565 499 596 558 id
620 517 680 559 non
707 500 798 560 rnodo
819 516 852 560 re
875 501 1089 596 prohiberem

96 584 181 658 licet,
196 585 303 643 sedne
318 581 420 643 verbis
433 582 556 658 quidem
564 580 746 656 vituperare,
760 589 824 642 tum
838 599 913 644 vero
927 583 958 644 in
970 583 1035 644 isto
1047 584 1089 644 bei

95 683 157 726 non
172 675 326 728 recreatus
340 654 445 740 'neque
459 665 629 737 restitutus,
651 666 717 724 sed
724 665 879 725 subactus
873 682 1089 741 oppressusqr

95 752 229 824 populus
251 750 408 809 Romanus
429 756 484 808 est.
520 743 590 807 138.
625 749 740 808 Verum
760 749 851 822 longe
874 749 963 808 aliter
983 756 1042 819 est.
1076 749 1089 807 l

95 830 137 890 hil
159 831 267 891 horum
285 839 345 903 est,
377 829 505 890 iudices.
557 829 624 889 Non
653 829 743 889 modo
769 846 831 890 non
857 831 1002 890 laedetur
1033 847 1089 890 earn

95 913 275 984 nobilitatis,
298 912 324 973 si
348 912 415 972 istis
439 911 619 972 hominibus·
634 911 797 985 resistetis,
826 928 934 972 verum
960 913 1089 973 etiamn

96 995 223 1056 nubitur.
247 995 377 1055 XLVlll.
400 993 518 1054 Etenim
533 993 584 1068 qui
598 993 673 1054 haee
693 992 867 1068 vituperare
887 996 1014 1069 volunt,
1031 995 1089 1054 Chr

96 1095 246 1153 segonum
267 1084 330 1136 tant
330 1092 381 1135 um
396 1092 490 1149 posse
512 1085 691 1150 queruntur:
711 1076 766 1149 qui
781 1077 907 1136 laudare
920 1080 1041 1149 volunt,
1054 1093 1086 1138 co

96 1177 219 1221 cessum
233 1158 262 1217 ei
278 1174 338 1217 non
353 1173 423 1216 esse
438 1167 682 1219 commemorant
726 1157 801 1217 Ac
793 1175 853 1218 iarn
873 1159 949 1218 nihil
972 1168 1022 1221 est
1042 1175 1089 1255 qur

96 1241 259 1316 quisquam
284 1248 335 1299 aut
357 1247 459 1300 tams
460 1242 552 1301 tultus
582 1248 633 1301 aut
649 1249 718 1306 tam
744 1241 902 1315 improbus
932 1241 973 1302 sit
1001 1240 1089 1317 quit

95 1331 158 1384 cat:
193 1325 299 1383 Vellem
316 1323 432 1396 quiden
450 1326 565 1384 liceret:
591 1325 647 1384 loe
668 1325 815 1384 dadam.
843 1323 936 1384 Dicas
951 1315 1035 1385 licet
1062 1323 1089 1384 a

90 1407 239 1481 fecissem.
280 1403 386 1463 Facias
413 1404 500 1464 licet·
521 1421 610 1465 nemo
632 1405 780 1479 prohibet.
827 1407 892 1474 Hoc
920 1409 1089 1468 decrevisset

94 1490 247 1560 Decerne,
262 1487 353 1546 modo
370 1495 469 1547 recte:
485 1503 591 1548 omnes
606 1489 828 1561 approbabunt.
850 1490 916 1551 Hoc
933 1492 1089 1561 iudicasset

69 1571 276 1632 -Laudabunt
295 1585 416 1642 omneS,
437 1569 465 1628 si
481 1579 563 1630 recte
586 1578 616 1630 et
630 1568 735 1629 ordine
755 1570 910 1632 iudicaris.
944 1571 1019 1633 139.
1048 1573 1089 1632 Du

95 1665 225 1714 necesse
239 1660 304 1713 erat
317 1667 430 1726 resque
445 1651 513 1726 ipsa
529 1653 674 1727 cogebat,
690 1669 768 1714 unus
783 1654 886 1714 omnia
912 1663 1050 1728 poterat:
1073 1673 1089 1727 q

93 1745 306 1813 posteaquam
319 1736 510 1809 magistratus
523 1735 636 1796 creavit
645 1735 792 1810 legesque
806 1736 974 1810 constituit,
983 1753 1050 1804 ,sua
1063 1752 1089 1796 cr

94 1836 156 1895 que
173 1818 346 1894 procuratio
360 1817 588 1894 auctoritasque
604 1825 652 1878 est
666 1816 812 1879 restituta.
843 1819 941 1892 Quam
952 1821 982 1880 si
990 1818 1089 1880 retine

94 1902 201 1962 volunt
216 1902 247 1975 ii,
263 1901 314 1975 qui
324 1910 556 1974 recuperarunt,
575 1900 605 1960 in
620 1907 800 1975 perpetuum
815 1909 959 1975 poterunt
973 1901 1088 1964 obtinet

94 1984 143 2044 sin
167 1984 224 2043 has
249 1983 362 2043 caedes
388 1991 418 2043 et
443 1983 566 2058 rapinas
592 1983 690 2043 ethos
715 1990 815 2043 tantos
837 1991 960 2058 tamque
979 1985 1089 2059 protus«

94 2074 235 2139 sumptus
257 2072 309 2124 aut
329 2064 440 2125 facient
463 2075 514 2125 aut
533 2065 758 2139 approbabunt,
780 2067 851 2126 nolo
869 2065 900 2125 in
923 2083 982 2128 eos
1001 2065 1089 2141 gravit

95 2147 263 2222 quidquam
278 2162 318 2206 ne
332 2145 441 2206 ominis
459 2147 582 2222 quidem
597 2163 691 2208 causa
705 2146 825 2221 dicere,
845 2165 942 2208 unum
963 2151 1026 2211 hoc
1041 2148 1089 2210 die

93 2231 191 2290 nostri
204 2229 254 2290 isti
268 2229 402 2300 nobiles,
420 2228 479 2289 nisi
494 2229 659 2304 vigilantes*
668 2236 700 2289 el
711 2229 784 2290 boni
805 2240 836 2292 et
850 2233 946 2293 lortes
963 2242 996 2293 et
1009 2233 1089 2293 miser

94 2313 322 2383 caramerum,
347 2311 385 2371 iis
400 2311 587 2384 hominibus,
600 2311 643 2375 ,in
669 2310 780 2385 quibus
804 2312 881 2373 haec
904 2325 1011 2390 erunt,
1037 2331 1086 2375 orn

92 2402 195 2454 menta
219 2413 274 2456 sna
297 2395 467 2455 concedant
488 2411 617 2455 necesse
635 2401 692 2454 est.
723 2392 794 2455 140.
826 2396 1024 2472 Quapropter
1045 2397 1089 2456 der

93 2484 168 2536 nant
180 2477 346 2552 aliquando
364 2477 466 2538 dicere
480 2479 558 2537 male
578 2479 710 2551 aliquem
729 2478 864 2538 locutum
888 2495 979 2555 esse,
1006 2479 1033 2541 si
1055 2496 1089 2554 qu

92 2573 168 2617 vere
182 2575 219 2617 ac
234 2559 328 2618 libere
343 2561 463 2621 locutus
475 2560 531 2632 sit,
535 2558 687 2619 desinant
700 2574 785 2618 suam
801 2576 928 2631 causam
944 2579 1017 2624 cum
1032 2563 1089 2630 chr

41 2668 44 2674 ·
93 2654 214 2712 segeno
230 2641 468 2715 communicare,
483 2641 636 2711 desinant,
657 2640 684 2701 si
698 2639 749 2700 ille
763 2642 866 2711 laesus
882 2644 937 2717 sit,
961 2648 1002 2707 de
1024 2660 1086 2706 sea

94 2722 170 2798 quid
183 2724 350 2784 detractum
364 2723 517 2795 arbitrari,
544 2723 666 2783 videant
690 2738 729 2781 ne
745 2730 832 2799 turpe
852 2717 1089 2804 miserumquet

93 2821 167 2877 eos,
181 2807 246 2902 qui
260 2816 434 2881 equestrem
454 2805 648 2881 splendorem
667 2803 729 2878 pati
749 2823 809 2866 non
833 2816 1018 2886 potuerunt,
1044 2826 1089 2872 ser

93 2886 277 2960 nequissimi
292 2889 527 2950 dominationem
544 2888 622 2946 lerre
637 2903 741 2961 posse.
776 2889 860 2961 Quae
884 2892 1014 2965 quidem
1029 2895 1089 2955 don

93 2969 192 3041 natio,
215 2971 348 3044 iudices,
374 2971 420 3030 in
416 2971 488 3032 aliis
505 2971 598 3029 rebus
616 2978 706 3029 antea
724 2973 901 3033 versabatur
866 2990 1030 3047 ιιι,ιιιιιιο
1051 2991 1089 3034 ve

94 3065 187 3142 quam
198 3055 277 3112 viam
291 3053 425 3123 munitet,
448 3051 554 3126 quod'
546 3060 602 3112 tter
617 3053 748 3114 adfectet
764 3053 890 3115 videtis
908 3057 950 3118 ad
966 3060 1089 3130 fidem:

76 3129 337 3207 ,iusiurandum
362 3135 660 3208 adiudiciavestra,
682 3134 885 3210 adid,quod
907 3142 1089 3216 solumprq

94 3210 126 3268 in
142 3211 260 3274 civitate
275 3218 426 3276 sincerum
441 3227 640 3292 sanctumque
659 3225 778 3278 restat
802 3216 872 3277 141.
910 3222 1012 3283 Hicne
1037 3224 1089 3285 etia

95 3305 167 3348 sese
183 3303 266 3364 putat
279 3297 393 3371 aliquid
405 3316 499 3373 posse
512 3301 751 3376 Chrysogonus?
762 3298 812 3358 hic
822 3299 913 3361 etiam
924 3316 1041 3379 potens
1056 3323 1090 3367 es

95 3373 181 3430 vult?
209 3375 231 3432 0
254 3394 317 3437 rem
338 3380 478 3443 miseram
498 3392 589 3458 atque
612 3383 767 3443 acerbam!
798 3381 905 3456 Neque
929 3390 1089 3451 melrercul
