2356 3854
266 227 269 231 .
318 215 322 227 .
369 158 596 239 cnam-as.
618 184 814 247 §.oa-sa„
1049 181 1093 247 27

84 323 153 395 navi,
175 332 248 383 tuus
263 322 358 384 cliens
379 333 409 386 et
431 325 594 386 familiaris.
638 328 715 401 Quid
737 328 854 388 attinuit
876 345 945 389 eum
967 328 1090 403 potissi·

83 424 148 466 num
161 406 316 478 nunciare,
333 407 431 502 quod,
448 408 474 466 si
486 410 618 468 nulium'
610 427 668 469 ram
681 419 749 471 ante
762 411 922 472 consilinm
939 412 977 471 de
994 421 1090 472 morta

84 506 111 548 ac
121 491 155 548 de
169 489 260 548 bonis
278 490 344 548 eius
359 489 471 551 inieras
490 493 662 566 nuiiamque
679 493 853 554 societatem
876 511 977 568 neque
993 497 1089 554 sceie-

83 588 115 630 ns
126 588 225 645 neque
238 562 373 645 praemii
382 589 450 631 cum
470 573 591 634 homine
613 577 674 655 uilo
697 577 828 649 coieras,
857 578 896 636 ad
916 586 945 637 te
967 577 1089 637 minime

84 653 197 713 omnium
224 654 416 748 pertinebat?
455 655 517 716 Sua
541 648 650 732 sponte
674 658 793 719 Mattius
822 659 952 720 nunciat.
996 659 1087 733 Quid,

83 752 196 830 quaeso,
219 737 286 796 eius
306 738 469 798 intererat?
510 741 574 810 An,
597 758 690 814 quum
709 741 862 800 Ameriam
880 758 940 800 non
961 742 1088 802 huiusce
1128 752 1131 761 ’

81 819 112 876 rei
125 835 215 879 causa
230 819 384 894 venisset,
399 823 598 900 easuaccidit
612 834 644 883 ut
658 823 698 896 id,
714 825 798 898 quod
812 825 928 882 Romae
942 825 1088 900 audierat,

79 902 179 975 primus
194 903 376 963 nunciaret?
409 904 500 964 Cuius
515 905 559 964 rei
585 922 678 966 causa
697 915 821 966 venerat
834 905 1007 964 Ameriam?
1021 907 1087 966 Non

78 999 205 1057 possum,
231 984 345 1059 inquit,
369 985 514 1046 divinare.
553 988 597 1047 Eo
618 1005 681 1048 rem
697 989 755 1048 iam
770 989 934 1059 adducam,
963 996 995 1047 ut
1015 988 1088 1048 nibil

79 1066 248 1127 divinatione
264 1084 343 1141 opus
358 1068 406 1128 sit.
438 1069 503 1143 Qua
524 1070 641 1130 ratione
661 1072 775 1152 Roscio
800 1070 938 1145 Capitoni
959 1071 1088 1145 primum

77 1150 238 1210 nunciavit?
274 1151 372 1223 Quum
385 1153 526 1212 Ameriae
541 1154 612 1212 Sex.
626 1154 731 1214 Roscii
748 1156 871 1227 domus,
893 1170 973 1213 uxor
988 1153 1087 1212 liberi-

75 1236 129 1305 'que
141 1239 258 1305 essent,
274 1250 367 1307 quum
385 1242 428 1294 tot
449 1236 619 1310 propinqui
639 1238 822 1311 cognatique
844 1237 957 1311 optime
974 1253 1086 1295 conve-

76 1315 194 1390 nientes,
210 1328 274 1392 'qua
288 1317 405 1376 ratione
422 1319 533 1378 sactum
548 1327 641 1380 estut
660 1319 718 1383 iste
732 1329 802 1397 tuus
826 1320 936 1392 cliens,
960 1321 1086 1379 sceleris

76 1397 109 1456 tui
137 1401 284 1471 nuncius,
317 1402 350 1458 T.
377 1400 491 1460 Roscio
527 1403 664 1475 Capitoni
697 1402 888 1477 potissimum
918 1403 1084 1462 nunciaret.

76 1477 113 1541 tt.
146 1481 273 1542 Occisus
289 1489 336 1541 est
351 1500 369 1541 a
383 1499 479 1542 coena
491 1485 623 1545 rediens.
669 1487 808 1561 Nondum
833 1487 966 1557 lucebat,
992 1502 1084 1559 quum

77 1564 201 1624 Ameriae
217 1566 326 1625 scitum
342 1574 397 1625 est.
430 1567 508 1640 Quid
523 1568 571 1626 hic
583 1567 768 1627 incrediuttis
784 1585 909 1641 cursus,
923 1569 996 1641 quid
1009 1569 1084 1626 haec

76 1653 142 1707 tanta
165 1650 307 1709 celeritas
333 1650 547 1723 festinatioque
573 1650 744 1724 significat?
784 1650 850 1710 Non
877 1666 991 1724 quaero
1015 1650 1084 1723 quis

76 1731 255 1800 percusserit.
294 1730 371 1790 Nihii
388 1739 450 1802 est,
473 1732 613 1804 Glaucia,
631 1734 713 1805 quod
729 1741 862 1791 metuas=
885 1749 946 1790 non
962 1731 1083 1790 excutio

75 1818 108 1883 te,
121 1813 146 1872 si
160 1813 234 1888 quid
252 1813 416 1874 torrerent
434 1814 581 1886 habuisti,
603 1830 663 1873 non
679 1821 812 1884 scrutor,
828 1813 902 1872 nihil
918 1814 958 1871 ad
975 1829 1023 1872 me
1037 1829 1083 1871 ar-

75 1891 153 1955 bitror
165 1895 329 1971 pertinere.
363 1895 509 1968 Quoniam
522 1896 608 1954 cuius
624 1895 752 1955 consilio
765 1895 888 1956 occisus
899 1895 938 1954 sit
951 1894 1083 1967 invenio,

76 1976 147 2039 emus
172 1995 265 2040 manu
289 1979 328 2039 sit
354 1994 523 2053 percussus
548 1994 609 2037 non
631 1979 746 2055 laboro.
779 1978 877 2038 Unum
899 1978 958 2038 hoc
980 1994 1084 2050 sumo,

76 2062 143 2131 quod
154 2062 226 2121 mihi
242 2071 380 2136 apertum
396 2071 480 2122 tuum
496 2063 597 2122 scetus
612 2078 725 2135 resque
746 2060 906 2121 manifesta
928 2063 988 2121 dat.
1024 2060 1083 2120 Ubi

75 2151 114 2203 ut
125 2147 205 2205 unde
222 2145 339 2204 audivit
353 2145 498 2205 Glaucia?
532 2144 587 2218 Qui
598 2153 657 2205 tam
673 2144 731 2204 cito
747 2143 857 2204 scivit?
881 2143 943 2204 Fae
957 2143 1082 2203 audisse

74 2226 169 2286 statim.
207 2228 292 2300 Quae
305 2244 356 2286 res
371 2245 440 2287 eum
458 2236 547 2288 nocte
562 2245 622 2287 una
637 2236 751 2289 tantum
764 2227 880 2287 itineris
896 2226 1081 2287 contendere

75 2309 178 2382 atain
203 2326 283 2384 quae
309 2310 478 2370 necessitas
505 2327 573 2370 eum
597 2318 679 2370 tanta
704 2310 875 2385 premebat,
899 2317 946 2381 nt,
974 2308 1000 2367 si
1026 2322 1083 2366 sua

75 2400 170 2461 sponte
184 2393 241 2453 iter
251 2392 403 2451 Ameriam
419 2395 540 2465 faceret,
552 2393 583 2473 id
598 2393 746 2468 temporis
759 2394 857 2451 Roma
871 2391 1082 2464 proficiscere-

75 2477 124 2547 tur,
141 2479 252 2536 nuliam
267 2483 384 2549 partem
402 2476 501 2536 noctis
520 2474 750 2548 requiescerem
789 2474 908 2533 XXXV.
944 2474 1081 2533 Etiamne

74 2550 97 2612 in
109 2565 163 2618 tam
178 2557 351 2634 perspicuis
366 2559 458 2618 rebus
472 2559 690 2631 argumentatio
711 2557 885 2631 quaerenda
906 2565 958 2617 aut
979 2555 1081 2616 conie-

74 2645 145 2700 atara
157 2642 308 2717 capienda
320 2649 390 2700 est?
421 2641 471 2703 98.
507 2641 614 2701 Nonne
626 2641 716 2701 vobis
734 2641 825 2713 haec,
847 2637 1079 2714 quaeaudistis

73 2733 182 2785 cernere
198 2724 296 2784 oculis
310 2723 468 2798 videmini,
490 2723 630 2784 iudices?
644 2741 705 2784 non
718 2725 800 2782 iilum
819 2723 977 2794 miserum,
996 2720 1080 2816 igna-

72 2815 126 2864 rum
138 2822 232 2867 casus
247 2806 309 2877 sui,
325 2807 502 2867 redeuntem
516 2824 535 2865 a
551 2823 647 2867 coena
661 2805 794 2866 videtis?
815 2822 875 2865 non
897 2804 1015 2879 positas
1035 2805 1079 2860 in·

71 2883 173 2949 sidiasi
192 2907 254 2953 non
269 2889 413 2962 impetum
427 2889 640 2964 repentinum?
657 2906 718 2950 non
732 2897 872 2949 versatur
886 2895 956 2946 ante
972 2885 1079 2944 oculos

71 2970 171 3032 vobis
163 2991 192 3032 m
210 2974 306 3032 caede
320 2973 465 3034 Glaucia?
481 2989 542 3033 non
557 2972 666 3033 adest
658 2981 716 3033 rste
730 2973 762 3029 T
773 2970 926 3030 Roscius?
940 2984 1000 3026 non
1015 2962 1079 3024 suis

70 3053 217 3116 manibus
209 3073 241 3115 tn
257 3070 348 3116 curru
362 3056 492 3116 collocat
505 3056 760 3114 Automedontem
777 3047 1078 3123 iilum‚su1sceieris

70 3138 246 3198 acerbissimi
258 3137 451 3212 nefariaeque
468 3137 611 3196 victoriae
628 3136 792 3196 nuncium?
806 3150 867 3192 non
883 3139 948 3193 orat
963 3140 995 3192 ut
1011 3149 1078 3192 eam

70 3228 175 3280 noctem
189 3220 371 3294 pervigilata
384 3228 417 3278 ut
431 3219 557 3278 honoris
572 3218 621 3277 sui
635 3233 729 3278 causa
742 3217 881 3276 laboret?
897 3223 928 3275 ut
939 3215 1077 3290 Capitoni

70 3315 147 3372 qnam
160 3303 290 3377 primum
306 3302 449 3362 nunciet?
479 3299 529 3360 99.
553 3299 630 3373 Quid
642 3307 707 3359 erat
722 3299 806 3373 quod
822 3298 997 3373 Capitonem
1016 3297 1076 3374 pri·

70 3385 234 3447 nunuscire
250 3385 400 3446 volueritt
422 3382 547 3445 Nesciat
568 3381 628 3444 nisi
648 3383 707 3444 hoc
723 3381 828 3457 video,
854 3383 1030 3458 Capitonem
1044 3379 1077 3440 in
