2356 3854
79 116 82 120 ·
116 166 180 231 352
224 222 231 231 .
340 164 414 224 PRO
430 164 462 223 Τ.
476 163 593 224 ANNIO
608 162 751 223 MILONE
766 162 920 223 ORATIO.

115 317 203 393 quod
225 321 254 373 te
276 312 359 373 aiunt
372 313 525 388 eripuisse
539 330 557 372 e
572 314 663 373 domo
677 321 708 372 et
721 328 760 372 ex
773 312 882 371 mediis
895 310 992 371 armis
1002 312 1129 386 turbaque

114 406 267 458 nocturna
283 403 437 470 tamquam
453 395 619 456 Palladium
633 395 794 467 extulisse,
809 402 842 454 ut
856 395 1051 470 praeclarum
1066 394 1130 455 vide
1163 452 1169 471 ,

114 481 187 539 licet
209 495 318 555 munus
339 487 431 553 atquc
452 480 680 539 instrumentum
703 477 874 538 tribunatus
895 479 936 536 ad
954 477 1133 553 aliquanao
1164 527 1175 562 ,Ἰ

116 569 225 621 nactus
252 577 356 633 esses,
378 561 431 635 qui
454 570 507 621 tuo
527 561 649 620 arbitrio
670 560 851 621 tribunatum
876 569 1017 635 gereret,
1036 562 1134 621 delent

115 660 240 718 posses.
283 647 331 702 An
346 643 606 717 balusillelegis,
627 658 718 716 quam
733 641 804 702 Sex.
820 642 950 703 clodtus
967 658 1037 703 ase
1052 645 1135 703 tnreu
1168 652 1175 691 ὃ

114 735 175 785 tam
197 725 357 800 gloriatur,
385 726 566 785 mentionem
594 729 696 787 lacere
714 739 809 784 ausus
830 733 918 785 essct
940 725 1017 786 vivo
1037 726 1137 796 Milone,
1173 786 1175 793 ,

116 825 177 874 non
201 808 300 868 dicam
320 810 467 869 consulet
493 810 539 868 De
561 810 697 867 nostrum
711 808 843 868 omnium
977 825 1041 869 nou
1057 809 1137 869 audeo

32 886 36 901 ¹
116 901 211 953 totum
225 891 339 950 dicere.
383 890 492 949 Videte
507 890 581 963 quid
599 906 636 948 ea
654 888 717 949 vitii
729 891 779 947 lex
795 888 938 951 habiture
954 892 1056 962 luerit,
1072 892 1138 951 cuitu
1168 890 1175 941 l

116 975 289 1049 periculosa
303 972 391 1032 etiam
405 972 603 1047 reprehensio
618 981 673 1031 est
697 973 734 1032 Iit
747 972 870 1046 aspexit
885 989 936 1033 me
952 972 1016 1034 iltts
1037 973 1138 1050 quiden
1167 1019 1175 1047 ,s

116 1056 222 1127 oculis,
240 1056 353 1129 quibus
369 1064 430 1114 tum
446 1056 571 1126 solebat,
593 1071 684 1128 quum
698 1055 838 1114 omnibus
852 1055 965 1115 emula
979 1057 1137 1119 minabatur.
1167 1066 1175 1137 ‘j

115 1139 219 1199 Movet
230 1154 278 1196 me
291 1137 405 1211 quippe
417 1139 515 1196 lumen
528 1137 647 1197 curiae!
663 1137 739 1195 x111.
752 1137 849 1209 Quidt
862 1146 896 1198 tu
907 1155 963 1198 me
976 1140 1033 1200 tibi
1042 1140 1137 1211 utum
1166 1134 1168 1149 '

13 1282 20 1295 ,
117 1221 225 1293 Sexte,
240 1227 345 1293 putas,
366 1220 496 1279 euiustu
510 1219 748 1279 inimicissimum
769 1219 862 1280 multo
887 1223 1055 1283 crudelius
1068 1221 1136 1283 eun
1173 1287 1175 1303 ἲ

117 1301 257 1375 poenitus
277 1317 326 1372 es,
350 1316 439 1374 quam
463 1311 527 1361 erat
552 1301 743 1362 humanitatis
763 1319 849 1362 meae
863 1304 1134 1378 postularertult
1174 1306 1175 1313 ’

116 1383 212 1442 01οάἰί
228 1391 385 1442 cruentum
400 1384 531 1442 cadaver
544 1384 661 1443 eiecisti
675 1385 781 1458 domo,
795 1394 828 1445 tu
844 1384 877 1466 in
886 1387 1057 1461 publicum
1069 1386 1133 1447 abia

117 1464 193 1534 cisti,
210 1473 243 1524 tu
253 1463 416 1538 spoliatum
434 1465 624 1540 Imaginibus,
639 1467 805 1541 exsequiis,
822 1485 950 1543 pompa,
969 1470 1132 1549 laudatione,
1171 1455 1175 1496 ⁴

116 1546 331 1608 infelicissImis
343 1546 433 1621 liguIs
445 1549 677 1621 semustilatum,
694 1552 851 1610 nocturnis
864 1551 998 1612 canibus
1005 1552 1130 1613 dilanian-

116 1631 186 1688 dnm
210 1629 369 1704 reliquisti.
414 1630 530 1703 Quare
550 1630 607 1691 etsi
621 1632 735 1691 nefarie
753 1632 860 1704 lealsti,
875 1643 993 1708 tamen,
1009 1634 1130 1710 quonim

116 1712 145 1771 in
164 1729 232 1772 meo
248 1711 369 1772 Inimico
383 1714 587 1773 crudelitatem
603 1715 820 1789 exprompsisti
835 1723 929 1788 tuam,
947 1718 1075 1779 laudare
1085 1730 1129 1775 nor

116 1792 254 1869 possum,
271 1795 363 1855 irasci
378 1804 459 1855 eerte
470 1813 531 1857 non
546 1797 653 1856 detrec.
972 1854 977 1861 .

177 1876 230 1938 al.
245 1879 399 1956 [Audistis.
419 1880 544 1952 iudices,
569 1881 825 1954 quantummodo
845 1881 1035 1958 inter1luer‘it
1053 1875 1128 1943 occid?
1166 1852 1175 1908 ⁴³

114 1960 273 2019 Milonemr
288 1961 455 2021 convertite
465 1963 583 2021 animos
599 1977 679 2020 nunc
698 1961 832 2021 vicIssim
846 1963 887 2021 ad
902 1964 1059 2023 Milonem.
1074 1958 1129 2035 cul
1159 2019 1175 2051 ‚l

116 2041 237 2100 Milonis
255 2041 397 2103 intererat
414 2044 541 2103 interfici
558 2045 716 2103 Clodium?
736 2044 813 2116 Quid
831 2053 897 2104 erat
918 2063 978 2106 cur
997 2047 1068 2106 Milo
1087 2056 1128 2103 uon
1160 2044 1175 2075 *ί

115 2122 213 2182 dicam
227 2123 405 2197 admitteret,
422 2127 478 2185 sed
493 2134 610 2199 optaret
622 2134 688 2183 t·—
699 2125 845 2186 Obstabat
856 2127 885 2185 in
902 2145 964 2202 spe
976 2128 1128 2189 consulatus
1160 2136 1175 2215 “j

114 2204 218 2264 Miloni
231 2205 364 2266 Clodius.
387 2241 428 2251 -
447 2209 488 2267 At
506 2225 543 2267 eo
564 2216 753 2282 repugnante
775 2209 881 2282 fiebat,
902 2210 1000 2271 immo
1026 2220 1127 2271 veroct
1160 2196 1175 2271 I

115 2288 207 2348 fiebat
223 2288 335 2362 magis,
365 2306 422 2351 nec
451 2307 499 2349 me
526 2289 726 2369 suffragatore
748 2291 873 2351 meli0re
893 2295 1128 2367 utebaturque
1162 2346 1165 2353 .

116 2369 230 2430 Clodio.
270 2373 398 2431 Valebat
411 2373 493 2448 apud
506 2389 570 2444 vos,
586 2372 713 2443 iudices,
728 2373 850 2433 Milonis
867 2391 945 2450 erga
962 2394 1014 2437 ma
1029 2384 1129 2449 remque
1171 2367 1175 2408 ¹

116 2451 266 2522 pubIIcam
284 2455 457 2515 meritorum
478 2455 635 2526 memorIa,
664 2456 805 2537 valebant
824 2473 939 2530 preces
962 2469 995 2521 et
1014 2458 1129 2519 lacrintl
1163 2506 1167 2515 .

116 2541 254 2606 nostrae,
275 2536 385 2607 quibus
400 2528 457 2612 ego
473 2545 534 2596 tum
548 2554 606 2597 vos
622 2538 747 2596 mirifice
760 2539 878 2599 moveri
889 2542 1080 2615 sentiebam,
1092 2533 1129 2599 ecl
1167 2595 1169 2603 .

116 2615 185 2686 plus
200 2617 292 2675 multo
311 2620 432 2679 valebat
448 2621 649 2692 periculorum
670 2620 910 2694 Impendentium
932 2624 1038 2686 timor.
1076 2617 1129 2695 Otii

115 2695 195 2754 enlm
216 2707 280 2757 erat
304 2698 414 2759 ciuium
435 2701 487 2775 qui
510 2701 569 2761 sibi
588 2704 715 2762 solutam
730 2702 761 2761 P.
775 2703 872 2763 ClodIi
888 2702 1130 2779 praeturamsint
1164 2690 1175 2737 ²

115 2779 247 2839 maximo
269 2796 367 2840 rerum
389 2800 535 2843 novarum
558 2794 639 2844 metu
659 2793 867 2859 proponeret?
887 2787 1035 2851 Solutum
1055 2796 1131 2850 mteu
1165 2774 1173 2818 ²

115 2861 180 2921 loro
192 2862 359 2937 videbatis,
375 2864 434 2924 nisi
448 2875 531 2926 esset
543 2865 571 2926 is
588 2869 710 2938 consul,
735 2868 787 2941 qui
805 2885 872 2929 eam
884 2873 1024 2934 auderet
1036 2874 1130 2949 possei-
1167 2858 1175 2913 I

115 2960 174 3014 quie
190 2946 407 3021 constriugere.
449 2950 524 3008 Eum
546 2949 688 3009 Milonem
709 2968 803 3011 unum
825 2968 898 3012 esse
917 2971 1017 3027 quum
1033 2952 1132 3016 senua
1167 2941 1175 3000 I

114 3027 276 3088 universus
288 3031 421 3104 populus
438 3031 609 3104 Romanus,
626 3033 695 3106 quis
711 3034 865 3094 dubitaret
881 3036 1039 3113 suffragio
1051 3043 1132 3097 sueti
1168 3022 1175 3067 ²

115 3115 211 3178 metu,
232 3111 367 3184 periculo
387 3129 451 3172 rem
472 3114 624 3187 publicam
639 3116 793 3176 liberarer
813 3120 857 3177 At
874 3135 970 3194 nuno,
986 3120 1129 3180 Clodium
1168 3094 1175 3151 ³

115 3195 211 3275 moto,
226 3192 343 3252 usitatis
359 3194 419 3254 iam
434 3196 526 3255 rebus
540 3197 713 3258 enitendum
725 3208 772 3260 est
784 3199 908 3274 Miloni,
925 3212 960 3263 ut
974 3193 1130 3264 tueaturl'r
1168 3188 1175 3249 ἶ

115 3272 256 3332 gnitatem
276 3289 384 3333 suamz·
398 3278 558 3350 singularis
580 3279 631 3338 illa
651 3289 681 3339 et
702 3280 773 3341 huic
790 3282 843 3341 uni
865 3298 1025 3345 concessa
1047 3276 1128 3359 glorie
1167 3269 1175 3323 ³

117 3357 196 3412 quae
216 3351 325 3411 cotidie
347 3358 511 3429 augebatur
531 3361 706 3434 frangendis
725 3364 879 3425 furoribus
898 3366 1070 3435 Clodianis,
1085 3361 1127 3421 iffi
1165 3333 1175 3465 Ξ
