2356 3854
90 207 133 270 ar
243 164 316 292 rao
339 194 421 269 s'nx.
441 207 579 330 ansero
600 160 774 267 xuaaruo
796 204 960 265 annno.-

89 359 313 436 potentiamque
331 358 520 435 Chrysogoni
538 356 666 417 dicimus
688 365 717 415 et
736 356 825 415 nobIs
847 355 968 414 obstare
991 361 1023 415 et
1038 369 1083 428 per

89 441 160 502 terri
171 443 255 502 nullo
265 442 355 501 modo
368 456 467 514 posse
480 449 509 500 et
525 439 653 512 avobis,
668 440 811 513 quoniam
822 444 960 512 potestas
967 435 1039 496 data
1049 445 1083 495 est

89 541 149 584 non
164 525 255 583 modo
270 523 428 597 infirmari,
448 539 551 582 verum
568 522 657 581 etiam
670 519 818 580 vindicari
833 528 983 595 oportere.
1035 516 1083 578 lat

88 607 152 680 Ego
168 607 212 666 sic
228 606 381 666 existimat
399 605 450 679 qui
463 605 566 680 quaeri
578 603 649 663 velit
661 619 699 662 ex
710 603 757 675 iis,
776 619 853 676 quos
866 609 994 673 constat,
1013 616 1083 675 quun

91 691 202 749 caedes
218 689 295 748 iacta
309 687 356 759 sit,
371 687 521 758 adfuisse,
543 703 612 746 eum
628 701 740 760 cupere
753 701 858 745 verum
874 683 1026 743 Invenire=
1051 701 1083 757 qu

89 779 304 842 recuseteum
318 772 464 844 proiecto,
482 768 602 830 tametsi
622 769 715 828 verbo
734 784 794 829 non
809 767 934 837 audeat,
955 774 1052 845 tamen
1065 782 1083 823 n

88 853 157 927 ipsa
170 854 208 912 de
223 852 371 913 maleficio
384 851 600 913 suo'confiteri.
630 850 807 923 trutinato,
823 849 950 921 iudices,
965 849 1083 909 nollem

89 937 176 1010 plura
192 937 231 994 de
244 935 369 996 istorum
391 936 507 1011 scelere
521 933 637 1004 dicere,
660 949 750 1007 quam
764 949 865 1015 causa
884 932 1051 1005 postularet
1063 946 1083 988 a

89 1019 256 1078 necessitas
272 1019 340 1092 ipsa
355 1024 486 1089 cogeret.
515 1016 590 1075 Nam
606 1025 636 1075 et
649 1016 759 1075 multae
774 1031 824 1074 res
841 1013 953 1073 adferri
974 1028 1082 1092 possuu

89 1109 118 1160 et
134 1115 350 1174 unaquaeque
373 1115 476 1158 earum
498 1097 598 1158 multis
618 1115 686 1157 cum
707 1096 890 1172 argumentis
912 1095 973 1157 dici
993 1102 1083 1170 potest

87 1184 200 1241 Verum
213 1198 280 1256 ego,
297 1182 380 1256 quod
394 1180 505 1241 invitus
521 1197 558 1239 ae
575 1179 749 1240 necessario
766 1179 853 1252 facio,
871 1194 973 1253 neque
991 1177 1083 1238 diune

89 1281 149 1338 que
164 1264 323 1338 diligenter
342 1266 442 1323 Iacere
456 1280 598 1338 possum:
640 1279 718 1337 quae
740 1261 895 1337 praeteriri
915 1262 1000 1321 nullo
1012 1260 1083 1321 modi

78 1355 236 1420 poterant,
252 1362 288 1406 ea
305 1345 425 1418 leviter,
439 1346 567 1418 iudices,
581 1342 679 1420 attigi=
711 1362 791 1419 quae
807 1344 908 1420 posita
922 1351 994 1404 sunt
1007 1343 1036 1403 in
1050 1359 1083 1403 su

89 1428 287 1503 spIcionibus‚
303 1429 466 1502 dequibus
482 1427 508 1487 si
526 1443 657 1502 coepero
670 1427 781 1500 dicere,
796 1427 932 1503 pluribus
945 1425 1049 1486 verbis
1062 1424 1083 1484 si

89 1510 310 1584 disserendum,
327 1527 361 1572 ea
379 1511 489 1570 vestus
502 1509 630 1584 ingeniis
646 1510 898 1584 coniecturaeque
913 1510 1071 1570 committo.

68 1632 70 1639 ,
168 1594 269 1653 XLIII.
289 1591 359 1654 124.
382 1593 480 1653 Venio
496 1609 576 1653 nunc
593 1594 632 1651 ad
646 1591 720 1652 illud
740 1610 850 1654 nomen
864 1609 991 1653 aureum
1011 1591 1083 1668 Chry

88 1676 206 1752 sogoni,
221 1677 279 1736 sub
294 1693 354 1752 quo
372 1675 492 1738 nomine
503 1685 565 1737 tota
579 1674 710 1735 societas
722 1675 822 1736 latuit:
832 1677 876 1735 'de
888 1691 959 1750 quo,
976 1673 1083 1737 iudices

86 1776 187 1833 neque
200 1775 259 1834 quo
268 1760 359 1819 modo
372 1760 575 1834 dicamusque
587 1757 746 1833 quomodo
759 1767 875 1819 taceam
885 1756 1020 1832 reperire
1031 1772 1083 1832 pos

87 1859 164 1901 sum.
196 1841 228 1901 Si
242 1843 321 1902 enim
336 1851 432 1914 taceo,
448 1843 498 1902 vel
511 1841 671 1901 maxImam
685 1850 802 1915 partem
817 1840 973 1915 relinquo:
986 1839 1036 1900 sin
1049 1855 1083 1898 au

87 1933 146 1983 tem
162 1923 240 1996 dico,
255 1941 364 1984 vereor
378 1941 417 1983 ne
433 1942 493 1985 non
508 1925 558 1984 ille
573 1926 667 1996 solus,
682 1923 715 1982 id
730 1925 814 1998 quod
830 1925 870 1983 ad
886 1940 935 1984 me
949 1922 1026 1983 nihii
1036 1920 1083 1981 atii

86 2014 145 2076 net,
168 2007 224 2064 sed
238 2006 288 2065 alii
304 2022 427 2080 quoque
443 2009 544 2081 plures
559 2009 661 2067 laesos
675 2022 709 2066 se
724 2022 795 2080 esse
810 2014 925 2080 putent
973 2006 1083 2066 Tamen

86 2087 132 2160 ita
145 2103 179 2167 se
193 2103 243 2145 res
260 2088 404 2158 habetat
417 2088 489 2148 mihi
503 2091 534 2148 in
544 2104 735 2155 communem
749 2104 872 2149 eausam
889 2096 1043 2149 sectorum
1056 2085 1083 2145 di

84 2170 216 2229 ‘cendum
230 2169 303 2228 nihii
317 2186 425 2244 magno
443 2188 535 2246 opere
548 2171 695 2232 videatur.
724 2172 807 2231 Haec
822 2171 901 2230 enim
913 2187 1009 2232 causa
1022 2186 1083 2230 nou

87 2253 223 2325 proiecto
238 2259 269 2312 et
282 2252 444 2326 siugularIs
461 2262 516 2314 est.
558 2252 627 2315 125.
649 2255 804 2314 Bonorum
827 2253 899 2314 Sex.
913 2253 1020 2313 Roscii
1041 2266 1083 2313 em

86 2343 155 2408 ptor
172 2342 219 2394 est
236 2335 462 2411 Chrysogonus.
498 2336 628 2396 Primum
647 2338 707 2398 hoc
724 2337 895 2397 videamus=
919 2336 987 2396 eius
1005 2333 1083 2395 homi

84 2415 131 2474 nis
146 2416 227 2475 bona
243 2434 302 2491 qua
317 2417 432 2478 ratione
444 2418 603 2483 venierunt
618 2428 670 2480 aut
685 2437 745 2495 quo
768 2421 859 2480 modo
874 2418 980 2479 venIre
995 2427 1083 2494 potue

84 2506 175 2558 runt?
187 2501 290 2573 Atque
304 2499 363 2559 hoc
381 2501 496 2561 nonita
511 2519 663 2576 quaeram,
679 2501 806 2576 Iudices,
822 2511 856 2563 ut
869 2502 901 2562 id
916 2500 1017 2562 dicam
1030 2514 1083 2568 esst

85 2580 249 2655 iudignum,
265 2582 395 2642 hominis
416 2583 585 2644 innocentis
601 2586 683 2645 bona
699 2584 833 2644 venIsse.
876 2584 909 2644 Si
924 2584 1005 2645 enim
1023 2584 1083 2642 haet

84 2662 243 2724 audientur
256 2680 293 2724 ac
309 2665 403 2725 libere
423 2665 569 2739 dIcentur‚
586 2684 647 2727 non
663 2666 718 2728 Iuit
732 2676 832 2727 tantus
849 2667 939 2727 homo
956 2666 1029 2727 Sex.
1040 2666 1082 2727 Ro

84 2745 166 2806 scius
180 2746 210 2806 in
225 2745 352 2819 civitate,
367 2757 401 2809 ut
414 2750 451 2808 de
468 2765 506 2809 eo
521 2749 711 2823 potissimum
726 2765 957 2824 conqueramur.
987 2752 1083 2810 Veron

83 2845 140 2903 ego
155 2829 214 2890 hoc
231 2847 359 2905 quaero:
384 2831 436 2907 qui
449 2840 612 2905 potuerunt
624 2831 683 2892 ista
702 2833 771 2907 ipsa
784 2835 867 2906 Iege,
885 2849 965 2908 quae
980 2833 1019 2892 de
1030 2846 1083 2906 pro

31 2985 35 2997 ἱ
84 2912 248 2987 scriptione
269 2923 330 2985 est,
350 2913 416 2974 sive
433 2913 554 2974 Valeria
575 2921 622 2974 est
642 2916 707 2974 sive
728 2915 867 2975 Cornelia
879 2949 923 2960 -
936 2932 997 2976 nou
1019 2912 1083 2974 eain

69 2995 154 3068 „novi
175 3012 231 3055 neo
252 2996 316 3056 scio
337 3029 393 3068 -,
415 3011 521 3056 verum
546 2995 604 3057 ista
622 2996 690 3072 ipsa
710 2999 778 3073 lege
799 2998 880 3057 bona
901 2998 975 3058 Sex.
994 2993 1083 3058 Rosci

82 3077 186 3136 venIre
201 3078 253 3152 qui
271 3085 452 3152 potueruntt
481 3077 550 3140 126.
573 3079 724 3155 Scriptum
739 3081 819 3141 enlm
836 3081 877 3140 ita
891 3080 997 3140 dicunt
1012 3092 1083 3139 essa

81 3173 118 3214 ur
131 3174 231 3219 nonuu
245 3177 325 3220 noxa
342 3177 484 3233 vennam,
500 3163 551 3230 our
562 3178 732 3222 naoscnmrr
747 3180 833 3224 sunr:
854 3180 915 3238 quo
930 3163 1083 3223 innumeri

84 3238 154 3298 Sex.
161 3243 291 3303 Roscius
303 3259 363 3303 non
377 3253 436 3304 est:
449 3261 507 3303 nur
517 3260 626 3319 nonum,
638 3262 688 3314 our
699 3263 730 3306 ru
740 3262 996 3306 xnvnnsxnroaou
1007 3256 1083 3304 naar·

83 3337 170 3382 stans
196 3340 290 3384 oecrsr
316 3342 402 3386 suar:
441 3329 511 3387 dum
538 3328 692 3403 praesidia
712 3330 773 3388 uita
793 3331 926 3401 fuerunt,
949 3328 980 3388 iu
996 3327 1083 3389 SuIIat

78 3405 243 3480 praesidiis
253 3409 316 3468 fuit.
329 3409 439 3469 Postea
455 3427 544 3484 quam
559 3412 597 3473 ab
611 3411 702 3471 umis
716 3421 917 3483 recesserunt
934 3413 964 3471 in
980 3419 1083 3472 summi
