2356 3854
320 138 332 147 ’
407 155 810 222 cAP.e-11.ara-as.
1010 163 1013 177 ’
1061 154 1124 220 429

97 305 236 370 'suasisse
256 323 294 366 ne
315 313 348 366 tu
368 306 490 380 quidem
509 304 595 365 dicis.
640 306 680 364 At
703 303 807 366 Miloni
828 321 866 366 ne
881 308 983 365 lavere
999 306 1121 382 quidem

97 390 193 465 potui.
219 389 306 449 Prius
323 389 402 449 enirn
418 405 482 448 rem
497 386 645 462 transegit
660 404 751 462 quam
762 386 930 464 quisquam
943 406 1013 450 eum
1029 391 1123 451 lactu-

95 491 162 534 rum
176 472 207 532 id
222 464 439 548 suspicaretur.
470 473 511 531 At
529 487 587 545 ego
605 469 699 532 suasi.
734 470 858 530 Scilicet
878 471 905 531 is
926 473 1044 533 animus
1059 482 1123 534 erat

95 555 232 628 Milonis,
254 564 287 616 ut
304 557 454 630 prodesse
474 553 518 614 rei
539 553 677 629 publicae
697 551 763 612 sine
785 569 913 613 suasore
927 573 988 616 non
1006 564 1122 630 posset.

95 643 136 700 At
152 642 282 700 laetatus
296 656 372 699 sum.
404 636 482 712 Quid
496 644 590 712 ergo?
609 636 640 695 in
654 637 740 696 tanta‘
751 634 863 696 laetitia
878 646 1004 697 cunctae
1018 639 1120 700 civita·

94 723 134 782 tis
156 739 205 782 me
224 740 317 782 unum·
341 723 457 782 tristem
483 737 555 780 esse
582 721 763 794 oportebat?
808 717 858 779 22.
876 718 1063 795 Quamquam
1084 724 1123 782 de

95 815 191 865 morte
215 805 310 867 Clodii
331 806 387 865 luit
408 802 546 878 quaestio
568 819 628 862 non
650 804 723 863 satis
744 802 909 876 prudenter
928 802 979 861 illa
1000 804 1122 878 quidem

94 890 264 950 constituta.
291 882 369 961 auid
384 887 462 947 enim
477 886 621 947 attinebat
637 883 718 945 nova
732 885 799 958 lege
823 883 928 958 quaeri
943 885 982 944 de
1002 902 1055 958 eo,
1072 887 1124 961 qui
1161 900 1167 911 ‘

94 971 431 1041 lrominemoccidisset,
451 986 542 1045 quum
555 977 639 1029 esset
649 967 769 1042 legibus
784 965 922 1041 quaestio
942 969 1124 1029 constituta?

94 1057 266 1130 quaesitum
281 1061 328 1114 est
341 1057 450 1112 tamen.
474 1053 562 1126 Quod
577 1051 675 1125 igitur,
694 1066 786 1125 quum
800 1066 851 1109 res
866 1051 1020 1125 agebatur,
1033 1067 1121 1111 nemo

94 1139 125 1198 in
145 1155 193 1197 me
208 1135 299 1208 dixit,
314 1136 345 1195 id
357 1142 401 1195 tot
415 1135 503 1195 annis
520 1143 590 1209 post
604 1141 635 1194 tu
647 1150 681 1194 es
697 1134 837 1194 inventus
854 1134 906 1208 qui
922 1132 1063 1193 diceres?
1091 1132 1094 1146 '

156 1220 207 1280 23.
224 1219 312 1292 Quod
326 1234 398 1277 vero
414 1218 516 1278 dicere
527 1234 621 1277 ausus
637 1233 671 1276 es
683 1216 777 1292 idque
790 1218 891 1277 multis
905 1215 1017 1290 verbis,
1030 1233 1124 1292 opera

92 1319 163 1361 mea
176 1300 352 1377 Pompeium
374 1299 548 1372 ageaesaris
571 1299 699 1360 amicitia
715 1317 786 1360 esse
804 1299 969 1361 diiunctum
988 1301 1027 1361 ob
1042 1317 1123 1360 eam·

93 1401 154 1460 que
170 1401 293 1444 causam
311 1384 400 1458 eulpa
420 1401 487 1443 mea
509 1382 597 1465 civile
612 1385 722 1443 bellum
738 1399 809 1443 esse
825 1392 937 1455 natum,
952 1383 981 1442 in
1004 1399 1041 1443 eo
1061 1401 1122 1444 non
1154 1437 1156 1441 .

91 1477 125 1528 tu
141 1468 262 1542 quidem
278 1475 404 1541 tutare,
426 1469 497 1540 sed,
518 1468 601 1541 quod
616 1466 779 1528 maximum
795 1476 858 1539 est,
872 1467 1061 1542 temporibus
1076 1484 1122 1527 er-

90 1552 175 1611 rasti.
218 1552 253 1610 X.
270 1552 335 1625 Ego
350 1551 389 1609 M.
404 1551 529 1624 Bibulo,
551 1550 815 1628 praestantissimo
831 1549 914 1624 cive,
935 1553 1061 1612 consule
1078 1552 1121 1610 ni-

90 1635 133 1694 hil
148 1633 352 1710 praetermisi,
375 1642 519 1707 quantum
541 1634 641 1693 lacere
663 1633 796 1709 enitique
817 1633 916 1708 potui,
941 1634 1011 1708 quin
1032 1634 1117 1694 Pom-

91 1718 194 1792 peium
215 1733 234 1776 a
255 1715 393 1783 Caesaris
422 1715 635 1775 coniunctione
664 1732 843 1776 evocarem<
865 1716 898 1775 ln
928 1734 988 1790 quo
1011 1717 1122 1782 caesar

91 1802 210 1864 felicior
225 1799 288 1862 luit.
305 1801 377 1874 lpse
388 1799 466 1858 enim
474 1796 649 1872 Pompeium
663 1815 761 1859 amca
773 1798 971 1860 familiaritate
985 1799 1121 1860 diiunxit.

89 1885 203 1944 Postea
216 1900 288 1943 vero
305 1899 396 1957 quam
410 1899 444 1942 se
459 1888 554 1941 totum
568 1880 730 1954 Pompeius
748 1880 870 1942 Caesari
891 1884 1026 1955 tradidit,
1049 1883 1122 1958 quid

91 1984 149 2042 ego
171 1966 254 2052 illum
278 1966 316 2026 ab
337 1982 375 2026 eo
403 1964 572 2043 distrahere
599 1971 749 2025 conarert
784 1964 872 2026 Stulti
898 1974 961 2026 erat
987 1983 1122 2041 sperare,

90 2052 223 2110 suadere
249 2048 445 2124 impudentis.
489 2045 628 2108 itisbuo
651 2055 755 2110 tamen
785 2058 924 2124 tempora
942 2050 1122 2123 inciderunt,

91 2135 203 2209 quibus
226 2132 338 2208 aliquid
362 2139 469 2193 contra
483 2132 643 2191 Caesarem
658 2131 802 2207 Pompeio
819 2132 977 2193 suaserim.
1012 2135 1056 2193 Ea
1069 2151 1121 2192 ve·

89 2217 143 2275 lim
157 2217 380 2291 reprehendas,
402 2214 429 2276 si
446 2223 550 2290 potes:
572 2231 679 2287 unum,
696 2232 735 2275 ne
750 2215 949 2291 quinquennii
963 2215 1123 2289 imperium

91 2295 215 2360 Caesari
231 2293 423 2377 proruperat:
444 2300 589 2370 alterum,
613 2306 826 2373 nepoteretur
846 2294 970 2359 letri'ut
985 2298 1120 2360 absentis

90 2384 158 2442 eius
176 2383 250 2443 ratio
267 2384 436 2443 haberetur.
473 2382 605 2455 Quorum
629 2381 656 2441 si
671 2381 818 2442 utrumvis
833 2383 1070 2456 persuasissem,
1090 2383 1121 2443 in

88 2468 147 2527 has
162 2465 301 2527 miserias
316 2465 480 2541 numquam
491 2464 715 2526 incidissemus.
736 2467 837 2540 Atque
850 2467 929 2526 idem
945 2483 1012 2542 ego,
1028 2484 1122 2541 quum
1154 2482 1159 2496 ¹

88 2553 148 2611 iam
166 2566 242 2624 opes
257 2565 363 2608 omnes
378 2556 409 2608 et
423 2566 495 2609 suas
511 2559 540 2610 et
555 2550 660 2625 populi
674 2548 802 2610 Romani
816 2549 978 2625 Pompeius
994 2552 1032 2611 ad
1048 2551 1118 2610 Cae·

90 2651 191 2696 sarem
207 2632 382 2705 detulisset,
404 2647 537 2713 seroque
558 2650 595 2693 ca
611 2634 724 2694 sentire
740 2635 910 2708 coepisset,
933 2650 1011 2710 quae
1026 2636 1119 2696 multo

89 2725 160 2778 ante
172 2715 374 2791 provideram,
390 2713 555 2789 inferrique
569 2717 683 2790 patriae
694 2719 803 2778 bellum
818 2717 964 2778 netarium
977 2716 1119 2788 viderem,

87 2801 192 2876 pacis,
219 2798 416 2873 concordiae,
443 2799 672 2872 compositionis
694 2810 801 2862 auctor
826 2818 897 2863 esse
923 2817 983 2860 non
1011 2799 1120 2870 destiti,

87 2898 220 2957 meaque
235 2883 284 2942 illa
299 2899 360 2941 vox
380 2890 427 2942 est
441 2889 513 2941 nota
527 2880 644 2941 multis:
674 2881 808 2955 Utinam,
833 2885 884 2943 Cn.
900 2881 1032 2957 Pompei,
1055 2898 1134 2956 qum.

89 2968 121 3026 C.
137 2968 265 3027 Caesare
278 2970 441 3027 societatem
464 2971 518 3024 aut
535 2980 693 3039 numquam
709 2968 814 3024 coisses
827 2975 880 3025 aut
894 2977 1053 3039 numquam
1070 2967 1121 3024 di-

86 3047 243 3110 remisses!
278 3051 349 3109 Fuit
367 3052 492 3109 alterum
508 3051 678 3122 pravitatis,
702 3051 829 3107 alteram
842 3046 1024 3123 prudentiae
1044 3058 1121 3109 tuac.

87 3133 172 3192 Haec
188 3149 268 3203 ntea,
291 3133 330 3190 M.
345 3130 473 3214 Antoni,
496 3147 617 3205 semper
638 3139 668 3204 et
688 3131 726 3190 de
741 3129 885 3205 Pompeio
906 3132 995 3191 etde
1016 3148 1121 3206 repu-

88 3215 169 3275 blica
183 3212 310 3275 consilia
327 3215 462 3275 luerunt:
477 3231 556 3288 quae
572 3213 598 3272 si
613 3213 796 3282 valuissent,
813 3230 863 3274 res
883 3215 1004 3289 publica
1020 3223 1122 3287 staret,

88 3306 120 3359 tu
139 3297 198 3371 tuis
214 3297 352 3373 flagitiis,
367 3305 518 3371 egestate,
533 3295 657 3356 infamia
672 3296 873 3358 concidisses.
989 3358 991 3362 ,

149 3381 196 3442 xt
221 3368 271 3442 25.
286 3380 349 3441 Sed
360 3381 435 3442 baec
447 3389 559 3442 vetera.
575 3379 649 3440 illud
661 3394 732 3441 vero
745 3394 862 3456 recens,
880 3382 1039 3444 caesarem
1051 3397 1120 3442 meo

973 3619 976 3639 ι
1063 3572 1152 3624 Δ
