2356 3854
89 195 131 260 ra
299 199 337 256 ur
358 158 393 255 cs
408 180 572 257 uunnuuu
592 198 674 257 acu.
689 199 725 256 11.
745 198 816 257 nra.
833 199 905 296 rv.¹

89 364 171 408 crum
184 346 297 407 Dianae
314 347 477 406 tollendum
492 347 619 432 locutum⁸
652 347 769 406 XXXV.
793 345 841 409 77.
866 346 977 406 Videte
995 353 1083 420 quana
1115 359 1121 387 -·

87 431 192 505 religio
210 428 311 488 luerit:
329 430 410 501 apud
426 429 611 504 Segestanos
633 438 783 503 repertum
798 446 884 500 esse,
900 428 1029 502 iudices,
1042 428 1083 489 sci·
1116 434 1125 458 ⁴

86 521 148 573 tote
163 512 311 571 neminem
326 527 425 585 neque
436 512 562 571 liberum
577 528 676 585 neque
691 528 811 571 servum
823 513 1036 585 nequeciven
1047 527 1082 570 ne
1122 528 1125 533 ·

87 611 146 669 que
160 594 350 670 peregrinum
369 594 420 666 qui
439 594 511 653 illud
532 594 650 669 signum
670 596 793 654 auderet
812 595 978 668 attingere:
999 594 1083 671 barba·

84 684 138 737 rbs
161 678 308 752 quosdam
327 658 472 753 Lilybaeo
494 677 601 737 scitote
619 678 767 737 adductos
790 693 860 736 esse
881 674 1084 751 operarios=bi

52 811 59 823 Δ,
86 759 217 835 denique
237 759 324 833 illud,
345 759 441 832 ignari
462 759 553 819 totius
574 760 691 832 negocii
712 777 748 819 ae
766 758 938 832 religionis,
965 759 1083 833 mercede

85 851 224 917 accepta,
246 842 443 902 sustulerunt:
464 843 546 916 quod
568 859 659 915 quum
680 858 720 900 ex
740 842 855 916 oppido
877 843 1082 919 exportabatur,

85 943 174 1000 quem
194 933 378 984 conventum·
392 924 548 983 mulierum
570 925 680 983 lactum
696 942 766 984 esse
782 923 989 984 arbitramini?
1012 939 1093 998 quen·

83 1007 186 1069 ilerum
206 1007 352 1066 maiorum
372 1013 464 1066 natur
489 1024 615 1082 quorum
636 1024 696 1066 non
717 1008 790 1066 nulli
814 1007 903 1066 etiam
925 1007 1007 1066 illum
1022 1006 1080 1065 dien

83 1090 227 1149 memoria
237 1090 388 1161 tenebant,
404 1106 495 1161 quum
506 1089 556 1148 illa
572 1090 678 1149 eadem
692 1089 788 1148 Diana
803 1089 962 1163 Segestam
976 1088 1079 1148 Kartha

82 1173 152 1246 gine
166 1180 288 1232 revecta
301 1172 456 1230 victoriam
475 1172 577 1244 populi
588 1172 715 1231 Romani
730 1171 828 1231 reditu
844 1189 901 1233 suo
917 1172 1079 1231 nunciasset

82 1255 176 1326 Quam
191 1252 345 1313 dissimilis
359 1252 408 1312 hie
421 1253 487 1312 dies
502 1253 544 1311 illi
566 1255 694 1329 tempori
715 1255 887 1314 videbatur!
911 1255 991 1319 ,Tum
1006 1253 1078 1327 irnpe-

79 1344 161 1395 rator
175 1338 277 1409 populi
292 1335 433 1406 Romani,
455 1337 499 1392 uir
521 1337 719 1410 clarissimus,
739 1338 817 1405 ,deos
833 1337 949 1411 patrios
967 1343 1080 1411 reporta-

80 1419 132 1478 bat
146 1417 335 1491 Segestanis,
359 1434 397 1476 ex
411 1417 486 1476 urbe
499 1417 630 1478 bostium
643 1428 856 1494 recuperatos:
878 1434 959 1479 nunc
975 1437 1011 1478 ex
1027 1417 1079 1485 urbe

81 1500 232 1561 sociorum
255 1507 375 1575 praetor
391 1501 534 1560 eiusdem
555 1502 661 1575 populi
682 1501 873 1576 turpissimus
899 1511 992 1576 atque
1005 1501 1079 1574 impu-

79 1583 218 1642 rissimus
233 1584 359 1643 eosdem
373 1584 441 1643 illos
457 1584 533 1643 deos
548 1585 662 1643 nefario
684 1587 799 1644 scelere
819 1585 985 1644 auferebat
1021 1580 1080 1656 Quid

80 1665 138 1724 hoc
159 1674 221 1725 tota
236 1665 337 1724 Sicilia
351 1674 398 1740 pst
415 1667 539 1737 clarius,
563 1684 652 1741 quam
667 1684 771 1728 omnes
787 1666 933 1740 Segestae
950 1676 1080 1727 matronas

78 1757 108 1807 et
122 1748 253 1822 virgines
265 1748 462 1820 convenisse,
479 1766 572 1823 quum
587 1749 683 1809 Diana
697 1757 906 1823 exportaretur
921 1766 961 1808 ex
975 1748 1081 1824 oppidu,

77 1830 206 1891 unxisse
219 1831 395 1906 unguentis,
414 1834 586 1906 complesse
601 1832 723 1892 coronis
738 1840 767 1891 et
782 1832 918 1903 floribus,
935 1841 1009 1904 ture,
1024 1830 1080 1890 odo

77 1914 161 1973 ribus
189 1915 324 1974 incensis
352 1916 514 1988 usquead
540 1916 705 1988 agrifines
726 1924 906 1988 prosecutas
929 1921 1019 1974 esset
1045 1909 1080 1973 ta

77 1996 162 2058 Hanc
178 1996 522 2077 tutantamreligionem
537 1997 638 2056 situm
653 1998 683 2056 in
700 1996 824 2070 imperio
840 2006 967 2071 propter
985 1991 1080 2070 cupidi·

13 2142 16 2149 ,
77 2084 166 2136 tatem
182 2085 273 2151 atque
289 2077 446 2136 audaciam
462 2094 522 2137 non
537 2079 789 2152 pertimescebas:
813 2096 851 2140 ne
874 2096 955 2139 nunc
977 2079 1081 2153 quiden

77 2156 106 2216 in
136 2166 217 2218 tanto
245 2167 296 2219 tuo
323 2159 546 2233 liberorumque
573 2170 689 2221 tuorum
712 2162 847 2236 periculo
869 2159 1082 2237 perhorrescis?
1120 2150 1125 2253 1

78 2240 243 2313 Quem'tibi
268 2250 319 2300 aut
345 2241 495 2300 hominem
522 2242 621 2302 invitis
648 2244 695 2303 dis
716 2244 934 2304 immortalibus
952 2254 1006 2304 aut
1024 2254 1081 2301 vero

76 2325 164 2385 deum
185 2325 274 2384 tantis
295 2339 399 2384 eorum
420 2323 614 2397 religionibus
635 2327 754 2386 violatis
769 2327 880 2408 auxilio
899 2327 1029 2388 luiturum
1042 2340 1081 2398 pu·

47 2403 50 2407 ’
75 2413 144 2465 tast
173 2407 236 2466 Tibi
250 2407 301 2476 illa
314 2407 410 2465 Diana
423 2406 453 2465 in
468 2423 544 2480 pace
560 2415 651 2482 atque
668 2409 697 2467 in
713 2408 780 2469 ocio
795 2409 973 2482 religionem
987 2409 1081 2469 nullam

77 2489 194 2548 attulit?
215 2506 293 2563 quae
309 2504 400 2563 quum
416 2490 492 2548 duas
507 2491 613 2562 urbes,
632 2491 662 2550 in
676 2492 785 2564 quibus
800 2493 899 2552 locata
918 2494 1029 2562 luerat,
1045 2503 1081 2548 ca·

74 2578 143 2644 ptas
160 2571 363 2645 incensasque
381 2569 520 2652 abiisset,
544 2573 591 2632 bis
614 2590 653 2632 ex
674 2575 801 2633 duorum
816 2575 963 2635 bellorum
977 2574 1082 2633 flamma

74 2653 215 2732 ferroque
241 2662 360 2713 servata
381 2662 454 2732 esta
471 2671 548 2727 quae
568 2656 861 2729 Karthaginiensium
881 2657 1008 2717 victoria
1027 2654 1081 2714 loco

73 2743 186 2796 mutato
206 2735 381 2809 religionem
402 2743 501 2796 tamen
516 2754 577 2797 non
592 2738 705 2809 amisit,
728 2738 759 2795 P.
775 2739 909 2797 Africani
927 2739 1033 2799 virtute
1047 2751 1081 2794 re·

73 2817 214 2893 ligionem
232 2817 320 2879 simul
343 2835 410 2878 cum
426 2820 493 2880 loco
516 2819 717 2895 recuperavit.
751 2821 815 2894 Quo
838 2822 960 2893 quidem
981 2822 1081 2881 scelere

73 2906 218 2977 suscepto
234 2919 326 2978 quum
343 2901 440 2962 inanis
455 2913 538 2962 esset
551 2903 634 2962 basis
651 2912 680 2962 et
694 2902 723 2960 in
742 2918 779 2962 ea
793 2903 824 2960 P.
835 2904 972 2963 Africani
986 2914 1081 2964 nomen

72 2982 214 3058 incisum,
235 3003 285 3046 res
308 2984 431 3058 indigna
449 2994 540 3060 atque
552 2985 748 3046 intoleranda
766 2985 926 3045 videbatur
945 2985 1079 3050 omnious,

10 3132 11 3137 η
73 3081 133 3125 non
152 3071 248 3128 solum
262 3068 425 3144 religiones
438 3085 508 3128 esse
522 3069 665 3140 violatas,
682 3085 785 3128 verum
802 3068 890 3127 etiam
905 3068 937 3125 P.
950 3062 1080 3133 Africani,

72 3145 128 3206 viri
143 3151 311 3223 fortissimi,
333 3166 433 3210 rerum
450 3160 602 3224 gestarum
618 3151 757 3224 gloriam,
777 3152 952 3211 memoriam
968 3147 1081 3215 virtutis,

72 3242 262 3292 monumenta
275 3233 418 3294 victoriae
436 3233 466 3291 C.
481 3234 607 3293 Verrem
622 3233 792 3293 sustulisse.
820 3231 869 3293 79.
898 3229 991 3306 Quod
1003 3242 1080 3308 quum

70 3309 119 3369 isti
137 3315 362 3376 renunciaretur
382 3317 420 3375 de
435 3314 502 3374 basi
520 3315 693 3388 pollueris,
711 3308 892 3374 existimavit
906 3317 1041 3376 homines
1056 3310 1081 3369 iu

69 3392 250 3454 obliuionem
261 3398 353 3458 totius
367 3396 486 3470 negocii
500 3411 570 3456 esse
582 3406 734 3474 venturos,
750 3397 776 3454 si
788 3397 877 3455 etiam
891 3398 1000 3470 basim,
1016 3407 1080 3458 tam·

1121 2440 1125 2495 1
