2356 3854
291 200 296 211 ·
344 168 425 229 cni).
442 166 572 232 rra—oo.
590 176 615 237 s.
633 177 795 232 rra-nt.
840 214 844 219 .
1050 166 1092 233 ⁰7

72 329 142 381 rent
175 320 263 379 LXV.
291 320 465 379 Decernunt
479 319 593 393 statim,
616 319 761 395 primum,
783 336 819 378 ur
840 336 899 378 cun
920 336 1035 379 rannus
1055 322 1089 381 L.

74 418 226 465 nosrnrurr
239 416 359 460 ruamur
371 418 487 475 raram,
511 404 594 477 quod
614 402 641 461 is
659 404 794 463 eamdem
812 405 997 463 voluntatem
1018 420 1091 478 erga

75 486 280 563 Syracusanos
303 484 492 559 suscepisset
513 502 602 558 quarn
625 500 682 558 ego
703 501 823 559 semper
842 485 1027 546 habuissem.
1055 487 1090 547 ld

76 586 130 628 non
143 569 235 628 modo
247 574 309 649 tum
324 567 525 642 seripserunt,
540 568 744 628 verumetiam
758 569 787 627 in
804 584 873 628 aere
889 569 1018 628 incisum
1034 586 1090 629 no

76 651 119 710 bis
130 649 326 712 tradiderunt.
358 651 456 709 Valde
470 650 593 710 hercule
607 660 636 710 te
651 650 837 727 Syracusani
852 650 910 722 tui,
927 668 1006 727 quos
1025 668 1091 712 cre·

76 733 125 793 bru
145 746 381 794 commemorare
402 735 500 806 scies,
523 733 664 807 diligunt:
683 735 734 807 qui
758 749 825 793 curn
842 743 1021 795 accusatore
1036 743 1088 795 tuo

81 816 143 876 satis
166 816 277 876 iustam
292 830 428 875 causam
455 816 685 891 coniungendae
712 815 947 876 necessitudinis
974 826 1089 891 putant,

82 899 151 973 quod
177 907 207 959 te
229 907 428 959 accusaturus
457 899 496 959 sit
517 908 548 959 et
569 900 652 974 quod
672 899 848 975 inquisitum
869 898 899 958 in
919 908 949 960 tc
964 899 1088 959 venerit.

81 979 178 1040 Postea
190 980 363 1040 decernitur
377 998 413 1040 ac
433 998 493 1041 non
507 981 605 1054 varie,
630 984 686 1042 sed
710 989 806 1057 prope
830 983 1089 1042 cunctissenten

82 1062 133 1123 tiis:
151 1080 187 1122 ur
200 1078 367 1136 nnuonrro,
382 1080 460 1132 euna
475 1065 505 1123 C.
520 1066 618 1123 Vnam
633 1082 765 1124 oucnnrn
779 1081 876 1135 assur,
893 1080 1088 1123 romanorun.

84 1144 139 1206 lto.
164 1148 197 1206 ln
213 1162 267 1219 eo,
282 1164 374 1224 quum
391 1147 450 1206 iam
465 1163 524 1207 non
543 1150 640 1208 solum
657 1149 807 1208 discessio
826 1150 903 1207 iacta
919 1156 1015 1221 essct,
1033 1149 1089 1207 sed

84 1230 157 1287 etiam
171 1229 371 1305 perscriptum
386 1239 478 1305 atque
491 1233 520 1289 in
538 1231 653 1292 tabutas
667 1234 801 1304 relatum,
818 1240 938 1306 praetor
952 1232 1091 1307 appelia-

82 1317 129 1369 tur.
157 1313 276 1387 Atquis
298 1314 451 1388 appellat?
476 1314 668 1388 Magistratus
691 1314 823 1390 aliquis?
856 1315 960 1374 Nemo.
994 1314 1087 1374 Sena-

84 1400 141 1452 tort
165 1394 209 1455 Ne
221 1394 253 1454 id
271 1395 401 1471 quidem.
431 1397 692 1475 Syracusanorum
710 1397 825 1473 aliquit
854 1398 985 1457 Minime.
1014 1396 1087 1470 Quis

80 1473 155 1549 igitur
167 1486 338 1554 praetorem
347 1482 499 1555 appellata
519 1481 574 1554 Qui
586 1491 730 1557 quaestor
746 1481 833 1541 istius
849 1483 954 1553 iuerat,
968 1481 998 1538 P.
1015 1480 1089 1539 Cac-

81 1559 171 1621 setiua.
206 1561 230 1620 0
256 1576 320 1621 rem
341 1563 512 1623 ridiculam!
541 1580 558 1623 o
581 1566 732 1624 desertum
755 1564 922 1638 hominem,
944 1565 1088 1637 despera-

80 1648 141 1715 tum,
161 1643 314 1705 relictum!
345 1649 372 1705 A
387 1647 560 1721 magistratu
577 1647 693 1720 Siculo,
716 1662 754 1704 ne
778 1655 901 1706 senatus
917 1648 1088 1705 consultum

79 1722 157 1787 Siculi
171 1726 310 1788 homines
332 1731 432 1790 facere
450 1737 590 1804 possent,
616 1746 654 1788 ne
682 1746 770 1788 suum
791 1731 838 1787 ius
860 1727 923 1787 suis
944 1727 1088 1798 moribus

78 1808 130 1871 suis
143 1811 261 1885 iegibus
276 1811 413 1872 obtinere
425 1820 560 1886 possent,
573 1828 633 1871 non
647 1812 762 1870 amicus
774 1811 871 1880 istius,
887 1825 947 1868 non
962 1810 1087 1882 hospes,

77 1906 124 1951 mn
143 1894 276 1968 denique
298 1893 409 1969 aliquis
432 1893 571 1966 Siculus,
602 1895 658 1954 scd
679 1902 823 1968 quaestor
843 1886 946 1967 popuii
960 1890 1087 1950 Romani

75 1983 230 2047 praetorem
253 1979 395 2051 appellat.
428 1976 500 2050 Quis
521 1977 580 2035 hoc
599 1977 696 2036 vidit?
717 1976 785 2051 quis
802 1975 936 2036 audivit?
965 1974 1099 2045 Praetor⁸

75 2071 180 2133 aequus
196 2066 227 2119 et
247 2059 372 2133 sapiens
396 2059 500 2120 dimitti
520 2061 601 2120 iubet
624 2067 769 2119 senatum.
802 2058 956 2119 concurrit
980 2058 1088 2117 adme

74 2141 195 2201 naxima-
204 2143 373 2202 multitudo.
400 2144 530 2202 Primum
545 2152 702 2203 senatores
720 2144 848 2202 ciamare
864 2142 921 2201 sibi
939 2140 1014 2215 eripi
1028 2140 1085 2211 ius

76 2222 138 2299 cripi
160 2224 344 2285 libertatemr
366 2229 498 2301 populus
524 2224 661 2286 senatum
687 2228 825 2296 laudare,
849 2225 960 2299 gratias
980 2238 1085 2295 agerer

76 2304 146 2366 cives
158 2308 288 2367 Romani
306 2325 325 2366 a
338 2324 387 2367 me
401 2322 549 2383 nusquam
565 2309 733 2369 discedere.
758 2308 824 2382 Quo
841 2307 963 2382 quidem
978 2306 1027 2363 die
1042 2299 1085 2363 rii-

76 2384 108 2445 iit
119 2392 240 2467 aegrius
254 2388 367 2450 iactum
380 2400 429 2451 est
441 2392 535 2451 multo
550 2392 750 2465 lateranen,
773 2407 863 2464 quam
881 2398 914 2449 ut
924 2405 1030 2448 manus
1047 2388 1085 2447 ab

77 2466 116 2530 iiio
129 2474 316 2548 apportarem
330 2473 559 2534 abstinerentur.
590 2471 660 2536 147.
693 2475 789 2547 Quum
803 2475 842 2532 ad
864 2481 1035 2546 praetorem
1054 2473 1084 2530 in

78 2548 113 2612 ius
135 2556 322 2626 adissemus,
351 2556 502 2632 excogitat
529 2573 602 2617 sane
626 2566 721 2637 acuto·
736 2556 810 2632 quid
825 2558 977 2616 decernat.
1010 2556 1085 2614 Nam

79 2644 134 2695 tnte
155 2652 245 2711 quarn
264 2640 391 2699 verbum
412 2641 558 2712 facerem,
584 2641 622 2699 de
644 2641 718 2702 seila
739 2640 869 2700 surrexit
891 2648 982 2714 atquc
1003 2638 1084 2698 abiit

80 2712 166 2792 ltaque
183 2731 245 2780 turn
259 2723 297 2780 de
312 2723 392 2792 foro,'
403 2740 495 2796 quum
508 2724 565 2781 iam
580 2725 859 2797 advesperasceret,
875 2721 1084 2782 discessimus.

80 2793 161 2860 vat.
191 2803 340 2883 Postiidie
359 2821 445 2863 mane
462 2806 499 2864 ab
520 2821 556 2866 eo
575 2808 713 2881 postulo,
734 2815 767 2866 ut
788 2805 991 2884 Syracusanis
1014 2805 1084 2861 iice-

80 2884 112 2940 tet
123 2893 242 2945 senatus
257 2888 441 2966 consultum,
459 2889 542 2961 quod
558 2888 653 2962 pridie
673 2887 832 2961 iecissent,
854 2888 925 2946 mihi
945 2886 1083 2944 reddere.

81 2957 118 3051 iiie
126 2960 280 3032 enimvero
294 2979 398 3043 negat,
424 2980 454 3030 et
467 2970 507 3030 ait
523 2964 677 3044 indignum
692 2971 809 3030 facinus
824 2986 910 3040 csse,
926 2967 1009 3040 quod
1027 2982 1084 3039 ego

83 3054 213 3110 usenatu
230 3051 348 3112 Gracco
362 3054 457 3113 verba
471 3051 628 3111 iecissem:
651 3054 734 3127 quod
753 3053 875 3127 quidem
895 3044 976 3124 apud
994 3049 1091 3113 Grae:

84 3136 120 3187 tos
134 3132 247 3193 Graece
261 3136 380 3195 locutus
397 3151 512 3204 essem,
535 3135 566 3192 id
590 3136 658 3194 terri
678 3138 760 3195 nullo
778 3135 869 3195 modo
886 3149 989 3206 posse.
1024 3134 1089 3193 Re·

85 3216 170 3279 troadi
184 3216 307 3290 homini,
322 3226 354 3277 ut
370 3217 464 3292 potui,
479 3225 511 3275 ut
526 3217 623 3285 debui,
639 3225 672 3276 ut
687 3217 777 3277 volui.
805 3216 900 3290 Quum
917 3216 1008 3276 muita
1021 3225 1084 3276 tum

85 3291 149 3377 ¹etiarn
162 3300 220 3358 hoc
235 3316 284 3358 ma
299 3301 419 3360 memini
431 3301 541 3369 dicere,
555 3298 718 3359 sacileesse
732 3300 927 3374 perspicuum
939 3310 1083 3374 quantum

83 3380 140 3436 nter
150 3380 229 3441 hunc
252 3389 282 3442 et
300 3383 383 3445 iilum
396 3382 597 3455 Numidicum,
620 3400 724 3444 verum
741 3398 777 3443 ac
792 3400 966 3457 germanum
978 3384 1082 3444 Metel-

107 3472 153 3520 crc.
171 3479 260 3524 oanr.
875 3464 894 3529 7
