2356 3854
122 171 186 236 340
342 170 416 231 PRO
432 170 464 228 T.
478 168 596 230 ANNIO
613 168 758 229 MILONE
780 165 934 226 ORATlO.

122 332 189 375 runt.
223 320 331 371 sedebat
344 337 374 371 eo
391 329 504 385 tempore
521 319 565 369 Cu.
582 320 718 385 PompeIns
736 319 770 368 sd
789 317 933 376 aerarium,
949 317 1132 382 perturbatusque

124 393 279 444 erateodem
301 387 345 438 illo
364 388 488 438 clamore:
505 389 590 450 ltaque
602 388 710 437 Domitio
729 386 847 451 promisit
865 400 894 435 se
917 394 1021 450 postero
1039 387 1077 437 dis
1094 400 1134 435 san

48 470 52 477 ’
123 458 248 525 praesidio
275 457 467 516 descensurum,
490 456 566 518 idque
590 457 659 510 iecit.
702 454 756 514 Qua
774 469 803 504 re
821 454 906 503 territi
925 453 1042 504 Clodiani
1060 453 1134 503 silantis

124 529 201 578 verba
217 526 320 575 testium
338 540 385 589 per
402 525 508 574 biduum
531 526 614 575 audiri
640 524 709 588 passi
723 528 789 571 suut.
824 523 1050 587 Interrogaveruut
1066 522 1134 572 euall

125 594 210 645 emero
236 602 261 643 et
277 593 311 642 ld.
327 591 461 642 Marcellus
480 603 504 641 et
525 592 584 641 Milo
608 594 671 658 ipse.
705 590 775 640 Multi
792 604 824 638 ex
842 590 890 650 iis,
911 591 957 652 qui
971 590 1136 640 Rosillisbabi·

124 664 225 723 tabunt,
247 662 418 711 testimonium
440 662 555 710 &eruut
579 661 610 709 de
631 662 678 724 iis,
695 673 761 721 quse
782 659 817 707 ibi
832 657 901 706 laets
917 666 1005 708 eruut:
1024 674 1137 723 cersponsu

124 733 248 788 occisum,
265 729 394 778 tabernam
406 739 589 794 expugnatam,
613 742 705 792 corpus
721 726 802 776 Clodii
825 729 850 774 iu
870 724 1011 790 publicum'
1026 736 1138 778 extractas
1171 744 1172 789 j

125 814 189 849 cass.
211 798 331 862 Virgines
348 812 448 859 quoque
465 797 577 846 Albanae
596 798 713 846 dixerunt
729 795 858 844 mulierem
881 795 1000 858 ignotam
1015 795 1138 845 semmel

125 882 161 921 se,
179 881 242 929 quae
261 864 361 914 Milonis
380 866 496 915 mandato
511 876 597 913 votum
613 863 738 928 solveret,
756 862 824 925 quod
843 861 949 912 Clodius
970 867 1070 913 occisus
1084 872 1138 913 essa

124 934 231 985 Ultimae
249 935 419 982 testimouium
438 934 556 982 dixerunt
570 932 725 996 Sempronia,
742 931 861 980 Tuditani
874 929 937 990 filla,
955 945 1048 982 socrus
1063 933 1088 981 P.
1099 930 1137 980 clo
1170 972 1172 979 ,

125 1003 162 1053 dii
178 1010 203 1052 et
224 1017 288 1051 uxor
305 1001 405 1061 Fulvia,
429 1010 453 1050 et
467 1001 527 1050 fletu
545 1014 591 1049 suo
609 1014 701 1064 magno
717 1014 791 1064 opere
805 1014 865 1057 eos,
883 1000 928 1061 qui
947 1001 1078 1061 astabant,
1091 1014 1137 1048 cou-
1169 1017 1172 1047 z

126 1078 265 1121 moverunt.
308 1069 420 1118 Dimisso
437 1071 505 1119 circa
517 1068 605 1118 horam
615 1069 738 1129 decimam
751 1068 846 1116 iudicio
857 1067 888 1120 T.
899 1068 1032 1118 Munatius
1047 1081 1136 1132 proeor-
1169 1095 1172 1115 ι

124 1141 192 1188 tione
211 1137 333 1203 populum
350 1137 496 1186 adhortatus
515 1146 561 1194 est,
579 1144 607 1185 ut
623 1145 724 1200 postero
739 1136 781 1185 die
798 1135 917 1197 lraqueus
935 1137 1042 1186 adesset
1059 1144 1081 1185 et
1093 1134 1136 1185 dull
1167 1154 1172 1183 ,-

125 1207 244 1257 blilonem
259 1220 309 1255 noa
327 1213 462 1270 pateretur,
482 1205 653 1266 iudiciumque
672 1213 697 1254 et
715 1204 827 1253 dolorem
845 1217 920 1252 suum
938 1205 1082 1254 ostenderet
1097 1217 1135 1253 cus·
1167 1205 1171 1251 ἶ

125 1276 193 1324 tibus
214 1275 248 1324 ad
268 1273 386 1322 tabellam
406 1272 544 1322 ferendam.
578 1274 680 1322 Postero
697 1274 751 1333 die,
776 1273 818 1334 qui
834 1271 883 1321 luit
898 1272 992 1322 iudicii
1010 1286 1132 1322 summust

126 1343 152 1395 d.
170 1342 211 1392 Ill.
224 1343 263 1391 Id.
276 1341 382 1404 Aprilis,
401 1339 502 1389 clausae
519 1341 618 1390 luerunt
635 1349 687 1390 toto
704 1341 766 1391 urbe
779 1341 907 1399 tabernae,
925 1341 1089 1405 praesidlsis
1099 1339 1133 1388 lon
1165 1356 1171 1387 ·.

126 1419 150 1460 et
174 1412 242 1459 circa
265 1423 350 1458 omnes
373 1408 421 1458 lori
445 1410 530 1459 aditus
544 1410 679 1472 Pompeius
703 1410 840 1473 disposuit,
864 1409 920 1473 ipse
941 1424 991 1473 pro
1008 1410 1132 1469 aerarias
1164 1424 1172 1457 r

125 1478 221 1542 pridie,
241 1478 367 1536 consedit,
384 1483 486 1541 saeptus
506 1476 602 1525 delecta
618 1492 694 1526 mauu
712 1478 827 1529 militum.
860 1475 969 1527 Sortitio
990 1476 1078 1527 deinde
1090 1474 1131 1524 ludi

126 1561 182 1595 cum
195 1561 211 1595 a
224 1547 304 1609 primo
322 1545 363 1595 die
378 1545 445 1593 facta
462 1551 514 1594 est:
532 1554 590 1608 post
606 1553 702 1595 tantum
719 1545 847 1595 silentium
858 1553 912 1595 toto
931 1545 990 1595 fero
1007 1545 1062 1605 fuit,
1078 1556 1130 1607 qun·
1164 1565 1172 1610 e

125 1621 178 1662 tum
191 1628 247 1663 esse
264 1615 290 1662 in
303 1612 386 1674 aliquo
405 1613 459 1662 foro
477 1622 571 1676 posset.
604 1615 667 1663 Tum
687 1616 752 1663 iutra
767 1614 855 1663 horam
871 1615 1016 1665 secundam
1032 1620 1130 1665 accusate
1163 1630 1172 1661 ;Ι

125 1696 166 1731 res
185 1691 319 1746 coeperunt
336 1682 426 1739 dicere,
445 1683 544 1745 Appius
561 1684 641 1731 maior
658 1691 682 1731 et
699 1682 733 1736 bl.
750 1682 873 1732 Antonius
897 1692 922 1731 et
936 1682 967 1733 P.
980 1682 1090 1734 Veledae
1101 1678 1129 1729 lie
1163 1686 1169 1729 ζ

126 1764 183 1815 pos.
218 1750 334 1801 Usisunt
351 1749 454 1814 exlege
473 1749 541 1799 horis
559 1751 665 1804 duabus.
710 1789 716 1804 .
1161 1764 1172 1811 ,ῖς

195 1818 334 1882 Respondit
352 1819 385 1866 lis
411 1832 477 1866 uuus
491 1818 525 1870 M.
545 1817 644 1869 cicero:
663 1828 688 1868 et
704 1833 781 1883 quum
798 1819 951 1881 quibusdem
966 1817 1126 1885 placuissetlt

127 1886 228 1937 defendi
248 1888 350 1944 crimen,
367 1886 472 1935 interfici
489 1884 604 1935 Clodium
622 1902 667 1952 pro
681 1887 825 1952 republica
840 1887 938 1949 fuisse,
959 1903 1036 1951 quam
1052 1887 1128 1937 leam
1161 1888 1164 1907 ³

125 1955 159 2003 M.
179 1956 271 2004 Brutus
289 1964 389 2003 secutus
408 1964 446 2003 est
469 1956 496 2003 in
513 1970 544 2004 ea
561 1957 686 2015 oratioue,
706 1971 781 2020 quam
804 1970 851 2021 pro
865 1956 960 2006 Milone
979 1954 1127 2020 composuittl
1161 1972 1172 2007 e

126 2023 219 2077 edidit.
236 2025 310 2084 quasi
333 2024 440 2087 egisset,
455 2021 570 2072 Ciceroni
593 2024 620 2072 id
637 2039 688 2073 nou
718 2025 825 2089 placuit,
843 2025 912 2087 quod
936 2041 1004 2087 non,
1028 2026 1067 2088 qui
1086 2023 1126 2070 bost
1162 2034 1172 2075 *j

57 2086 62 2095 “
124 2090 228 2153 publico
244 2091 372 2149 damnari,
391 2091 459 2139 idem
478 2093 554 2139 etiam
572 2093 826 2143 occidi'indemuatus
843 2102 940 2156 posset.
978 2095 1063 2156 ltaque
1077 2100 1126 2153 qut!
1160 2104 1171 2143 ἐ

126 2160 232 2208 insidias
244 2158 361 2207 llilouem
377 2156 464 2207 Clodio
480 2159 573 2208 fecisse
591 2164 736 2224 posuissent
752 2167 923 2225 accusatores,
943 2164 1005 2224 quia
1022 2154 1127 2212 talsunil
1168 2180 1172 2211 τ

126 2236 177 2275 erut
195 2254 228 2263 -
247 2241 304 2275 nam
320 2226 383 2276 forte
400 2226 445 2275 illa
463 2228 520 2275 rixa
537 2230 673 2278 commisse
687 2230 769 2279 fuerat
783 2255 828 2289 -—‚
846 2226 935 2279 (licere
952 2228 1127 2295 apprehendite
1161 2242 1164 2249 ¹

126 2304 210 2344 contm
221 2295 334 2345 Clodium
347 2293 433 2343 Miloni
449 2295 541 2344 fecisse
561 2298 667 2346 insidias
685 2298 830 2361 disputavit,
846 2313 928 2360 eoque
948 2308 1002 2348 tota
1015 2296 1126 2349 uadosis
1162 2302 1172 2347 ζ

125 2366 255 2425 spectavit.
291 2364 342 2414 Sed
364 2364 399 2413 ita
414 2365 539 2427 constitit,
562 2372 590 2412 ut
609 2365 735 2427 diximus,
762 2367 874 2416 neutrius
892 2368 1001 2418 consilio
1019 2372 1126 2432 pugnata!
1165 2406 1172 2413 .

124 2446 180 2480 esse
198 2448 227 2481 eo
245 2433 293 2491 die,
312 2446 397 2480 verum
410 2435 434 2483 ei
450 2432 514 2481 forte
530 2436 684 2483 occurrisse:
704 2451 736 2483 ex
750 2450 779 2483 ea
793 2435 848 2484 rixa
861 2450 995 2487 servornm
1009 2436 1042 2486 ad
1055 2432 1127 2484 caedi
1162 2444 1171 2494 [a

124 2508 279 2561 perventum.
315 2499 407 2550 Notum
426 2509 510 2550 temen
528 2510 582 2550 erat
610 2509 745 2564 utrumque
771 2512 877 2553 mortem
893 2504 969 2555 alteri
987 2502 1126 2568 saepsnitt
1162 2520 1171 2549 ·;

124 2574 177 2614 tum
195 2583 264 2627 esse,
289 2576 313 2616 et
329 2569 393 2617 sicut
411 2576 555 2632 suspectum
573 2568 690 2620 Milonem
710 2573 790 2621 usaicr
809 2587 884 2635 quam
899 2571 983 2623 Clodii
1009 2566 1127 2623 remites
1163 2582 1166 2589 ·

124 2635 213 2685 olebat.
229 2636 264 2683 ita
280 2637 421 2700 expeditior
439 2644 464 2685 et
482 2639 594 2700 paratior
615 2640 647 2688 ad
664 2654 776 2705 pugnarn
794 2638 976 2691 Clodianorum
995 2656 1068 2705 quam
1080 2635 1125 2689 lilt-
1164 2636 1172 2688 ζ’

123 2707 163 2751 nis
188 2703 278 2753 luerat.
315 2702 401 2753 Cicero
420 2719 497 2766 quum
512 2707 632 2770 inciperet
646 2708 743 2768 dicere,
773 2717 893 2773 exceptas
916 2719 957 2759 est
980 2708 1125 2760 acclanffl
1165 2704 1169 2713 “

123 2770 319 2835 Clodianorum,
340 2773 384 2834 qui
406 2787 434 2821 se
452 2775 579 2823 continere
597 2790 628 2825 ue
647 2785 716 2826 metu
733 2778 837 2839 quidem
854 2779 1073 2845 circumstantium
1084 2768 1126 2825 rull
1165 2771 1172 2823 ἱ

122 2848 177 2889 tum
194 2847 339 2905 potuerunt.
364 2840 450 2904 ltaque
468 2857 519 2891 uon
537 2858 576 2901 ea,
594 2859 642 2905 qus
660 2844 749 2894 solitus
768 2853 829 2903 erat,
844 2849 990 2897 constantia
1008 2848 1077 2897 dixit·
1094 2839 1126 2893 ll*

123 2918 165 2959 net
183 2919 266 2958 autem
283 2908 327 2957 illa
345 2924 445 2971 quoque
462 2920 568 2974 excepta
586 2913 640 2961 eius
658 2914 747 2965 oratio.⁴
783 2912 891 2979 Scripsit
910 2932 974 2967 vcro
989 2915 1126 2980 baneam
1166 2922 1172 2955 ἓ

122 2975 239 3041 legimus,
259 2979 294 3026 ita
310 2976 430 3040 perfecte,
446 2986 474 3027 ut
492 2979 547 3029 iura
560 2980 643 3045 prima
659 2980 747 3032 baberi
763 2982 854 3045 possit.

233 3078 593 3199 elusanam-¹
643 3114 801 3177 aunum
814 3116 922 3178 usuc
937 3118 1049 3180 suar.

189 3245 292 3297 Persots
316 3267 358 3322 rar:
659 3248 752 3313 qslnos
774 3256 906 3299 ssountor
929 3258 956 3301 et
975 3266 1036 3303 rens
1055 3254 1125 3301 asub
1166 3216 1172 3308 i

247 3339 249 3354 ·
315 3339 319 3342 ·
346 3315 350 3324 ²
643 3323 644 3326 Ν
681 3349 682 3352 Ν
723 3316 890 3447 wel
909 3308 1124 3439 mizael
