2356 3854
100 206 144 271 84
333 205 371 263 lN
390 203 422 263 .C.
443 199 605 289 VERREM
618 200 700 258 ACT.
715 201 751 258 ll.
772 201 845 261 LlB.
861 203 914 260 lv.

99 357 249 421 eumuna
263 351 451 428 reponuntur
461 349 596 421 deorum
605 349 687 408 mira
701 350 851 425 quaedam
867 360 930 412 ιοιι
946 352 1101 430 Siciliapri·
1138 404 1142 427 2

97 439 187 501 entim
201 454 238 498 ac
252 435 383 528 publice·
386 431 490 528 religio
507 441 554 492 est
566 431 683 492 Cereris
694 433 875 493 Hennensis
898 435 1015 530 Etenim
1029 439 1102 499 multa
1137 432 1145 495 ”.

96 538 192 596 saepe
202 517 342 597 prodigia
355 531 416 575 vim
427 531 493 575 erus
505 516 853 610 numenquedeelarant·
868 517 971 578 multis
983 535 1072 594 saepe
1081 539 1101 582 u

95 603 279 665 difficillimis
290 602 381 662 rebus
395 591 541 673 praesens
555 597 700 658 auxilium
712 598 777 658 eius
790 599 922 659 oblatum
934 608 992 673 est,
1002 609 1035 662 ut
1044 603 1102 664 haec
1135 662 1138 667 .

93 687 194 749 insula
210 686 250 746 ab
267 701 304 744 ea
318 699 379 743 non
397 683 494 741 solum
512 680 604 754 diligi,
624 682 679 740 sed
695 681 783 741 etiam
797 681 890 742 incoli
910 685 1102 760 custodirique

92 769 241 832 videatur.
258 766 328 829 108.
342 766 404 825 Νιι
419 766 517 824 solum
525 764 627 835 Siculi,
642 780 747 824 verum
758 763 851 838 etiam,
860 774 1001 826 caeterae
1014 775 1102 842 gentes

93 852 296 926 nationesque
309 850 504 909 Hennensem
520 848 658 906 Cererem
671 846 801 906 maxime
817 849 929 908 colunt.
957 848 1102 910 Etenimsi
1142 904 1145 909 .

92 933 325 999 Atheniensium
339 946 426 992 sacra
448 946 565 990 summa
583 928 747 1003 cupiditate
761 938 959 1006 expetuntur,
978 933 1019 993 ed
1039 950 1101 1009 quos

93 1020 187 1081 Ceres
201 1022 230 1078 in
244 1016 295 1076 illo
308 1031 410 1075 errore
422 1012 545 1072 venisse
556 1010 664 1072 dicitur
679 1012 844 1088 frugesque
855 1013 1009 1075 attulisse:
1025 1032 1100 1091 quau·

91 1113 155 1163 tam
172 1114 242 1162 esse
257 1097 435 1172 religionem
452 1096 594 1158 convenit
608 1112 721 1167 eorum,
744 1096 826 1169 apud
842 1113 921 1171 quos
936 1113 1005 1157 eam
1019 1108 1100 1160 nanu

92 1199 164 1244 esse
181 1190 211 1242 et
228 1184 331 1256 fruges
344 1178 500 1241 invenisse
511 1185 651 1239 constat?
667 1179 773 1252 ltaque
784 1181 865 1253 apud
880 1187 985 1254 patres
997 1191 1100 1244 nostros

88 1267 187 1327 atroci
203 1281 239 1324 ac
254 1262 370 1325 dillicili
384 1261 579 1337 reipublicae
593 1269 738 1336 tempore,
755 1279 848 1336 quum
859 1263 902 1323 Ti.
917 1262 1053 1326 Graccho
1062 1279 1099 1327 oc·

91 1348 157 1408 ciso
172 1350 349 1423 magnorum
364 1344 567 1420 periculorum
579 1352 676 1405 metus
689 1361 728 1405 ex
740 1345 866 1406 ostentis
877 1348 1100 1421 portenderetur,

90 1430 121 1489 P.
136 1430 284 1491 llluoioL.
313 1428 474 1504 Calpurnio
490 1427 680 1495 consulibus
702 1428 815 1488 aditum
833 1437 881 1489 est
900 1430 941 1489 ad
955 1430 1049 1491 libros
1066 1429 1101 1492 st

89 1513 239 1593 byllinos·
267 1529 306 1572 ex
327 1511 438 1587 quibus
457 1511 612 1571 inventum
631 1518 694 1584 est,
716 1510 855 1571 Cererem
875 1512 1101 1588 antiquissimam

51 1624 53 1629 ·
87 1595 205 1672 placari
227 1604 377 1671 oportere
409 1594 483 1654 Tum
504 1610 543 1654 ex
563 1556 750 1668 amplissimo
771 1593 899 1669 collegio
923 1594 1100 1657 decemvirali

89 1680 267 1741 sacerdotes
282 1677 388 1753 populi
398 1677 535 1750 Romani,
548 1693 641 1752 quum
656 1685 740 1737 esset
753 1676 784 1736 in
798 1678 873 1737 urbe
885 1688 991 1740 nostra
1001 1679 1100 1741 cereris

89 1762 324 1839 pulcherrimum
344 1769 374 1821 et
387 1759 716 1836 magnificentissimum
733 1763 886 1835 templum,
902 1770 1005 1823 tamen
1018 1777 1100 1838 usque

88 1847 226 1906 Hennam
242 1845 368 1920 profecti
385 1853 463 1904 sunt.
485 1845 580 1904 Tanta
594 1843 746 1904 eratenim
757 1843 923 1905 auctoritas
938 1855 968 1906 et
979 1855 1100 1908 vetustae

88 1929 170 1988 illius
183 1927 349 2004 religionis,
369 1935 409 1999 ut,
427 1945 518 2002 quum
534 1928 604 1988 illuc
618 1926 710 1997 irent,
729 1942 790 1987 non
808 1927 848 1986 ad
864 1928 971 1988 aedem
988 1926 1100 1999 Cereris,

88 2011 146 2070 sed
160 2013 200 2071 ad
217 2012 316 2086 ipsam
331 2009 471 2069 Cererem
489 2009 646 2085 proficisci
665 2009 848 2070 viderentur.
882 2008 954 2073 109.
977 2013 1043 2074 Nou
1058 2011 1099 2073 ιι

89 2094 212 2154 tundam
233 2093 355 2154 diutius.
390 2092 507 2153 Etenim
527 2092 719 2153 iamdudum
740 2109 849 2154 vereor
869 2109 907 2152 ne
930 2097 1027 2157 oratio
1046 2108 1101 2155 mea

87 2176 188 2238 aliene
202 2178 240 2237 ab
255 2176 434 2238 iudiciorum
450 2173 566 2237 ratione
588 2184 654 2237 ela
679 2175 829 2236 cotidiana
847 2177 968 2238 dicendi
986 2193 1100 2240 consue·

87 2259 193 2320 tudine
211 2276 281 2320 esse
297 2258 442 2319 videatur.
467 2259 533 2318 Hoc
551 2258 636 2332 dico,
659 2258 737 2319 hanc
752 2260 849 2335 ipsam
865 2259 1018 2333 Cererem,
1039 2260 1100 2322 auti·

88 2342 282 2416 quissimam,
303 2340 577 2417 religiosissimam,
604 2340 771 2416 prinoipem
792 2342 925 2403 omnium
947 2360 1100 2416 sacrorum,

88 2441 171 2500 ,quae
190 2427 272 2501 apud
289 2441 395 2486 omnes
417 2432 522 2498 gentes
538 2424 738 2498 nationesque
757 2426 847 2499 liunt,
869 2442 887 2485 a
903 2426 1053 2493 ,C.·Verre
1069 2440 1100 2487 ex

87 2508 153 2568 suis
168 2508 288 2583 templis
304 2524 340 2567 ac
355 2508 479 2568 sedibus
494 2524 564 2569 esse
582 2508 739 2568 sublatam.
769 2508 825 2583 Qui
840 2509 1019 2572 accessistis
1032 2512 1098 2571 Hen-

86 2608 172 2664 nam,
193 2590 311 2651 vidistis
334 2591 527 2652 simulacrum
550 2589 668 2652 cereris
690 2607 708 2651 e
730 2607 879 2653 marmore
906 2600 936 2652 et
960 2592 993 2652 in
1017 2594 1098 2655 altero

86 2675 199 2748 templo
214 2673 351 2733 Liberae.
373 2674 450 2734 Sunt
464 2690 500 2734 ea
518 2676 675 2751 perampla
692 2682 783 2749 atque
799 2675 963 2751 praeclara,
981 2677 1098 2737 sednon

85 2754 127 2815 ιιι
143 2757 277 2832 antiqua.
310 2757 357 2816 Ex
382 2773 452 2817 aere
472 2756 528 2818 luit
547 2757 700 2832 quoddam
720 2757 840 2818 modica
860 2760 1055 2833 amplitudine
1070 2770 1098 2818 ae

76 2838 232 2914 ,singulari
247 2855 350 2914 opere,
366 2856 435 2900 cum
450 2840 576 2914 lacibus,
592 2838 818 2916 perantiquum,
835 2841 968 2902 omnium
982 2841 1097 2911 illorum,

85 2939 166 2996 quae
179 2931 250 2985 sunt
263 2922 294 2983 in
310 2939 347 2983 eo
363 2924 449 2995 lano,
471 2925 564 2985 multo
583 2922 834 2998 antiquissimum.
868 2925 902 2984 ld
917 2926 1052 2998 sustulit,
1069 2936 1097 2986 ac

83 3011 185 3066 temen
206 3022 243 3067 eo
266 3015 424 3085 contentus
445 3023 506 3066 non
530 3005 593 3067 luit.
629 3005 698 3067 110.
716 3010 795 3068 Ante
816 3007 922 3068 aedem
944 3008 1058 3069 Cereris
1073 3005 1096 3067 iu

83 3098 190 3162 aperto
206 3107 241 3150 ac
257 3092 417 3165 propatulo
433 3092 501 3151 loco
519 3089 607 3164 signa
621 3090 682 3150 duo
699 3099 783 3152 sunt:
805 3089 923 3151 Cereris
937 3102 1044 3165 unum,
1063 3090 1095 3150 al·

82 3178 182 3231 terum
195 3173 385 3248 Triptolemi,
406 3173 608 3248 pulcherrima
622 3189 656 3233 ac
672 3176 836 3248 perampla.
865 3174 1035 3238 Pulcritudo
1053 3187 1098 3249 pe-

82 3252 196 3328 riculo,
223 3257 387 3331 amplitudo
409 3256 496 3318 saluti
522 3256 592 3329 luit,
609 3257 691 3331 quod
712 3273 815 3318 eorum
840 3258 995 3321 demolitio
1018 3267 1096 3331 atque

82 3337 250 3411 asportatio
278 3340 465 3414 perdifficilis
495 3338 661 3400 videbatur.
705 3339 867 3401 insistebat
891 3341 922 3402 in
943 3359 1033 3402 manu
1051 3338 1094 3399 Ge

81 3418 160 3481 reris
181 3421 286 3483 derue
307 3424 420 3497 grande
438 3423 630 3483 simulacrum
653 3421 854 3498 pulcherrime
878 3425 990 3488 lactum
1005 3423 1092 3485 Victo·
1138 3424 1145 3499 g
