2356 3854
294 183 298 197 ¹
370 224 595 287 enitar-m.
617 232 788 293 §.m-to.
947 236 952 242 ·
1027 225 1088 292 121

70 386 123 438 tate
137 376 277 436 homines
293 373 324 433 ln
338 374 526 447 provincias,
546 375 655 449 quibus
672 376 795 437 iacturis
811 387 840 438 et
856 378 966 453 quibus
984 377 1087 437 eondi-

71 459 203 520 cionibus
223 457 456 533 proficiscantur
474 457 614 530 ignorant
631 459 772 520 videlieet
786 460 850 532 isti,
873 460 926 535 qui
940 461 979 520 ad
991 456 1088 520 ‘unum

73 542 228 605 deserenda
243 541 344 601 omnia
361 556 432 600 esse
447 557 507 600 non
522 541 724 601 arbitrantur?
742 543 833 615 Quasi
848 560 921 604 vero
938 543 989 601 Cn.
1001 544 1088 603 Pom-

74 625 163 698 peium
183 641 245 685 non
260 641 353 700 quum
371 624 435 684 suis
450 623 610 683 virtutibus
626 633 685 684 tum
702 626 791 685 etiam
806 626 914 686 alienis
928 625 1010 686 vitiis
1025 643 1088 686 ma·

75 723 153 780 gnum
169 723 242 767 esse
256 707 434 772 videamus<
460 707 510 768 68.
540 707 602 779 Qua
619 724 653 766 re
669 707 761 767 nolite
777 709 914 768 dubitare
928 709 1001 782 quin
1017 709 1087 770 huic

76 791 115 849 uni
135 789 268 850 credatis
288 791 403 861 omnia,
429 788 481 863 qui
505 790 582 850 inter
601 799 646 850 tot
666 806 764 850 annos
782 807 862 850 unus
883 791 1023 851 inventus
1050 792 1089 853 sit

79 889 155 946 quem
170 871 250 932 socii
264 872 295 931 in
312 873 406 932 urbes
423 889 496 932 suas
510 888 578 932 num
594 874 728 933 exercitu
744 874 867 933 venisse
881 875 1042 946 gaudeant.

145 955 236 1029 Quod
257 955 283 1014 si
304 954 530 1016 auetoritatibus
552 957 630 1021 hane
652 972 790 1028 eausam,
812 956 942 1027 Quirites
950 987 968 1026 ,a
980 955 1087 1015 conflr-

76 1041 203 1098 mandam
219 1038 348 1113 putatis,
365 1045 412 1098 est
426 1039 514 1098 vobis
530 1047 635 1099 auctor
650 1039 697 1098 vir
712 1040 859 1103 bellorum
877 1038 1010 1099 omnium
1026 1055 1088 1098 ma-

75 1121 272 1195 ximarumque
292 1137 391 1180 nerum
412 1121 629 1211 peritissimus,
649 1122 681 1181 Ρ.
699 1121 862 1195 Servilius,
884 1122 970 1182 euius
988 1129 1088 1182 tantae

73 1217 114 1263 res
126 1213 231 1279 gestae
247 1213 326 1265 terra
340 1203 477 1277 marique
493 1203 686 1277 exstiterunt,
707 1213 741 1264 ut
756 1223 848 1278 quum
865 1206 904 1265 de
920 1206 1000 1264 bello
1015 1203 1089 1265 deli·

73 1282 184 1360 heretis,
200 1287 307 1348 auctor
321 1286 410 1346 vobis
425 1287 547 1365 gravior
559 1303 648 1348 nemo
664 1305 734 1349 esse
749 1289 865 1360 debeat,
882 1297 928 1347 est
944 1289 973 1347 C.
990 1286 1088 1360 Curio,

72 1371 188 1431 summis
211 1369 322 1431 vestris
337 1369 495 1430 beneficiis
513 1369 714 1445 maximisque
731 1373 823 1432 rebus
838 1371 948 1446 gestia,
971 1387 1086 1429 summo

70 1447 183 1528 ingenio
205 1462 235 1513 et
257 1453 418 1527 prudentia
443 1452 611 1530 praeditus,
639 1463 687 1513 est
710 1456 761 1514 Cn.
782 1456 943 1525 Lentulus,
969 1453 1101 1527 inquo
1172 1510 1174 1515 ,

70 1549 168 1597 omnes
191 1553 248 1617 pno
268 1536 464 1611 amplissimis
486 1536 595 1596 vestris
617 1537 784 1595 honoribus
813 1552 961 1596 summum
988 1535 1087 1595 eonsi-

70 1616 147 1692 ium,
172 1635 319 1678 summam
337 1620 513 1692 gravitatem
529 1635 600 1678 esse
618 1620 819 1693 cognovistis,
842 1627 889 1678 est
904 1618 934 1677 C.
954 1618 1088 1687 Cassius,

70 1703 246 1777 ntegnitate,
268 1702 392 1775 virtute,
414 1701 584 1761 constantia
607 1700 762 1774 singulari.
799 1701 864 1772 Qua
883 1716 917 1759 re
933 1696 1035 1758 videte
1056 1709 1090 1758 ut

70 1799 168 1846 torum
191 1783 421 1845 auetoritatibus
441 1783 560 1843 illorum
582 1782 725 1856 orationi,
749 1783 801 1856 qui
822 1782 1018 1853 dissentiunt,
1042 1796 1088 1839 re-

70 1869 217 1943 spondere
232 1883 326 1941 posse
341 1866 507 1925 videamur.

142 1951 249 2010 XXIV.
269 1949 319 2011 69.
349 1950 431 2022 Quae
447 1963 537 2022 quum
548 1945 589 2007 ita
605 1947 673 2018 sint,
690 1947 720 2006 C.
731 1946 843 2018 Manili,
858 1946 986 2020 primum
1001 1945 1090 2027 istam

70 2050 142 2094 ¹uam
162 2042 193 2093 et
212 2035 308 2106 legem
330 2042 360 2092 et
376 2033 560 2091 voluntatem
579 2039 608 2090 et
630 2029 807 2090 sententiam
821 2031 912 2089 laudo
927 2029 1089 2088 vehemen-
1130 2084 1133 2105 ,

70 2116 242 2188 issimeque
265 2116 448 2189 comprobo:
473 2113 584 2172 deinde
605 2123 633 2173 te
648 2111 766 2184 hortor,
787 2122 820 2174 ut
835 2121 959 2174 auctore
972 2114 1088 2187 populo

70 2200 199 2259 lornano
215 2212 341 2259 maneas
356 2198 386 2257 in
399 2196 552 2262 ⁴sententia
566 2212 643 2256 neve
658 2195 838 2274 puiusquam
853 2196 914 2255 vim
929 2196 1089 2260 autminus
1133 2253 1140 2269 x

70 2282 270 2355 pertimescas.
289 2280 419 2341 Primum
440 2281 470 2338 in
492 2288 520 2339 te
538 2275 616 2339 satis
638 2296 708 2339 esse
725 2279 815 2337 animi
831 2276 1089 2352 perseverantiae-

70 2381 122 2438 pue
137 2363 283 2423 arbitror:
305 2363 415 2422 deinde
439 2379 531 2437 quum
551 2370 664 2420 tantam
687 2362 904 2421 multitudinem
922 2376 989 2419 oum
1006 2367 1089 2418 tanto

70 2447 163 2506 studio
178 2447 291 2505 adesse
310 2445 475 2517 videamus
493 2453 635 2518 quantam
650 2447 755 2503 iterum
773 2443 896 2503 nuncin
913 2445 1020 2502 eodem
1036 2443 1088 2503 ho-

70 2530 142 2588 mine
164 2528 372 2604 praeficiendo
387 2528 543 2599 videmuS,
567 2526 640 2601 quid
656 2535 702 2585 est
718 2528 800 2600 quod
816 2536 867 2586 aut
882 2528 920 2585 de
936 2543 969 2585 re
985 2534 1036 2585 aut
1051 2527 1089 2584 de

70 2610 243 2686 perficiendi
264 2613 406 2671 facultate
422 2611 614 2671 dubitemus?
638 2609 703 2683 Ego
719 2617 818 2669 autem
835 2610 981 2684 quidquid
998 2609 1089 2668 estin

70 2707 112 2753 me
128 2694 234 2766 studii,
259 2693 392 2765 consilii,
417 2693 546 2766 laboris,
561 2692 689 2767 ingenii,
705 2693 853 2767 quidquid
866 2694 925 2752 hoe
940 2691 1089 2751 beneficio

70 2777 171 2850 populi
184 2777 313 2837 Romani
335 2786 426 2850 atque
446 2777 503 2836 hae
520 2784 671 2850 potestate
686 2775 853 2849 praetoria,
875 2774 1023 2848 quidquid
1038 2790 1090 2831 au-

72 2859 209 2932 ctoritate,
225 2861 296 2930 fide,
313 2860 482 2919 constantia
498 2874 633 2933 possum,
649 2858 681 2916 id
696 2875 783 2918 omne
799 2859 837 2916 ad
851 2859 929 2915 hano
943 2873 1006 2915 rem
1019 2870 1090 2913 oon·
1174 2879 1176 2883 ⁴

73 2939 226 3002 finiendam
237 2943 289 3003 tibi
302 2948 331 3001 et
345 2944 459 3016 populo
472 2943 609 3000 Romano
625 2941 773 3013 polliceor
787 2957 822 2998 ao
839 2941 959 2998 defero:
982 2935 1032 2997 70.
1048 2945 1090 2996 te-

77 3029 189 3099 storque
211 3041 317 3085 omnes
339 3026 416 3091 deos
439 3031 468 3082 et
485 3039 540 3081 eos
555 3023 700 3097 maxime,
723 3023 775 3096 qui
792 3022 862 3079 huie
877 3022 945 3079 loco
964 3020 1090 3094 templo·
1169 3022 1176 3043 ¹

81 3119 128 3175 que
141 3100 332 3182 praesident,
349 3107 403 3181 qui
418 3105 550 3164 omnium
566 3114 682 3164 mentes
699 3120 819 3174 eorum,
836 3103 888 3176 qui
903 3103 941 3161 ad
956 3119 1020 3162 rem
1035 3120 1089 3178 pu-

80 3181 174 3249 blioam
194 3192 320 3262 adeunt,
343 3189 473 3248 maxime
496 3185 700 3261 perspiciunt,
722 3203 769 3244 me
790 3186 849 3244 hoe
869 3200 968 3260 neque
982 3197 1090 3262 rogatu

84 3265 167 3332 latere
184 3273 363 3347 cuiusquam
386 3286 486 3344 neque
504 3286 565 3343 quo
582 3268 633 3327 Cn.
648 3268 782 3341 Pompeii
803 3268 928 3342 gratiam
944 3269 1016 3329 mihi
1034 3287 1090 3344 pei·

85 3343 145 3412 hano
157 3371 279 3416 oausam
294 3354 448 3414 conciliari
465 3362 564 3426 putem
580 3367 680 3426 neque
697 3367 756 3424 quo
773 3350 843 3410 mihi
858 3368 896 3410 ex
911 3353 1090 3426 cuiusquam

86 3437 261 3510 anptitudine
276 3446 328 3498 aut
342 3437 496 3512 praesidia
508 3433 651 3509 periculis
670 3442 721 3495 aut
736 3434 910 3501 adiumenta
922 3435 1089 3497 honoribus
