2356 3854
134 169 197 245 264
434 169 508 231 PRO
523 170 554 229 P.
570 169 702 230 SESTlO
721 169 875 230 ORATIO.

133 324 220 398 Quod
235 322 351 384 simois
367 320 568 387 incommodis
584 321 787 393 laetabantur,
808 319 894 381 urbis
912 328 1013 385 tammo
1026 319 1130 394 periculo
1165 327 1172 383 i

133 414 404 469 commoverentur.
1164 410 1172 463 j:

215 491 308 555 XXV.
325 487 375 562 ιιι.
399 488 462 554 Sed
481 497 514 553 ιιι
533 504 552 555 a
572 503 638 554 mea
659 503 753 553 causa
770 484 831 545 iam
844 487 1005 562 recedam,
1030 486 1130 561 reliquas
1164 496 1172 533 4

132 573 212 639 illus
233 572 303 639 anni
324 581 429 647 pestes
448 570 650 639 recordamini
664 603 704 613 -
720 569 765 630 sic
784 569 865 633 enim
883 570 1025 635 taoillime
1045 571 1131 645 perspi·
1164 576 1171 616 ἐ·

132 657 217 718 cletis
230 664 371 731 quantam
388 656 447 715 vim
463 655 594 716 omnium
610 653 813 715 remediorum
824 670 844 717 a
855 652 1077 728 magistratibus
1087 669 1131 729 pro
1164 661 1172 699 ὲ

131 739 220 799 xlmis
237 756 288 798 res
303 737 425 814 publica
439 737 619 798 desiderarit
631 774 682 810 -,
697 739 797 812 legum
814 736 1052 810 multitudinem,
1069 752 1131 811 quon
1169 748 1171 753 ’

17 880 19 885 .
132 839 250 897 earum,
267 838 345 896 quae
359 825 438 882 latae
450 830 533 895 sunt,
551 830 613 882 tum
627 836 700 882 vcro
713 836 793 896 quae
807 821 1021 896 promulgatae
1035 822 1131 882 turmot

131 907 204 967 Nam
223 908 301 966 latae
323 905 446 981 quidem
470 913 541 966 sunt
561 904 737 965 consulibus
755 903 830 978 illis,
857 905 1028 966 tacentibus
1045 905 1132 967 dicant
1167 915 1172 953 ι

132 990 222 1053 immo
239 1005 311 1050 vero
327 990 416 1050 ctiam
430 987 684 1064 approbantibus:
701 997 734 1049 ut
748 987 891 1053 censoria
906 989 990 1049 notio
1006 996 1036 1049 et
1049 986 1131 1062 garis·
1168 998 1171 1019 *

132 1073 240 1137 simurn
255 1071 399 1135 iudicium
414 1071 597 1134 sanctissimi
617 1071 810 1146 magistratus
830 1071 869 1133 de
887 1087 922 1131 re
940 1070 1062 1147 publiea
1074 1070 1131 1131 tols
1163 1066 1172 1121 'i

132 1167 228 1229 netur,
250 1165 284 1217 ut
304 1154 434 1230 collegia
448 1174 511 1217 non
529 1156 623 1217 modo
641 1155 692 1215 illo
710 1162 814 1216 vetera
829 1162 937 1215 contra
952 1163 1073 1216 senatus
1082 1167 1129 1213 con·
1165 1165 1171 1202 ὲ

133 1243 242 1301 snitum
262 1238 505 1311 restituerentur,
533 1241 589 1300 sed
606 1240 644 1298 nb
667 1255 727 1299 uno
747 1237 917 1313 gladiatore
934 1232 1129 1299 innumerabile
1168 1277 1172 1285 .

131 1324 190 1389 alia
215 1338 295 1387 nova
320 1323 599 1394 conscriberentur,
627 1331 660 1382 ιιι
684 1321 822 1382 remissis
848 1320 934 1382 senis
955 1331 986 1382 et
1005 1319 1129 1381 trientibus
1158 1324 1172 1366 t

133 1406 237 1482 quinta
251 1422 349 1481 prope
363 1422 436 1480 pars
452 1404 644 1480 vectigalium
658 1406 827 1478 tolleretur,
851 1414 885 1466 ut
899 1405 1029 1467 Gabinio
1045 1419 1089 1480 pro
1099 1401 1130 1460 ιιι
1158 1409 1172 1451 :-

132 1505 188 1550 sna
204 1488 320 1563 Cilicia,
344 1505 434 1564 quant
449 1487 521 1560 sibi,
541 1488 566 1548 si
581 1505 644 1549 rem
663 1489 814 1563 publicam
828 1488 1035 1563 prodidisset,
1055 1493 1130 1562 pactu
1167 1498 1172 1569 :²

131 1580 209 1644 erat,
234 1571 324 1649 Syrie
344 1573 481 1647 daretur,
503 1580 533 1632 et
547 1572 599 1632 uni
618 1573 742 1635 heluoni
756 1571 803 1632 bis
822 1572 863 1631 de
880 1571 990 1631 endem
1003 1587 1037 1631 re
1050 1568 1128 1631 ιειιι
1165 1610 1172 1618 -

131 1655 220 1716 randi
235 1664 320 1720 esset
334 1663 474 1730 potestas
495 1664 525 1716 et
544 1665 650 1731 rogata
666 1659 733 1731 tege
755 1657 853 1730 legem
873 1655 966 1716 ferret
987 1650 1129 1731 provincis
1168 1664 1172 1669 ·

132 1739 372 1804 commutandae.

167 1826 174 1833 “
214 1824 319 1883 XXVI.
331 1821 382 1884 56.
396 1823 480 1885 Mitto
493 1839 559 1883 cam
571 1823 677 1897 legem,
693 1838 772 1896 quae
784 1820 885 1883 omnia
895 1820 963 1883 iura
974 1821 1129 1897 religionen,
1164 1831 1172 1855 ³

132 1907 354 1981 auspiciorum,
376 1914 575 1981 potestatum,
600 1922 706 1966 omnes
726 1907 828 1979 teges,
852 1921 933 1980 quae
954 1913 1026 1966 sunt
1044 1903 1130 1967 delun

133 1990 223 2049 etde
244 1997 380 2064 tompore
402 1989 742 2064 legumrogandarum,
769 2006 829 2049 una
853 1988 1014 2062 rogatione
1039 1984 1131 2049 delerit:
1167 1997 1172 2029 i

132 2071 216 2137 mitto
230 2086 350 2132 omnem
362 2073 559 2133 domesticam
570 2074 683 2132 labem:
698 2072 788 2132 etiam
800 2080 920 2133 exteras
932 2069 1130 2134 nationesiliu
1163 2081 1169 2087 ’

131 2153 202 2213 anni
217 2155 318 2214 lurore
335 2166 557 2230 conquassatas
573 2156 760 2217 videbamus.
790 2156 871 2230 Lege
884 2156 1045 2217 tribunicla
1056 2148 1131 2214 urm

132 2254 260 2312 magnac
275 2238 484 2298 Pessinuntius
506 2239 555 2299 ille
577 2241 724 2299 sacerdos
742 2241 890 2313 expulsus
905 2250 936 2301 et
950 2239 1092 2316 spoliatus
1103 2250 1131 2295 se·
1167 2248 1172 2253 ·

133 2322 267 2383 cerdotio
281 2330 328 2388 est
339 2324 503 2398 sanumque
513 2323 771 2383 sanctissimarum
780 2331 873 2398 atque
883 2322 1132 2398 antiquissimus»

131 2404 312 2499 religionum
327 2408 481 2467 venditum
497 2407 628 2482 pecunia
648 2406 755 2481 grandi
769 2406 943 2480 Brogitaro,
970 2407 1084 2482 impuro
1099 2403 1133 2462 bc
1168 2428 1172 2439 ·

131 2486 205 2546 mini
221 2496 311 2562 atquc
333 2491 456 2564 indigno
474 2490 525 2551 illa
544 2489 705 2564 religione,
734 2489 911 2564 praesertim
934 2508 1029 2566 quum
1048 2505 1081 2549 ea
1096 2479 1134 2546 siti
1165 2502 1172 2537 .'

131 2568 183 2635 ille
208 2586 269 2629 non
291 2573 424 2647 colendi,
453 2575 508 2634 scd
534 2573 668 2634 violandi
689 2590 783 2635 causa
801 2574 992 2648 appetissem
1020 2561 1135 2649 appelli

131 2667 221 2727 reges
236 2669 255 2712 a
270 2659 400 2729 populo,
418 2657 514 2730 quiid
529 2674 692 2732 numquam
708 2673 746 2716 ne
761 2674 780 2717 a
795 2666 902 2718 senatu
919 2658 1044 2732 quidem
1057 2660 1135 2731 postu

131 2738 262 2797 lassent.
288 2738 405 2802 reducti
421 2740 544 2800 exsules
557 2741 736 2818 Byzantium
758 2740 951 2802 condemnati
968 2751 1046 2813 tum,
1069 2748 1151 2814 ιιιω·
1168 2762 1172 2789 τ

131 2819 297 2881 indemnati
312 2821 395 2883 cives
411 2839 429 2883 e
447 2822 567 2885 civitate
581 2823 790 2885 eliciebantom
821 2821 870 2886 57.
892 2841 947 2884 rex
960 2824 1135 2886 Ptolemaeus

132 2903 185 2978 qui
197 2903 224 2965 si
236 2905 369 2967 nondum
383 2915 447 2976 crat
457 2908 523 2982 ipsc
535 2916 670 2969 asenatu
679 2908 782 2969 socius
794 2909 978 2983 appellatus,
989 2916 1055 2969 crat
1065 2912 1135 2967 tend

132 2987 225 3047 frater
240 2988 306 3048 cius
323 2989 419 3063 regis,
445 2990 497 3065 qui
513 3007 605 3066 quum
620 2998 704 3052 esset
719 2991 750 3052 in
766 2993 873 3051 endem
890 3008 1001 3065 cause,
1026 2991 1084 3051 iam
1095 2988 1137 3046 σι

132 3081 272 3133 asenatu
286 3072 434 3135 bonorem
449 3074 540 3136 istum
555 3083 754 3135 consecutus·
780 3084 844 3135 erat
860 3076 970 3136 codem
986 3089 1097 3150 genem
1105 3069 1139 3129 iis·

131 3151 264 3228 demque
279 3157 460 3229 maioribus,
478 3158 585 3218 cadem
601 3165 750 3219 vetustate
765 3157 935 3220 societatis:
953 3158 1087 3233 demque
1095 3155 1142 3215 ιιι

131 3237 1142 3317 rex,s1n0ndunrsoc1usatnonhosuspacatosquictustrctsl

66 3361 71 3379 ,
131 3312 259 3389 imperio
273 3323 379 3396 populi
390 3323 518 3386 Romani
529 3340 624 3398 regno
635 3332 761 3419 paterno
777 3334 871 3400 atque
885 3327 966 3387 avito
982 3325 1077 3400 rogati
1092 3318 1144 3382 octe

131 3398 355 3473 perfruebatur·
374 3407 483 3467 dehoc
495 3405 568 3465 nihil
580 3406 740 3480 cogitante,
755 3407 828 3467 nihil
843 3409 1032 3484 suspicante,
1047 3405 1144 3467 eisdem

247 3612 331 3632 Α
