<?xml version="1.0" encoding="UTF-8"?>
<!DOCTYPE html PUBLIC "-//W3C//DTD XHTML 1.0 Transitional//EN"
    "http://www.w3.org/TR/xhtml1/DTD/xhtml1-transitional.dtd">
<html xmlns="http://www.w3.org/1999/xhtml" xml:lang="en" lang="en">
 <head>
  <title>
</title>
<meta http-equiv="Content-Type" content="text/html;charset=utf-8" />
  <meta name='ocr-system' content='tesseract 3.04.00' />
  <meta name='ocr-capabilities' content='ocr_page ocr_carea ocr_par ocr_line ocrx_word'/>
</head>
<body>
  <div class='ocr_page' id='page_1' title='image "./mtulliiciceroni08cicegoog_0038.png"; bbox 0 0 2356 3854; ppageno 0'>
   <div class='ocr_carea' id='block_1_1' title="bbox 418 172 1147 276">
    <p class='ocr_par' dir='ltr' id='par_1_1' title="bbox 418 172 1147 276">
     <span class='ocr_line' id='line_1_1' title="bbox 418 172 1147 276; baseline 0.011 -8"><span class='ocrx_word' id='word_1_1' title='bbox 418 208 799 275; x_wconf 80' lang='lat' dir='ltr'>cnr.v-o.s.1a-m.</span> <span class='ocrx_word' id='word_1_2' title='bbox 1101 172 1147 276; x_wconf 83' lang='grc' dir='ltr'>ιΙ</span> 
     </span>
    </p>
   </div>
   <div class='ocr_carea' id='block_1_2' title="bbox 42 357 1146 3486">
    <p class='ocr_par' dir='ltr' id='par_1_2' title="bbox 42 357 1146 3486">
     <span class='ocr_line' id='line_1_2' title="bbox 42 357 1123 437; baseline 0.013 -29"><span class='ocrx_word' id='word_1_3' title='bbox 42 372 51 408; x_wconf 59' lang='grc' dir='ltr'>ι.</span> <span class='ocrx_word' id='word_1_4' title='bbox 130 358 240 416; x_wconf 83' lang='lat' dir='ltr'>testatem</span> <span class='ocrx_word' id='word_1_5' title='bbox 254 359 338 417; x_wconf 92' lang='lat' dir='ltr'>solus</span> <span class='ocrx_word' id='word_1_6' title='bbox 354 357 478 437; x_wconf 81' lang='lat' dir='ltr'>habeat,</span> <span class='ocrx_word' id='word_1_7' title='bbox 498 374 590 432; x_wconf 91' lang='lat' dir='ltr'>quum</span> <span class='ocrx_word' id='word_1_8' title='bbox 608 375 712 420; x_wconf 89' lang='lat' dir='ltr'>omnes</span> <span class='ocrx_word' id='word_1_9' title='bbox 727 359 757 418; x_wconf 90' lang='lat' dir='ltr'>in</span> <span class='ocrx_word' id='word_1_10' title='bbox 774 377 865 419; x_wconf 92' lang='lat' dir='ltr'>unum</span> <span class='ocrx_word' id='word_1_11' title='bbox 883 366 1029 434; x_wconf 75' lang='lat' dir='ltr'>spectent,</span> <span class='ocrx_word' id='word_1_12' title='bbox 1043 366 1123 422; x_wconf 86' lang='lat' dir='ltr'>unus</span> 
     </span>
     <span class='ocr_line' id='line_1_3' title="bbox 42 436 1122 519; baseline 0.015 -31"><span class='ocrx_word' id='word_1_13' title='bbox 42 454 53 488; x_wconf 73' lang='grc' dir='ltr'>ι</span> <span class='ocrx_word' id='word_1_14' title='bbox 128 436 206 498; x_wconf 90' lang='lat' dir='ltr'>omnia</span> <span class='ocrx_word' id='word_1_15' title='bbox 223 441 383 514; x_wconf 78' lang='lat' dir='ltr'>gubernet,</span> <span class='ocrx_word' id='word_1_16' title='bbox 407 456 500 513; x_wconf 90' lang='lat' dir='ltr'>quum</span> <span class='ocrx_word' id='word_1_17' title='bbox 524 449 568 501; x_wconf 90' lang='lat' dir='ltr'>tot</span> <span class='ocrx_word' id='word_1_18' title='bbox 587 442 739 516; x_wconf 83' lang='lat' dir='ltr'>tantisque</span> <span class='ocrx_word' id='word_1_19' title='bbox 760 442 897 516; x_wconf 81' lang='lat' dir='ltr'>negociis</span> <span class='ocrx_word' id='word_1_20' title='bbox 913 443 1060 504; x_wconf 87' lang='lat' dir='ltr'>distentus</span> <span class='ocrx_word' id='word_1_21' title='bbox 1076 446 1122 519; x_wconf 93' lang='lat' dir='ltr'>sit,</span> 
     </span>
     <span class='ocr_line' id='line_1_4' title="bbox 42 522 1122 597; baseline 0.014 -26"><span class='ocrx_word' id='word_1_22' title='bbox 42 544 52 571; x_wconf 55' lang='lat'>,-</span> <span class='ocrx_word' id='word_1_23' title='bbox 127 525 151 576; x_wconf 87' lang='lat' dir='ltr'>ut</span> <span class='ocrx_word' id='word_1_24' title='bbox 165 522 304 596; x_wconf 88' lang='lat' dir='ltr'>respirare</span> <span class='ocrx_word' id='word_1_25' title='bbox 325 522 419 580; x_wconf 91' lang='lat' dir='ltr'>libere</span> <span class='ocrx_word' id='word_1_26' title='bbox 439 538 501 580; x_wconf 91' lang='lat' dir='ltr'>non</span> <span class='ocrx_word' id='word_1_27' title='bbox 520 522 635 597; x_wconf 90' lang='lat' dir='ltr'>possit,</span> <span class='ocrx_word' id='word_1_28' title='bbox 664 525 690 583; x_wconf 91' lang='lat' dir='ltr'>si</span> <span class='ocrx_word' id='word_1_29' title='bbox 713 523 828 597; x_wconf 88' lang='lat' dir='ltr'>aliquid</span> <span class='ocrx_word' id='word_1_30' title='bbox 854 542 915 585; x_wconf 90' lang='lat' dir='ltr'>non</span> <span class='ocrx_word' id='word_1_31' title='bbox 935 525 1122 586; x_wconf 87' lang='lat' dir='ltr'>animadver-</span> 
     </span>
     <span class='ocr_line' id='line_1_5' title="bbox 42 604 1123 679; baseline 0.008 -20"><span class='ocrx_word' id='word_1_32' title='bbox 42 615 55 654; x_wconf 81' lang='grc' dir='ltr'>ι</span> <span class='ocrx_word' id='word_1_33' title='bbox 126 604 272 679; x_wconf 74' lang='lat' dir='ltr'>acquum</span> <span class='ocrx_word' id='word_1_34' title='bbox 296 604 473 678; x_wconf 87' lang='lat' dir='ltr'>praesertim</span> <span class='ocrx_word' id='word_1_35' title='bbox 494 613 554 664; x_wconf 87' lang='lat' dir='ltr'>tarn</span> <span class='ocrx_word' id='word_1_36' title='bbox 575 604 659 665; x_wconf 88' lang='lat' dir='ltr'>multi</span> <span class='ocrx_word' id='word_1_37' title='bbox 681 606 911 679; x_wconf 82' lang='lat' dir='ltr'>occupationem</span> <span class='ocrx_word' id='word_1_38' title='bbox 929 607 995 667; x_wconf 88' lang='lat' dir='ltr'>eius</span> <span class='ocrx_word' id='word_1_39' title='bbox 1018 609 1123 668; x_wconf 91' lang='lat' dir='ltr'>obser-</span> 
     </span>
     <span class='ocr_line' id='line_1_6' title="bbox 42 688 1122 764; baseline 0.011 -25"><span class='ocrx_word' id='word_1_40' title='bbox 42 698 55 737; x_wconf 76' lang='grc' dir='ltr'>ι</span> <span class='ocrx_word' id='word_1_41' title='bbox 122 694 175 745; x_wconf 88' lang='lat' dir='ltr'>vent</span> <span class='ocrx_word' id='word_1_42' title='bbox 190 696 370 762; x_wconf 85' lang='lat' dir='ltr'>tempusque</span> <span class='ocrx_word' id='word_1_43' title='bbox 391 696 592 761; x_wconf 83' lang='lat' dir='ltr'>aucupentur,</span> <span class='ocrx_word' id='word_1_44' title='bbox 616 695 663 760; x_wconf 89' lang='lat' dir='ltr'>ut,</span> <span class='ocrx_word' id='word_1_45' title='bbox 687 688 775 746; x_wconf 91' lang='lat' dir='ltr'>simul</span> <span class='ocrx_word' id='word_1_46' title='bbox 795 697 885 762; x_wconf 88' lang='lat' dir='ltr'>atque</span> <span class='ocrx_word' id='word_1_47' title='bbox 901 688 952 748; x_wconf 90' lang='lat' dir='ltr'>ille</span> <span class='ocrx_word' id='word_1_48' title='bbox 972 691 1122 764; x_wconf 86' lang='lat' dir='ltr'>despexe-</span> 
     </span>
     <span class='ocr_line' id='line_1_7' title="bbox 42 762 1121 846; baseline 0.006 -20"><span class='ocrx_word' id='word_1_49' title='bbox 42 781 56 819; x_wconf 55' lang='lat'>2,-</span> <span class='ocrx_word' id='word_1_50' title='bbox 115 765 155 842; x_wconf 83' lang='lat' dir='ltr'>n&#39;t,</span> <span class='ocrx_word' id='word_1_51' title='bbox 165 762 277 844; x_wconf 86' lang='lat' dir='ltr'>aliquid</span> <span class='ocrx_word' id='word_1_52' title='bbox 286 769 414 829; x_wconf 90' lang='lat' dir='ltr'>huiusce</span> <span class='ocrx_word' id='word_1_53' title='bbox 426 768 509 828; x_wconf 93' lang='lat' dir='ltr'>modi</span> <span class='ocrx_word' id='word_1_54' title='bbox 520 769 690 829; x_wconf 83' lang='lat' dir='ltr'>moliantur.</span> <span class='ocrx_word' id='word_1_55' title='bbox 701 770 767 828; x_wconf 91' lang='lat' dir='ltr'>Huc</span> <span class='ocrx_word' id='word_1_56' title='bbox 778 771 1004 846; x_wconf 90' lang='lat' dir='ltr'>accedit,quod</span> <span class='ocrx_word' id='word_1_57' title='bbox 1018 790 1121 846; x_wconf 90' lang='lat' dir='ltr'>quam-</span> 
     </span>
     <span class='ocr_line' id='line_1_8' title="bbox 42 849 1119 924; baseline 0.009 -17"><span class='ocrx_word' id='word_1_58' title='bbox 42 860 54 898; x_wconf 51' lang='grc' dir='ltr'>ἰ*</span> <span class='ocrx_word' id='word_1_59' title='bbox 113 850 210 912; x_wconf 90' lang='lat' dir='ltr'>visille</span> <span class='ocrx_word' id='word_1_60' title='bbox 225 854 298 911; x_wconf 85' lang='lat' dir='ltr'>lelix</span> <span class='ocrx_word' id='word_1_61' title='bbox 321 852 373 924; x_wconf 88' lang='lat' dir='ltr'>sit,</span> <span class='ocrx_word' id='word_1_62' title='bbox 396 849 476 911; x_wconf 88' lang='lat' dir='ltr'>sicut</span> <span class='ocrx_word' id='word_1_63' title='bbox 496 861 556 923; x_wconf 90' lang='lat' dir='ltr'>est,</span> <span class='ocrx_word' id='word_1_64' title='bbox 580 860 679 912; x_wconf 90' lang='lat' dir='ltr'>tamen</span> <span class='ocrx_word' id='word_1_65' title='bbox 703 852 735 910; x_wconf 92' lang='lat' dir='ltr'>in</span> <span class='ocrx_word' id='word_1_66' title='bbox 758 859 840 911; x_wconf 88' lang='lat' dir='ltr'>tanta</span> <span class='ocrx_word' id='word_1_67' title='bbox 865 853 1005 913; x_wconf 82' lang='lat' dir='ltr'>felicitate</span> <span class='ocrx_word' id='word_1_68' title='bbox 1030 871 1119 917; x_wconf 88' lang='lat' dir='ltr'>nemo</span> 
     </span>
     <span class='ocr_line' id='line_1_9' title="bbox 42 933 1119 1008; baseline 0.004 -14"><span class='ocrx_word' id='word_1_69' title='bbox 42 943 50 981; x_wconf 69' lang='lat' dir='ltr'>t</span> <span class='ocrx_word' id='word_1_70' title='bbox 107 942 199 1007; x_wconf 88' lang='lat' dir='ltr'>potest</span> <span class='ocrx_word' id='word_1_71' title='bbox 220 951 307 1005; x_wconf 88' lang='lat' dir='ltr'>esse,</span> <span class='ocrx_word' id='word_1_72' title='bbox 338 936 368 993; x_wconf 92' lang='lat' dir='ltr'>in</span> <span class='ocrx_word' id='word_1_73' title='bbox 391 950 502 1008; x_wconf 87' lang='lat' dir='ltr'>magna</span> <span class='ocrx_word' id='word_1_74' title='bbox 524 934 636 993; x_wconf 90' lang='lat' dir='ltr'>familia</span> <span class='ocrx_word' id='word_1_75' title='bbox 651 933 703 1008; x_wconf 92' lang='lat' dir='ltr'>qui</span> <span class='ocrx_word' id='word_1_76' title='bbox 718 933 869 994; x_wconf 91' lang='lat' dir='ltr'>neminem</span> <span class='ocrx_word' id='word_1_77' title='bbox 883 951 983 1008; x_wconf 92' lang='lat' dir='ltr'>neque</span> <span class='ocrx_word' id='word_1_78' title='bbox 999 952 1119 999; x_wconf 92' lang='lat' dir='ltr'>servum</span> 
     </span>
     <span class='ocr_line' id='line_1_10' title="bbox 42 1016 1146 1092; baseline 0.005 -17"><span class='ocrx_word' id='word_1_79' title='bbox 42 1027 46 1064; x_wconf 83' lang='grc'>’-</span> <span class='ocrx_word' id='word_1_80' title='bbox 105 1032 197 1092; x_wconf 86' lang='lat' dir='ltr'>neque</span> <span class='ocrx_word' id='word_1_81' title='bbox 219 1016 359 1076; x_wconf 88' lang='lat' dir='ltr'>libertum</span> <span class='ocrx_word' id='word_1_82' title='bbox 374 1017 544 1090; x_wconf 91' lang='lat' dir='ltr'>improbum</span> <span class='ocrx_word' id='word_1_83' title='bbox 558 1017 677 1078; x_wconf 86' lang='lat' dir='ltr'>habeat.</span> <span class='ocrx_word' id='word_1_84' title='bbox 720 1016 769 1077; x_wconf 76' lang='lat'>23.</span> <span class='ocrx_word' id='word_1_85' title='bbox 788 1017 915 1092; x_wconf 86' lang='lat' dir='ltr'>¹Interea</span> <span class='ocrx_word' id='word_1_86' title='bbox 935 1017 992 1076; x_wconf 92' lang='lat' dir='ltr'>iste</span> <span class='ocrx_word' id='word_1_87' title='bbox 1012 1020 1043 1076; x_wconf 88' lang='grc' dir='ltr'>Τ.</span> <span class='ocrx_word' id='word_1_88' title='bbox 1059 1021 1146 1092; x_wconf 61' lang='lat' dir='ltr'>Ro,</span> 
     </span>
     <span class='ocr_line' id='line_1_11' title="bbox 66 1098 1118 1177; baseline -0.002 -17"><span class='ocrx_word' id='word_1_89' title='bbox 66 1112 69 1116; x_wconf 85' lang='lat'>&#39;</span> <span class='ocrx_word' id='word_1_90' title='bbox 103 1099 193 1170; x_wconf 79' lang='lat' dir='ltr'>sciuS,</span> <span class='ocrx_word' id='word_1_91' title='bbox 211 1098 258 1157; x_wconf 91' lang='lat' dir='ltr'>vir</span> <span class='ocrx_word' id='word_1_92' title='bbox 275 1100 422 1172; x_wconf 91' lang='lat' dir='ltr'>optimus,</span> <span class='ocrx_word' id='word_1_93' title='bbox 438 1107 618 1172; x_wconf 88' lang='lat' dir='ltr'>procurator</span> <span class='ocrx_word' id='word_1_94' title='bbox 633 1100 840 1177; x_wconf 81' lang='lat' dir='ltr'>Chrysogoni,</span> <span class='ocrx_word' id='word_1_95' title='bbox 855 1099 1007 1160; x_wconf 82' lang='lat' dir='ltr'>Ameriam</span> <span class='ocrx_word' id='word_1_96' title='bbox 1021 1101 1118 1162; x_wconf 77' lang='lat' dir='ltr'>venit:</span> 
     </span>
     <span class='ocr_line' id='line_1_12' title="bbox 100 1179 1118 1259; baseline 0.004 -19"><span class='ocrx_word' id='word_1_97' title='bbox 100 1181 128 1240; x_wconf 93' lang='lat' dir='ltr'>in</span> <span class='ocrx_word' id='word_1_98' title='bbox 141 1182 266 1256; x_wconf 86' lang='lat' dir='ltr'>praedia</span> <span class='ocrx_word' id='word_1_99' title='bbox 279 1180 369 1239; x_wconf 89' lang='lat' dir='ltr'>huius</span> <span class='ocrx_word' id='word_1_100' title='bbox 380 1179 509 1239; x_wconf 84' lang='lat' dir='ltr'>invadit:</span> <span class='ocrx_word' id='word_1_101' title='bbox 524 1180 603 1239; x_wconf 90' lang='lat' dir='ltr'>hunc</span> <span class='ocrx_word' id='word_1_102' title='bbox 617 1182 777 1256; x_wconf 88' lang='lat' dir='ltr'>miserum,</span> <span class='ocrx_word' id='word_1_103' title='bbox 790 1185 873 1243; x_wconf 87' lang='lat' dir='ltr'>luctu</span> <span class='ocrx_word' id='word_1_104' title='bbox 888 1182 1051 1257; x_wconf 91' lang='lat' dir='ltr'>perditum,</span> <span class='ocrx_word' id='word_1_105' title='bbox 1067 1185 1118 1259; x_wconf 91' lang='lat' dir='ltr'>qui</span> 
     </span>
     <span class='ocr_line' id='line_1_13' title="bbox 99 1261 1119 1339; baseline 0.005 -17"><span class='ocrx_word' id='word_1_106' title='bbox 99 1264 230 1325; x_wconf 91' lang='lat' dir='ltr'>nondum</span> <span class='ocrx_word' id='word_1_107' title='bbox 245 1263 336 1322; x_wconf 89' lang='lat' dir='ltr'>etiam</span> <span class='ocrx_word' id='word_1_108' title='bbox 350 1261 454 1320; x_wconf 86' lang='lat' dir='ltr'>brunia</span> <span class='ocrx_word' id='word_1_109' title='bbox 469 1270 595 1336; x_wconf 88' lang='lat' dir='ltr'>paterno</span> <span class='ocrx_word' id='word_1_110' title='bbox 613 1264 711 1324; x_wconf 88' lang='lat' dir='ltr'>luneri</span> <span class='ocrx_word' id='word_1_111' title='bbox 730 1264 810 1325; x_wconf 85' lang='lat' dir='ltr'>iusta</span> <span class='ocrx_word' id='word_1_112' title='bbox 825 1265 984 1339; x_wconf 86' lang='lat' dir='ltr'>solvisset,</span> <span class='ocrx_word' id='word_1_113' title='bbox 1005 1267 1119 1327; x_wconf 91' lang='lat' dir='ltr'>nudum</span> 
     </span>
     <span class='ocr_line' id='line_1_14' title="bbox 96 1345 1117 1424; baseline 0.001 -17"><span class='ocrx_word' id='word_1_114' title='bbox 96 1346 175 1407; x_wconf 90' lang='lat' dir='ltr'>eiicit</span> <span class='ocrx_word' id='word_1_115' title='bbox 202 1346 294 1404; x_wconf 92' lang='lat' dir='ltr'>domo</span> <span class='ocrx_word' id='word_1_116' title='bbox 316 1351 408 1418; x_wconf 86' lang='lat' dir='ltr'>utque</span> <span class='ocrx_word' id='word_1_117' title='bbox 432 1345 509 1415; x_wconf 89' lang='lat' dir='ltr'>locis</span> <span class='ocrx_word' id='word_1_118' title='bbox 530 1345 634 1419; x_wconf 86' lang='lat' dir='ltr'>patriis</span> <span class='ocrx_word' id='word_1_119' title='bbox 659 1347 768 1422; x_wconf 88' lang='lat' dir='ltr'>disque</span> <span class='ocrx_word' id='word_1_120' title='bbox 788 1348 948 1423; x_wconf 88' lang='lat' dir='ltr'>penalibus</span> <span class='ocrx_word' id='word_1_121' title='bbox 969 1349 1117 1424; x_wconf 85' lang='lat' dir='ltr'>praecipi·</span> 
     </span>
     <span class='ocr_line' id='line_1_15' title="bbox 92 1427 1117 1504; baseline -0.001 -14"><span class='ocrx_word' id='word_1_122' title='bbox 92 1439 170 1503; x_wconf 90' lang='lat' dir='ltr'>tem,</span> <span class='ocrx_word' id='word_1_123' title='bbox 185 1428 320 1500; x_wconf 91' lang='lat' dir='ltr'>iudices,</span> <span class='ocrx_word' id='word_1_124' title='bbox 338 1427 490 1487; x_wconf 75' lang='lat' dir='ltr'>exturbatt</span> <span class='ocrx_word' id='word_1_125' title='bbox 510 1427 579 1501; x_wconf 92' lang='lat' dir='ltr'>ipse</span> <span class='ocrx_word' id='word_1_126' title='bbox 592 1429 797 1504; x_wconf 86' lang='lat' dir='ltr'>amplissimae</span> <span class='ocrx_word' id='word_1_127' title='bbox 812 1432 960 1504; x_wconf 88' lang='lat' dir='ltr'>pecuniae</span> <span class='ocrx_word' id='word_1_128' title='bbox 975 1432 1008 1491; x_wconf 87' lang='lat' dir='ltr'>tit</span> <span class='ocrx_word' id='word_1_129' title='bbox 1022 1430 1117 1490; x_wconf 90' lang='lat' dir='ltr'>domi-</span> 
     </span>
     <span class='ocr_line' id='line_1_16' title="bbox 93 1509 1117 1587; baseline 0.001 -15"><span class='ocrx_word' id='word_1_130' title='bbox 93 1529 162 1573; x_wconf 91' lang='lat' dir='ltr'>nus.</span> <span class='ocrx_word' id='word_1_131' title='bbox 190 1510 247 1584; x_wconf 77' lang='lat' dir='ltr'>Qui</span> <span class='ocrx_word' id='word_1_132' title='bbox 261 1509 293 1570; x_wconf 90' lang='lat' dir='ltr'>in</span> <span class='ocrx_word' id='word_1_133' title='bbox 305 1525 362 1568; x_wconf 89' lang='lat' dir='ltr'>sua</span> <span class='ocrx_word' id='word_1_134' title='bbox 375 1526 408 1569; x_wconf 86' lang='lat' dir='ltr'>re</span> <span class='ocrx_word' id='word_1_135' title='bbox 420 1510 528 1570; x_wconf 82' lang='lat' dir='ltr'>luisset</span> <span class='ocrx_word' id='word_1_136' title='bbox 540 1510 769 1587; x_wconf 85' lang='lat' dir='ltr'>egentissimus,</span> <span class='ocrx_word' id='word_1_137' title='bbox 786 1522 862 1587; x_wconf 91' lang='lat' dir='ltr'>erat,</span> <span class='ocrx_word' id='word_1_138' title='bbox 876 1523 909 1574; x_wconf 91' lang='lat' dir='ltr'>ut</span> <span class='ocrx_word' id='word_1_139' title='bbox 919 1514 966 1584; x_wconf 84' lang='lat' dir='ltr'>tit,</span> <span class='ocrx_word' id='word_1_140' title='bbox 981 1513 1117 1573; x_wconf 91' lang='lat' dir='ltr'>insolens</span> 
     </span>
     <span class='ocr_line' id='line_1_17' title="bbox 90 1593 1116 1669; baseline 0 -15"><span class='ocrx_word' id='word_1_141' title='bbox 90 1595 122 1655; x_wconf 90' lang='lat' dir='ltr'>in</span> <span class='ocrx_word' id='word_1_142' title='bbox 137 1593 248 1653; x_wconf 86' lang='lat' dir='ltr'>aliena.</span> <span class='ocrx_word' id='word_1_143' title='bbox 281 1593 375 1652; x_wconf 87' lang='lat' dir='ltr'>Multa</span> <span class='ocrx_word' id='word_1_144' title='bbox 392 1594 493 1666; x_wconf 86' lang='lat' dir='ltr'>palam</span> <span class='ocrx_word' id='word_1_145' title='bbox 513 1593 637 1653; x_wconf 93' lang='lat' dir='ltr'>domum</span> <span class='ocrx_word' id='word_1_146' title='bbox 650 1611 736 1655; x_wconf 89' lang='lat' dir='ltr'>suam</span> <span class='ocrx_word' id='word_1_147' title='bbox 754 1597 923 1665; x_wconf 81' lang='lat' dir='ltr'>auferebat,</span> <span class='ocrx_word' id='word_1_148' title='bbox 941 1597 1026 1669; x_wconf 84' lang='lat' dir='ltr'>plura</span> <span class='ocrx_word' id='word_1_149' title='bbox 1041 1597 1116 1655; x_wconf 89' lang='lat' dir='ltr'>clam</span> 
     </span>
     <span class='ocr_line' id='line_1_18' title="bbox 92 1676 1115 1751; baseline -0.001 -13"><span class='ocrx_word' id='word_1_150' title='bbox 92 1677 249 1738; x_wconf 88' lang='lat' dir='ltr'>demedio</span> <span class='ocrx_word' id='word_1_151' title='bbox 264 1676 454 1735; x_wconf 80' lang='lat' dir='ltr'>removebat:</span> <span class='ocrx_word' id='word_1_152' title='bbox 469 1691 529 1736; x_wconf 92' lang='lat' dir='ltr'>nou</span> <span class='ocrx_word' id='word_1_153' title='bbox 546 1692 645 1750; x_wconf 89' lang='lat' dir='ltr'>pauca</span> <span class='ocrx_word' id='word_1_154' title='bbox 659 1677 724 1738; x_wconf 89' lang='lat' dir='ltr'>suis</span> <span class='ocrx_word' id='word_1_155' title='bbox 740 1677 927 1736; x_wconf 88' lang='lat' dir='ltr'>adiutoribus</span> <span class='ocrx_word' id='word_1_156' title='bbox 942 1679 1024 1751; x_wconf 83' lang='lat' dir='ltr'>large</span> <span class='ocrx_word' id='word_1_157' title='bbox 1041 1678 1115 1737; x_wconf 81' lang='lat' dir='ltr'>effu-</span> 
     </span>
     <span class='ocr_line' id='line_1_19' title="bbox 91 1757 1116 1835; baseline -0.003 -14"><span class='ocrx_word' id='word_1_158' title='bbox 91 1777 192 1835; x_wconf 84' lang='lat' dir='ltr'>seque</span> <span class='ocrx_word' id='word_1_159' title='bbox 215 1759 361 1818; x_wconf 86' lang='lat' dir='ltr'>donabat=</span> <span class='ocrx_word' id='word_1_160' title='bbox 382 1757 502 1831; x_wconf 91' lang='lat' dir='ltr'>reliqua</span> <span class='ocrx_word' id='word_1_161' title='bbox 520 1758 684 1819; x_wconf 86' lang='lat' dir='ltr'>constituta</span> <span class='ocrx_word' id='word_1_162' title='bbox 706 1759 846 1818; x_wconf 82' lang='lat' dir='ltr'>auctione</span> <span class='ocrx_word' id='word_1_163' title='bbox 866 1759 1028 1818; x_wconf 85' lang='lat' dir='ltr'>vendebat.</span> <span class='ocrx_word' id='word_1_164' title='bbox 1067 1760 1116 1818; x_wconf 84' lang='lat' dir='ltr'>IX.</span> 
     </span>
     <span class='ocr_line' id='line_1_20' title="bbox 89 1840 1116 1915; baseline -0.004 -10"><span class='ocrx_word' id='word_1_165' title='bbox 89 1842 143 1906; x_wconf 72' lang='lat'>24.</span> <span class='ocrx_word' id='word_1_166' title='bbox 167 1842 257 1915; x_wconf 81' lang='lat' dir='ltr'>Quod</span> <span class='ocrx_word' id='word_1_167' title='bbox 269 1840 421 1900; x_wconf 84' lang='lat' dir='ltr'>Amerinis</span> <span class='ocrx_word' id='word_1_168' title='bbox 441 1855 543 1913; x_wconf 88' lang='lat' dir='ltr'>usque</span> <span class='ocrx_word' id='word_1_169' title='bbox 563 1856 601 1899; x_wconf 90' lang='lat' dir='ltr'>eo</span> <span class='ocrx_word' id='word_1_170' title='bbox 618 1840 719 1899; x_wconf 92' lang='lat' dir='ltr'>visum</span> <span class='ocrx_word' id='word_1_171' title='bbox 740 1849 787 1899; x_wconf 89' lang='lat' dir='ltr'>est</span> <span class='ocrx_word' id='word_1_172' title='bbox 801 1840 973 1913; x_wconf 87' lang='lat' dir='ltr'>indignum,</span> <span class='ocrx_word' id='word_1_173' title='bbox 992 1848 1025 1900; x_wconf 89' lang='lat' dir='ltr'>ut</span> <span class='ocrx_word' id='word_1_174' title='bbox 1042 1841 1116 1901; x_wconf 90' lang='lat' dir='ltr'>urbe</span> 
     </span>
     <span class='ocr_line' id='line_1_21' title="bbox 89 1922 1115 1998; baseline -0.004 -11"><span class='ocrx_word' id='word_1_175' title='bbox 89 1934 158 1988; x_wconf 87' lang='lat' dir='ltr'>tota</span> <span class='ocrx_word' id='word_1_176' title='bbox 167 1925 259 1984; x_wconf 90' lang='lat' dir='ltr'>fletus</span> <span class='ocrx_word' id='word_1_177' title='bbox 276 1924 468 1998; x_wconf 82' lang='lat' dir='ltr'>gemitusque</span> <span class='ocrx_word' id='word_1_178' title='bbox 479 1922 576 1983; x_wconf 88' lang='lat' dir='ltr'>fieret.</span> <span class='ocrx_word' id='word_1_179' title='bbox 597 1922 713 1983; x_wconf 85' lang='lat' dir='ltr'>Etenim</span> <span class='ocrx_word' id='word_1_180' title='bbox 729 1924 820 1983; x_wconf 89' lang='lat' dir='ltr'>multa</span> <span class='ocrx_word' id='word_1_181' title='bbox 832 1924 919 1983; x_wconf 91' lang='lat' dir='ltr'>simul</span> <span class='ocrx_word' id='word_1_182' title='bbox 931 1925 1115 1984; x_wconf 87' lang='lat' dir='ltr'>anteoeulos</span> 
     </span>
     <span class='ocr_line' id='line_1_22' title="bbox 89 2003 1115 2070; baseline -0.001 -2"><span class='ocrx_word' id='word_1_183' title='bbox 89 2009 309 2070; x_wconf 85' lang='lat' dir='ltr'>versabantur:</span> <span class='ocrx_word' id='word_1_184' title='bbox 334 2023 417 2066; x_wconf 90' lang='lat' dir='ltr'>mors</span> <span class='ocrx_word' id='word_1_185' title='bbox 431 2003 563 2065; x_wconf 90' lang='lat' dir='ltr'>hominis</span> <span class='ocrx_word' id='word_1_186' title='bbox 578 2004 783 2067; x_wconf 86' lang='lat' dir='ltr'>florentissimi</span> <span class='ocrx_word' id='word_1_187' title='bbox 798 2006 869 2066; x_wconf 88' lang='lat' dir='ltr'>Sex.</span> <span class='ocrx_word' id='word_1_188' title='bbox 888 2005 992 2066; x_wconf 89' lang='lat' dir='ltr'>Roscii</span> <span class='ocrx_word' id='word_1_189' title='bbox 1001 2008 1115 2067; x_wconf 85' lang='lat' dir='ltr'>crude-</span> 
     </span>
     <span class='ocr_line' id='line_1_23' title="bbox 91 2088 1114 2164; baseline -0.004 -11"><span class='ocrx_word' id='word_1_190' title='bbox 91 2092 226 2160; x_wconf 88' lang='lat' dir='ltr'>lissima,</span> <span class='ocrx_word' id='word_1_191' title='bbox 248 2090 303 2149; x_wconf 87' lang='lat' dir='ltr'>filii</span> <span class='ocrx_word' id='word_1_192' title='bbox 324 2097 425 2149; x_wconf 86' lang='lat' dir='ltr'>autem</span> <span class='ocrx_word' id='word_1_193' title='bbox 445 2088 512 2150; x_wconf 88' lang='lat' dir='ltr'>eius</span> <span class='ocrx_word' id='word_1_194' title='bbox 534 2098 655 2164; x_wconf 84' lang='lat' dir='ltr'>egestas</span> <span class='ocrx_word' id='word_1_195' title='bbox 670 2089 893 2164; x_wconf 85' lang='lat' dir='ltr'>indignissima,</span> <span class='ocrx_word' id='word_1_196' title='bbox 914 2088 962 2149; x_wconf 90' lang='lat' dir='ltr'>eui</span> <span class='ocrx_word' id='word_1_197' title='bbox 981 2091 1114 2149; x_wconf 80' lang='lat' dir='ltr'>detento</span> 
     </span>
     <span class='ocr_line' id='line_1_24' title="bbox 91 2172 1115 2251; baseline -0.002 -17"><span class='ocrx_word' id='word_1_198' title='bbox 91 2172 275 2251; x_wconf 80' lang='lat' dir='ltr'>patrimonio</span> <span class='ocrx_word' id='word_1_199' title='bbox 291 2174 405 2247; x_wconf 88' lang='lat' dir='ltr'>praedo</span> <span class='ocrx_word' id='word_1_200' title='bbox 418 2173 476 2232; x_wconf 90' lang='lat' dir='ltr'>iste</span> <span class='ocrx_word' id='word_1_201' title='bbox 488 2173 622 2232; x_wconf 82' lang='lat' dir='ltr'>nefarius</span> <span class='ocrx_word' id='word_1_202' title='bbox 638 2188 676 2231; x_wconf 93' lang='lat' dir='ltr'>ne</span> <span class='ocrx_word' id='word_1_203' title='bbox 690 2172 746 2233; x_wconf 90' lang='lat' dir='ltr'>iter</span> <span class='ocrx_word' id='word_1_204' title='bbox 757 2175 878 2247; x_wconf 92' lang='lat' dir='ltr'>quidem</span> <span class='ocrx_word' id='word_1_205' title='bbox 891 2173 929 2232; x_wconf 87' lang='lat' dir='ltr'>ad</span> <span class='ocrx_word' id='word_1_206' title='bbox 942 2174 1115 2246; x_wconf 88' lang='lat' dir='ltr'>sepulcrum</span> 
     </span>
     <span class='ocr_line' id='line_1_25' title="bbox 91 2253 1115 2333; baseline -0.004 -16"><span class='ocrx_word' id='word_1_207' title='bbox 91 2256 224 2333; x_wconf 82' lang='lat' dir='ltr'>patrium</span> <span class='ocrx_word' id='word_1_208' title='bbox 246 2255 435 2330; x_wconf 88' lang='lat' dir='ltr'>reliquisset,</span> <span class='ocrx_word' id='word_1_209' title='bbox 455 2257 606 2316; x_wconf 86' lang='lat' dir='ltr'>bonorum</span> <span class='ocrx_word' id='word_1_210' title='bbox 627 2257 738 2331; x_wconf 90' lang='lat' dir='ltr'>emptio</span> <span class='ocrx_word' id='word_1_211' title='bbox 754 2255 923 2329; x_wconf 79' lang='lat' dir='ltr'>flagitiosa,</span> <span class='ocrx_word' id='word_1_212' title='bbox 945 2253 1115 2327; x_wconf 89' lang='lat' dir='ltr'>possessio,</span> 
     </span>
     <span class='ocr_line' id='line_1_26' title="bbox 91 2335 1116 2413; baseline -0.006 -13"><span class='ocrx_word' id='word_1_213' title='bbox 91 2342 186 2412; x_wconf 81' lang='lat' dir='ltr'>turta,</span> <span class='ocrx_word' id='word_1_214' title='bbox 200 2338 341 2412; x_wconf 87' lang='lat' dir='ltr'>rapinae,</span> <span class='ocrx_word' id='word_1_215' title='bbox 356 2338 546 2399; x_wconf 87' lang='lat' dir='ltr'>donationes.</span> <span class='ocrx_word' id='word_1_216' title='bbox 571 2339 664 2398; x_wconf 89' lang='lat' dir='ltr'>Nemo</span> <span class='ocrx_word' id='word_1_217' title='bbox 680 2348 744 2399; x_wconf 87' lang='lat' dir='ltr'>erut</span> <span class='ocrx_word' id='word_1_218' title='bbox 755 2339 807 2413; x_wconf 91' lang='lat' dir='ltr'>qui</span> <span class='ocrx_word' id='word_1_219' title='bbox 822 2354 883 2396; x_wconf 93' lang='lat' dir='ltr'>non</span> <span class='ocrx_word' id='word_1_220' title='bbox 893 2338 1000 2396; x_wconf 87' lang='lat' dir='ltr'>ardere</span> <span class='ocrx_word' id='word_1_221' title='bbox 1016 2335 1116 2397; x_wconf 83' lang='lat' dir='ltr'>omnia</span> 
     </span>
     <span class='ocr_line' id='line_1_27' title="bbox 90 2419 1114 2497; baseline -0.005 -15"><span class='ocrx_word' id='word_1_222' title='bbox 90 2424 197 2484; x_wconf 84' lang='lat' dir='ltr'>mallet</span> <span class='ocrx_word' id='word_1_223' title='bbox 216 2438 307 2497; x_wconf 89' lang='lat' dir='ltr'>quam</span> <span class='ocrx_word' id='word_1_224' title='bbox 327 2421 432 2481; x_wconf 91' lang='lat' dir='ltr'>videre</span> <span class='ocrx_word' id='word_1_225' title='bbox 452 2422 483 2480; x_wconf 90' lang='lat' dir='ltr'>in</span> <span class='ocrx_word' id='word_1_226' title='bbox 507 2421 579 2480; x_wconf 89' lang='lat' dir='ltr'>Sex.</span> <span class='ocrx_word' id='word_1_227' title='bbox 596 2422 700 2482; x_wconf 84' lang='lat' dir='ltr'>Roscii</span> <span class='ocrx_word' id='word_1_228' title='bbox 718 2421 776 2480; x_wconf 92' lang='lat' dir='ltr'>viri</span> <span class='ocrx_word' id='word_1_229' title='bbox 797 2419 901 2494; x_wconf 89' lang='lat' dir='ltr'>optimi</span> <span class='ocrx_word' id='word_1_230' title='bbox 918 2427 1008 2492; x_wconf 87' lang='lat' dir='ltr'>atque</span> <span class='ocrx_word' id='word_1_231' title='bbox 1022 2419 1114 2479; x_wconf 90' lang='lat' dir='ltr'>hone-</span> 
     </span>
     <span class='ocr_line' id='line_1_28' title="bbox 90 2498 1114 2566; baseline -0.009 0"><span class='ocrx_word' id='word_1_232' title='bbox 90 2504 220 2566; x_wconf 83' lang='lat' dir='ltr'>stissimi</span> <span class='ocrx_word' id='word_1_233' title='bbox 234 2503 324 2564; x_wconf 91' lang='lat' dir='ltr'>bonis</span> <span class='ocrx_word' id='word_1_234' title='bbox 337 2504 498 2565; x_wconf 82' lang='lat' dir='ltr'>iactantem</span> <span class='ocrx_word' id='word_1_235' title='bbox 515 2521 549 2564; x_wconf 90' lang='lat' dir='ltr'>se</span> <span class='ocrx_word' id='word_1_236' title='bbox 563 2521 599 2564; x_wconf 90' lang='lat' dir='ltr'>ac</span> <span class='ocrx_word' id='word_1_237' title='bbox 615 2505 817 2565; x_wconf 86' lang='lat' dir='ltr'>dominantem</span> <span class='ocrx_word' id='word_1_238' title='bbox 831 2503 861 2561; x_wconf 86' lang='lat' dir='ltr'>T.</span> <span class='ocrx_word' id='word_1_239' title='bbox 879 2502 1032 2562; x_wconf 87' lang='lat' dir='ltr'>Roscium.</span> <span class='ocrx_word' id='word_1_240' title='bbox 1064 2498 1114 2562; x_wconf 73' lang='lat'>25.</span> 
     </span>
     <span class='ocr_line' id='line_1_29' title="bbox 89 2583 1114 2662; baseline -0.004 -15"><span class='ocrx_word' id='word_1_241' title='bbox 89 2589 198 2662; x_wconf 88' lang='lat' dir='ltr'>ltaque</span> <span class='ocrx_word' id='word_1_242' title='bbox 211 2587 412 2647; x_wconf 80' lang='lat' dir='ltr'>decurionum</span> <span class='ocrx_word' id='word_1_243' title='bbox 425 2588 580 2647; x_wconf 89' lang='lat' dir='ltr'>decretum</span> <span class='ocrx_word' id='word_1_244' title='bbox 596 2588 692 2648; x_wconf 85' lang='lat' dir='ltr'>stetim</span> <span class='ocrx_word' id='word_1_245' title='bbox 707 2586 757 2660; x_wconf 83' lang='lat' dir='ltr'>m,</span> <span class='ocrx_word' id='word_1_246' title='bbox 778 2593 811 2646; x_wconf 87' lang='lat' dir='ltr'>ut</span> <span class='ocrx_word' id='word_1_247' title='bbox 825 2586 931 2645; x_wconf 87' lang='lat' dir='ltr'>decem</span> <span class='ocrx_word' id='word_1_248' title='bbox 943 2583 1031 2659; x_wconf 90' lang='lat' dir='ltr'>primi</span> <span class='ocrx_word' id='word_1_249' title='bbox 1044 2599 1114 2659; x_wconf 91' lang='lat' dir='ltr'>pro-</span> 
     </span>
     <span class='ocr_line' id='line_1_30' title="bbox 89 2667 1114 2746; baseline -0.006 -15"><span class='ocrx_word' id='word_1_250' title='bbox 89 2671 269 2732; x_wconf 86' lang='lat' dir='ltr'>sseiseautur</span> <span class='ocrx_word' id='word_1_251' title='bbox 288 2670 327 2729; x_wconf 87' lang='lat' dir='ltr'>ad</span> <span class='ocrx_word' id='word_1_252' title='bbox 347 2669 381 2728; x_wconf 90' lang='lat' dir='ltr'>L.</span> <span class='ocrx_word' id='word_1_253' title='bbox 396 2669 509 2730; x_wconf 80' lang='lat' dir='ltr'>Sullam</span> <span class='ocrx_word' id='word_1_254' title='bbox 523 2671 716 2746; x_wconf 85' lang='lat' dir='ltr'>doceantque</span> <span class='ocrx_word' id='word_1_255' title='bbox 738 2686 807 2730; x_wconf 91' lang='lat' dir='ltr'>eum</span> <span class='ocrx_word' id='word_1_256' title='bbox 833 2668 885 2742; x_wconf 92' lang='lat' dir='ltr'>qui</span> <span class='ocrx_word' id='word_1_257' title='bbox 906 2667 953 2727; x_wconf 91' lang='lat' dir='ltr'>vir</span> <span class='ocrx_word' id='word_1_258' title='bbox 967 2667 1039 2727; x_wconf 84' lang='lat' dir='ltr'>Sex.</span> <span class='ocrx_word' id='word_1_259' title='bbox 1053 2668 1114 2726; x_wconf 89' lang='lat' dir='ltr'>Ro·</span> 
     </span>
     <span class='ocr_line' id='line_1_31' title="bbox 89 2747 1113 2827; baseline -0.011 -12"><span class='ocrx_word' id='word_1_260' title='bbox 89 2752 176 2815; x_wconf 81' lang='lat' dir='ltr'>seius</span> <span class='ocrx_word' id='word_1_261' title='bbox 200 2752 307 2813; x_wconf 68' lang='lat' dir='ltr'>lueritz</span> <span class='ocrx_word' id='word_1_262' title='bbox 329 2761 554 2827; x_wconf 88' lang='lat' dir='ltr'>conquerantur</span> <span class='ocrx_word' id='word_1_263' title='bbox 578 2754 617 2813; x_wconf 90' lang='lat' dir='ltr'>de</span> <span class='ocrx_word' id='word_1_264' title='bbox 638 2753 764 2815; x_wconf 87' lang='lat' dir='ltr'>istorum</span> <span class='ocrx_word' id='word_1_265' title='bbox 791 2754 906 2812; x_wconf 89' lang='lat' dir='ltr'>scelere</span> <span class='ocrx_word' id='word_1_266' title='bbox 930 2759 960 2810; x_wconf 88' lang='lat' dir='ltr'>et</span> <span class='ocrx_word' id='word_1_267' title='bbox 984 2747 1113 2808; x_wconf 74' lang='lat' dir='ltr'>iniuriis:</span> 
     </span>
     <span class='ocr_line' id='line_1_32' title="bbox 88 2833 1114 2898; baseline -0.009 0"><span class='ocrx_word' id='word_1_268' title='bbox 88 2845 179 2898; x_wconf 87' lang='lat' dir='ltr'>orent</span> <span class='ocrx_word' id='word_1_269' title='bbox 197 2844 231 2896; x_wconf 90' lang='lat' dir='ltr'>ut</span> <span class='ocrx_word' id='word_1_270' title='bbox 249 2843 281 2896; x_wconf 89' lang='lat' dir='ltr'>et</span> <span class='ocrx_word' id='word_1_271' title='bbox 301 2835 382 2895; x_wconf 90' lang='lat' dir='ltr'>illius</span> <span class='ocrx_word' id='word_1_272' title='bbox 403 2836 512 2896; x_wconf 91' lang='lat' dir='ltr'>mortui</span> <span class='ocrx_word' id='word_1_273' title='bbox 532 2838 641 2896; x_wconf 89' lang='lat' dir='ltr'>lamam</span> <span class='ocrx_word' id='word_1_274' title='bbox 660 2846 692 2896; x_wconf 89' lang='lat' dir='ltr'>et</span> <span class='ocrx_word' id='word_1_275' title='bbox 712 2835 765 2895; x_wconf 85' lang='lat' dir='ltr'>lilii</span> <span class='ocrx_word' id='word_1_276' title='bbox 785 2834 956 2895; x_wconf 86' lang='lat' dir='ltr'>innocentis</span> <span class='ocrx_word' id='word_1_277' title='bbox 978 2833 1114 2890; x_wconf 82' lang='lat' dir='ltr'>fortunas</span> 
     </span>
     <span class='ocr_line' id='line_1_33' title="bbox 86 2919 1114 2994; baseline -0.008 -14"><span class='ocrx_word' id='word_1_278' title='bbox 86 2927 292 2980; x_wconf 82' lang='lat' dir='ltr'>conservatus</span> <span class='ocrx_word' id='word_1_279' title='bbox 306 2919 388 2977; x_wconf 86' lang='lat' dir='ltr'>velit.</span> <span class='ocrx_word' id='word_1_280' title='bbox 425 2921 525 2993; x_wconf 83' lang='lat' dir='ltr'>Atque</span> <span class='ocrx_word' id='word_1_281' title='bbox 539 2919 640 2994; x_wconf 88' lang='lat' dir='ltr'>ipsum</span> <span class='ocrx_word' id='word_1_282' title='bbox 654 2920 824 2989; x_wconf 87' lang='lat' dir='ltr'>decretum,</span> <span class='ocrx_word' id='word_1_283' title='bbox 848 2930 978 2990; x_wconf 88' lang='lat' dir='ltr'>quaeso,</span> <span class='ocrx_word' id='word_1_284' title='bbox 1001 2928 1114 2986; x_wconf 89' lang='lat' dir='ltr'>cogno·</span> 
     </span>
     <span class='ocr_line' id='line_1_34' title="bbox 89 2994 1115 3074; baseline -0.009 -12"><span class='ocrx_word' id='word_1_285' title='bbox 89 3001 184 3062; x_wconf 73' lang='lat' dir='ltr'>scite:</span> <span class='ocrx_word' id='word_1_286' title='bbox 211 3014 367 3061; x_wconf 73' lang='lat' dir='ltr'>numanum</span> <span class='ocrx_word' id='word_1_287' title='bbox 388 3017 585 3060; x_wconf 80' lang='lat' dir='ltr'>ououaronuu.</span> <span class='ocrx_word' id='word_1_288' title='bbox 619 3000 768 3074; x_wconf 86' lang='lat' dir='ltr'>Legati-in</span> <span class='ocrx_word' id='word_1_289' title='bbox 783 2994 1028 3060; x_wconf 72' lang='lat' dir='ltr'>casumveniunt.</span> <span class='ocrx_word' id='word_1_290' title='bbox 1066 2995 1115 3055; x_wconf 93' lang='lat' dir='ltr'>ln·</span> 
     </span>
     <span class='ocr_line' id='line_1_35' title="bbox 89 3077 1114 3158; baseline -0.009 -13"><span class='ocrx_word' id='word_1_291' title='bbox 89 3083 251 3158; x_wconf 81' lang='lat' dir='ltr'>telligitur,</span> <span class='ocrx_word' id='word_1_292' title='bbox 277 3082 412 3156; x_wconf 77' lang='lat' dir='ltr'>iudiceS,</span> <span class='ocrx_word' id='word_1_293' title='bbox 440 3082 471 3142; x_wconf 92' lang='lat' dir='ltr'>id</span> <span class='ocrx_word' id='word_1_294' title='bbox 496 3086 578 3156; x_wconf 91' lang='lat' dir='ltr'>quod</span> <span class='ocrx_word' id='word_1_295' title='bbox 599 3083 659 3143; x_wconf 90' lang='lat' dir='ltr'>iam</span> <span class='ocrx_word' id='word_1_296' title='bbox 679 3089 749 3143; x_wconf 90' lang='lat' dir='ltr'>ante</span> <span class='ocrx_word' id='word_1_297' title='bbox 767 3079 846 3152; x_wconf 88' lang='lat' dir='ltr'>dixi,</span> <span class='ocrx_word' id='word_1_298' title='bbox 872 3077 1061 3151; x_wconf 89' lang='lat' dir='ltr'>imprudente</span> <span class='ocrx_word' id='word_1_299' title='bbox 1080 3078 1114 3137; x_wconf 90' lang='lat' dir='ltr'>L.</span> 
     </span>
     <span class='ocr_line' id='line_1_36' title="bbox 89 3160 1114 3238; baseline -0.008 -11"><span class='ocrx_word' id='word_1_300' title='bbox 89 3166 177 3227; x_wconf 90' lang='lat' dir='ltr'>Sulla</span> <span class='ocrx_word' id='word_1_301' title='bbox 188 3168 312 3226; x_wconf 83' lang='lat' dir='ltr'>scelera</span> <span class='ocrx_word' id='word_1_302' title='bbox 324 3166 401 3225; x_wconf 88' lang='lat' dir='ltr'>haee</span> <span class='ocrx_word' id='word_1_303' title='bbox 416 3174 446 3224; x_wconf 86' lang='lat' dir='ltr'>et</span> <span class='ocrx_word' id='word_1_304' title='bbox 460 3164 575 3238; x_wconf 88' lang='lat' dir='ltr'>flagitia</span> <span class='ocrx_word' id='word_1_305' title='bbox 589 3165 664 3225; x_wconf 85' lang='lat' dir='ltr'>lieri.</span> <span class='ocrx_word' id='word_1_306' title='bbox 690 3165 765 3223; x_wconf 85' lang='lat' dir='ltr'>Nam</span> <span class='ocrx_word' id='word_1_307' title='bbox 780 3160 880 3222; x_wconf 81' lang='lat' dir='ltr'>statim</span> <span class='ocrx_word' id='word_1_308' title='bbox 896 3160 1114 3238; x_wconf 81' lang='lat' dir='ltr'>Chrysogonus</span> 
     </span>
     <span class='ocr_line' id='line_1_37' title="bbox 88 3241 1115 3324; baseline -0.008 -15"><span class='ocrx_word' id='word_1_309' title='bbox 88 3259 122 3309; x_wconf 91' lang='lat' dir='ltr'>et</span> <span class='ocrx_word' id='word_1_310' title='bbox 141 3249 211 3324; x_wconf 90' lang='lat' dir='ltr'>ipse</span> <span class='ocrx_word' id='word_1_311' title='bbox 235 3249 275 3307; x_wconf 89' lang='lat' dir='ltr'>ud</span> <span class='ocrx_word' id='word_1_312' title='bbox 297 3265 352 3309; x_wconf 89' lang='lat' dir='ltr'>eos</span> <span class='ocrx_word' id='word_1_313' title='bbox 374 3247 493 3306; x_wconf 88' lang='lat' dir='ltr'>accedit</span> <span class='ocrx_word' id='word_1_314' title='bbox 515 3255 546 3306; x_wconf 90' lang='lat' dir='ltr'>et</span> <span class='ocrx_word' id='word_1_315' title='bbox 565 3247 703 3306; x_wconf 88' lang='lat' dir='ltr'>homines</span> <span class='ocrx_word' id='word_1_316' title='bbox 718 3244 836 3304; x_wconf 89' lang='lat' dir='ltr'>nobiles</span> <span class='ocrx_word' id='word_1_317' title='bbox 853 3244 974 3319; x_wconf 82' lang='lat' dir='ltr'>adlegat</span> <span class='ocrx_word' id='word_1_318' title='bbox 987 3243 1039 3314; x_wconf 92' lang='lat' dir='ltr'>iis,</span> <span class='ocrx_word' id='word_1_319' title='bbox 1063 3241 1115 3317; x_wconf 90' lang='lat' dir='ltr'>qui</span> 
     </span>
     <span class='ocr_line' id='line_1_38' title="bbox 89 3327 1115 3409; baseline -0.011 -16"><span class='ocrx_word' id='word_1_320' title='bbox 89 3340 231 3409; x_wconf 85' lang='lat' dir='ltr'>peterent</span> <span class='ocrx_word' id='word_1_321' title='bbox 247 3332 340 3392; x_wconf 83' lang='lat' dir='ltr'>need</span> <span class='ocrx_word' id='word_1_322' title='bbox 355 3331 468 3390; x_wconf 88' lang='lat' dir='ltr'>Sullam</span> <span class='ocrx_word' id='word_1_323' title='bbox 485 3328 604 3387; x_wconf 86' lang='lat' dir='ltr'>adirent</span> <span class='ocrx_word' id='word_1_324' title='bbox 620 3335 649 3387; x_wconf 90' lang='lat' dir='ltr'>et</span> <span class='ocrx_word' id='word_1_325' title='bbox 669 3327 770 3387; x_wconf 91' lang='lat' dir='ltr'>omnia</span> <span class='ocrx_word' id='word_1_326' title='bbox 785 3327 1015 3403; x_wconf 84' lang='lat' dir='ltr'>Chrysogonum</span> <span class='ocrx_word' id='word_1_327' title='bbox 1036 3339 1115 3399; x_wconf 89' lang='lat' dir='ltr'>quae</span> 
     </span>
     <span class='ocr_line' id='line_1_39' title="bbox 90 3409 1115 3486; baseline -0.008 -13"><span class='ocrx_word' id='word_1_328' title='bbox 90 3415 206 3476; x_wconf 89' lang='lat' dir='ltr'>vellent</span> <span class='ocrx_word' id='word_1_329' title='bbox 218 3428 291 3475; x_wconf 88' lang='lat' dir='ltr'>esse</span> <span class='ocrx_word' id='word_1_330' title='bbox 307 3416 454 3474; x_wconf 88' lang='lat' dir='ltr'>lecturum</span> <span class='ocrx_word' id='word_1_331' title='bbox 469 3409 693 3486; x_wconf 89' lang='lat' dir='ltr'>pollicerentur.</span> <span class='ocrx_word' id='word_1_332' title='bbox 726 3409 776 3470; x_wconf 78' lang='lat'>26.</span> <span class='ocrx_word' id='word_1_333' title='bbox 797 3410 904 3486; x_wconf 88' lang='lat' dir='ltr'>Usque</span> <span class='ocrx_word' id='word_1_334' title='bbox 920 3409 998 3469; x_wconf 87' lang='lat' dir='ltr'>adeo</span> <span class='ocrx_word' id='word_1_335' title='bbox 1014 3413 1115 3467; x_wconf 80' lang='lat' dir='ltr'>eutem</span> 
     </span>
    </p>
   </div>
   <div class='ocr_carea' id='block_1_3' title="bbox 0 0 1182 3854">
    <p class='ocr_par' dir='ltr' id='par_1_3' title="bbox 0 0 1182 3854">
     <span class='ocr_line' id='line_1_40' title="bbox 0 0 1182 3854; baseline 0 0"><span class='ocrx_word' id='word_1_336' title='bbox 0 0 1182 3854; x_wconf 95' lang='lat' dir='ltr'> </span> 
     </span>
    </p>
   </div>
  </div>
 </body>
</html>
