2356 3854
338 184 419 244 cAP
437 191 616 250 13—15.s
633 191 711 245 ιι-
720 191 763 246 ss
813 152 816 156 ¹
1007 189 1071 258 421

65 333 150 410 opuli
172 341 304 402 versus?
324 317 395 409 quid
409 333 543 408 Pompeii
562 341 679 393 statuae
699 336 824 409 plausus
847 336 976 399 infiniti?
996 342 1079 416 quid¹

65 420 164 478 uobus
175 416 302 478 tribunis
313 418 421 492 plebis,
436 435 491 492 qur
482 416 589 476 vobis
601 408 852 478 adversantur?
836 437 981 494 parumne
991 423 1069 485 haec

62 493 214 575 ignificant
228 500 448 561 incredibiliter
467 500 703 559 consentientem
725 500 830 575 populi
846 502 977 564 Romani
1002 510 1066 568 uni-

64 583 124 643 crsi
139 586 347 646 voluntatem?
363 583 462 656 ouidi
475 582 692 656 Apollinarium
715 583 854 644 ludorum
875 588 1000 660 plausus
1017 592 1067 651 vel

62 666 213 727 estimonio
229 666 329 742 potius
347 675 376 726 et
389 664 502 726 iudicia
513 667 618 739 populi
629 665 756 725 Romani
771 682 876 739 parum
891 686 999 744 magna
1013 691 1066 734 vo·
1140 702 1145 713 =

62 747 89 808 is
105 749 306 811 videbantur?
326 749 471 809 Obeatos
487 746 571 820 illos,
588 747 655 823 qai,
671 765 762 824 quum
777 749 888 809 adesse
904 752 981 826 ipsis
997 771 1066 829 pro-

62 837 108 891 ter
122 832 182 891 vim
197 849 348 893 armorum
365 849 425 891 non
439 830 563 903 licebat,
577 833 704 891 aderant
720 841 818 892 tamen
834 839 863 892 ct
878 832 907 890 in
924 836 1062 897 medullis

62 915 147 988 opuli
161 917 288 975 Romani
306 931 343 974 ac
357 913 526 973 visceribus
541 914 718 974 lraerebantt
731 914 795 973 Nisi
807 915 882 974 lorte
897 917 992 976 Accio
1003 926 1065 978 tum

63 993 142 1057 laudi
158 1006 188 1057 et
204 997 397 1071 sexagesimo
414 1005 484 1072 post
500 1012 578 1056 anno
596 999 724 1072 palmam
737 997 810 1070 dari,
828 1013 889 1056 non
904 998 997 1058 Bruto
1010 1017 1065 1074 pu-

62 1078 156 1152 tbatis,
173 1082 224 1154 qui
242 1079 321 1140 ludis
335 1079 399 1139 suis
414 1079 455 1140 ita
469 1081 574 1153 caruit,
588 1090 620 1141 ut
634 1080 663 1139 in
679 1082 728 1140 illo
747 1080 982 1154 apparatissimo
996 1098 1065 1156 spe-

62 1165 157 1222 nculo
175 1163 305 1223 studium
322 1164 455 1258 populus
469 1164 623 1228 Romanus
642 1161 777 1224 tribuerit
791 1165 923 1236 absenti,
945 1163 1065 1226 deside·

62 1260 117 1306 um
134 1247 241 1305 liberat
229 1247 302 1305 toris
317 1243 365 1305 sui
381 1254 529 1320 perpetuo
545 1247 655 1320 plausu
668 1255 698 1308 et
712 1249 852 1328 clamore·
856 1245 981 1309 lerierit.

98 1326 150 1389 37.
166 1329 348 1403 Equidemis
364 1344 440 1402 sum,
459 1329 511 1403 qui
526 1329 601 1389 istos
613 1331 749 1404 plausus,
764 1347 855 1403 quum
866 1329 1064 1404 popularibus

62 1411 157 1470 vibus
174 1413 388 1483 tribuerentur,
411 1428 532 1486 semper
549 1413 796 1487 contempserim:
811 1411 965 1509 idemque
971 1431 1064 1487 quum
1111 1484 1115 1493 ¹

63 1493 211 1566 summis,
232 1495 354 1565 mediis,
355 1494 496 1591 infimis,
513 1513 604 1570 quum
619 1495 751 1570 denique
774 1496 812 1554 ab
832 1496 984 1557 universis
998 1490 1064 1558 hoc

66 1595 117 1638 em
132 1577 166 1648 fit
186 1593 339 1653 quumque
354 1575 390 1651 ii,
406 1577 541 1652 quiante
558 1579 645 1653 sequi
661 1579 768 1653 populi
783 1594 968 1639 consensum
984 1581 1062 1640 sole-

62 1670 122 1732 ant,
147 1661 279 1734 lugiunt,
300 1677 359 1720 non
375 1662 515 1734 plausum
530 1661 628 1732 illum,
653 1662 708 1720 sed
723 1660 865 1720 iudicium
881 1671 965 1735 puto.
1010 1662 1063 1723 Sin

62 1760 112 1803 tec
125 1743 212 1802 vobis
225 1745 340 1810 leviora
352 1743 499 1816 videntur,
518 1761 595 1818 quae
608 1752 678 1802 sunt
688 1741 875 1816 gravissima,
889 1761 960 1804 num
975 1747 1063 1806 etiam

62 1843 92 1887 >c
113 1825 318 1896 contemnitis,
341 1827 424 1900 quod
440 1825 579 1886 sensistis
602 1834 661 1886 tam
677 1841 777 1884 caram
795 1827 908 1900 populo
925 1828 1062 1888 Romano

62 1919 127 1970 tam
142 1912 171 1969 A
183 1909 268 1968 Hirtii
289 1909 409 1969 luisset
428 1907 508 1969 Satis
529 1916 592 1968 emt
613 1907 691 1967 enim
713 1907 870 1983 probatum
893 1909 975 1969 illum
991 1928 1062 1971 essa
1102 1944 1110 1960 s

62 1995 151 2068 >pulo
163 1993 315 2062 Romano,
324 1999 364 2052 ut
379 1999 442 2051 est:
458 1991 620 2053 iucundum
635 1990 752 2061 amicis,
771 1992 800 2049 in
818 2008 878 2066 quo
892 1993 985 2053 vincit
1000 2010 1062 2053 om-

62 2093 106 2135 tzs
128 2091 230 2135 carum
249 2078 323 2147 suis,
345 2074 455 2150 quibus
471 2085 518 2137 est
532 2073 720 2135 carissimus:
739 2082 850 2135 tantam
865 2083 963 2136 tamen
981 2076 1061 2136 solli-

62 2157 198 2219 tudinem
214 2159 378 2232 bonorum,
399 2167 513 2220 tantum
530 2160 666 2219 timorem
688 2158 820 2245 omnium
835 2159 866 2217 in
883 2175 943 2233 quo
959 2158 1060 2218 memi-

62 2248 156 2301 must
171 2241 281 2302 Certe
273 2260 304 2303 m
319 2244 438 2303 nullo.
676 2285 691 2312 ,
1114 2295 1116 2301 .

65 2322 144 2384 38.
159 2324 236 2397 Quid
250 2324 360 2399 igiturt
379 2325 439 2385 hoc
457 2342 522 2397 vos,
538 2341 594 2399 per
609 2325 685 2396 deos
699 2325 899 2385 immortales!
919 2324 1009 2396 quale
1023 2321 1063 2385 sit

62 2426 95 2468 tn
114 2408 370 2488 interpretamini?
392 2407 464 2483 quid
487 2425 542 2468 eos
559 2409 597 2466 de
612 2417 714 2467 vestra
728 2406 939 2480 vitpcogitare
954 2421 1061 2467 cense-

62 2512 84 2562 ι,
111 2490 222 2564 quibus
245 2507 365 2562 eorum,
387 2491 467 2565 quos‘
489 2500 613 2567 sperant
631 2491 675 2550 rei
696 2489 837 2564 publicae
858 2490 1061 2564 consulturos,

61 2585 94 2635 ta
113 2582 173 2633 tam
192 2589 262 2633 cara
277 2573 336 2632 sitt
350 2572 424 2647 Cepi
439 2576 580 2646 tructam,
602 2583 703 2649 patres
719 2572 899 2647 conscripti,
913 2574 1061 2634 reversio-

62 2675 77 2717 s
97 2673 199 2716 meae:
224 2656 367 2732 quoniam
382 2663 412 2715 et
428 2672 466 2715 ea
479 2656 557 2729 dixi,
571 2666 604 2716 ut
617 2657 800 2732 quicumque
810 2673 901 2718 casus
914 2673 1062 2718 consecu-

62 2757 78 2800 s
98 2748 197 2810 esset,
220 2746 352 2800 exstaret
374 2741 560 2798 constantiae
579 2755 665 2799 meae
680 2741 897 2811 testimonium,
919 2749 949 2800 et
963 2756 1063 2799 suma

62 2822 124 2882 abis
137 2823 267 2897 benigne
289 2838 325 2882 ac
342 2820 500 2896 diligenter
516 2822 645 2882 auditus.
695 2823 778 2894 Quae
794 2831 930 2898 potestas
950 2821 977 2880 si
991 2819 1064 2881 mihi

65 2907 161 2980 epius
189 2906 255 2967 sine
276 2922 345 2966 meo
365 2912 531 2978 vestroque
559 2903 691 2978 periculo
713 2905 780 2976 fiet,
800 2915 881 2965 utar:
908 2904 1061 2974 siminus

62 2997 181 3050 rantum
197 2997 319 3063 potero,
340 2995 477 3048 nontam
492 2988 561 3047 mihi
580 3003 628 3045 me
643 3003 731 3060 quum
750 2988 794 3047 rei
810 2987 950 3061 publicae
966 3000 1066 3044 reser-

62 3074 124 3133 rbo.
167 3071 240 3131 Mihi
261 3075 324 3132 lere
339 3072 413 3132 satis
437 3071 582 3145 estquod
599 3068 660 3128 vixi
684 3072 732 3130 vel
755 3071 793 3129 ad
817 3076 944 3127 aetatem
959 3067 1009 3126 vel
1023 3067 1064 3126 ad

62 3155 178 3215 oriam=
199 3154 259 3214 huc
280 3153 307 3213 si
329 3154 400 3228 quid
418 3154 597 3226 accesserit,
619 3160 762 3215 nontam
782 3150 960 3225 mihiquem
974 3147 1063 3210 vobis
1134 3214 1136 3218 ,

62 3239 144 3323 ique
158 3238 299 3313 publicae
314 3237 489 3317 accesserit.

448 3384 645 3398 Ἣ
