2356 3854
108 462 113 474 .
134 464 138 473 .
178 433 223 468 uu.

81 436 154 568 {les
166 486 228 562 ἶ
253 509 360 559 Antoni:
378 505 461 572 (eoglt
478 507 545 556 euim
563 508 686 559 excedere
701 507 826 572 propositi
844 506 950 557 lormem
964 523 1025 574 ope·
1038 484 1077 561 ἶ

252 577 287 625 rie
314 589 448 639 erumpens
470 576 554 625 auimo
578 590 608 624 ee
632 583 734 639 pectore
758 575 898 639 indignatio
906 575 928 637 ς)
943 576 1025 642 'nihil,

252 645 363 708 iuquam,
380 643 465 708 egisti,
481 645 624 693 mercedem
640 643 816 693 eueleetleeimi
833 644 884 693 orie
903 652 928 693 et
939 645 1024 695 elaris-

251 713 309 761 simi
331 711 421 775 eapitis
443 711 536 779 ebseiei
557 713 712 763 numerando
728 719 967 774 auetommentoque
986 713 1025 761 lu-

251 780 322 830 nebri
340 780 374 830 etl
389 780 572 831 conservatoris
587 780 714 842 quondam
730 778 896 843 reipublicae
911 782 1025 843 tantique

252 863 304 898 eos.
317 847 445 899 invitando
462 862 559 897 necem.
584 848 700 913 Rapuleti
716 855 745 898 tu
762 847 796 898 M.
810 846 925 897 Ciceroni
942 849 1025 899 lucem

251 915 383 966 sollicitum
401 923 425 963 et
442 923 550 965 aetatem
567 915 672 966 senilem
690 923 716 964 et
732 916 810 965 vitam
825 917 983 966 miseriorem
1000 925 1025 966 te

250 985 375 1049 principe,
393 997 468 1046 quem
480 984 527 1034 sub
540 992 564 1033 te
578 985 707 1034 triumviro
720 992 839 1033 mortem:
858 984 952 1034 famem
965 1000 1025 1035 vero

251 1052 408 1117 gloriamque
431 1050 554 1101 laetorum
579 1060 653 1114 atque
676 1052 798 1101 dictorum
816 1053 879 1102 aueo
899 1067 949 1103 nou
967 1055 1026 1103 ebe-

251 1120 346 1185 tulisti,
363 1126 391 1168 ut
406 1119 517 1170 auxeris.
554 1120 623 1170 Vivit
640 1120 757 1183 vivetque
773 1135 819 1185 per
836 1135 937 1171 omnem
953 1136 1026 1171 seeu-

251 1187 515 1247 lomm‘memoriam
540 1189 649 1251 dumque
669 1188 718 1238 hoe
733 1187 775 1238 vel
798 1188 863 1239 forte
879 1188 921 1239 vel
941 1191 1025 1254 provi·

253 1256 339 1307 dentiu
354 1255 395 1307 vel
413 1262 539 1319 utcunque
557 1257 719 1307 coustitutum
737 1271 821 1306 rerum
844 1265 949 1308 naturae
972 1273 1027 1307 cor·

253 1337 312 1389 pue,
328 1324 398 1389 quod
415 1322 457 1372 ille
474 1338 555 1388 paene
573 1324 643 1374 solue
658 1325 832 1375 Romanorum
850 1327 934 1376 animo
951 1326 1026 1390 vidit,

252 1393 355 1456 iugenio
374 1391 519 1456 complexus
542 1400 594 1457 est,
620 1392 762 1455 eloquentia
780 1393 947 1453 illuminavit,
973 1408 1026 1443 ma·

252 1460 321 1510 nebit
339 1459 474 1525 incolume,
501 1462 617 1510 comitem
641 1463 697 1510 aevi
717 1463 757 1511 eui
781 1463 881 1513 laudem
900 1461 1027 1512 Ciceronis

253 1527 348 1587 trahet3
368 1529 501 1591 omnisque
517 1530 651 1593 posteritas
670 1528 738 1579 illiue
756 1532 782 1578 iu
799 1540 824 1581 te
840 1533 935 1595 scripta
950 1532 1027 1579 mira·
1058 1577 1065 1585 ,

254 1596 328 1661 bitur,
342 1604 413 1646 tuum
432 1598 457 1645 in
475 1612 532 1646 eum
550 1597 644 1647 lectum
660 1600 844 1657 exsecrabitur3
862 1601 987 1661 citiusque
1001 1601 1028 1649 iu

254 1664 347 1716 mimda
365 1679 446 1732 genus
460 1664 590 1717 hominum
608 1680 683 1729 quam
695 1665 785 1731 (huius
803 1666 908 1730 nomen)
923 1665 1028 1721 eadet.“

724 1737 790 1789 Vell.
809 1737 867 1786 Pat.
886 1735 926 1786 II.
945 1732 991 1789 66.
