2356 3854
244 182 246 187 ’
334 176 418 251 aar
434 198 760 259 ac-aawsrc-aa
872 141 875 147 ¹
1004 193 1067 261 27?

72 341 173 416 stius,
195 351 237 403 ut
241 358 260 402 a
277 338 343 401 suis
357 340 490 403 munitus
511 351 574 402 tuto
590 340 620 400 in
635 343 717 402 loro
716 341 925 416 magistratum
939 354 1066 420 gereret,

70 443 96 486 m
114 424 272 501 publicam
286 419 519 485 administraret
554 425 665 521 ltaque·
683 426 778 486 fretus
800 426 958 488 sanctitate
974 428 1067 491 tribu·

70 518 142 581 tuS,
159 525 253 583 quum
275 524 309 567 se
324 524 384 567 non
400 509 493 569 modo
515 514 621 568 contra
636 505 698 566 vim
711 517 742 569 et
756 509 884 583 ferrum,
901 512 958 570 sed
976 512 1067 585 etiam

70 601 142 654 utra
154 592 250 653 verba
264 598 356 664 atque
374 589 596 652 interfationem
608 589 727 666 legibus
743 592 871 652 sacratis
883 609 954 654 esse
968 609 1065 656 arma·

70 693 95 736 m
107 683 246 752 putaret,
263 673 387 734 venitin
398 676 545 750 ternplum
557 673 708 746 Castoris,
725 673 922 736 obnunciavit
933 678 1065 740 consuli=

70 777 127 820 tum
153 757 256 819 subito
276 773 385 817 manus
406 757 458 817 illa
478 757 638 834 Clodiana,
663 756 694 816 in
717 759 813 819 caede
840 757 951 819 civium
972 777 1066 836 saepe

70 859 96 902 m
109 841 237 912 victrix,
253 842 418 914 exclamat,
432 839 586 913 incitatur,
601 839 733 901 invadit=
755 839 890 901 inermen
906 844 1020 917 atque
1012 861 1066 903 rm-

70 935 173 987 ratum
186 923 337 985 tribunum
351 924 402 985 alii
413 924 522 1000 gladiis
534 924 720 1000 adoriuntur,
728 925 778 984 alii
793 923 967 999 fragmentis
980 941 1067 1001 saep-

70 1024 133 1069 rnm
148 1017 179 1069 et
193 1005 341 1085 fustibus·
356 1025 375 1069 a
390 1008 502 1084 quibus
516 1001 565 1068 hic
580 1008 681 1070 multIs
692 1008 869 1069 vulneribus
880 1007 1016 1083 acceptIs
1030 1024 1067 1070 ac

71 1092 191 1153 bilitato
210 1108 342 1167 corpore
356 1098 387 1152 et
400 1091 610 1153 contrucidato
629 1109 664 1153 se
679 1091 790 1153 abiecit
809 1092 999 1153 exanimatus
1013 1107 1066 1153 ne-

70 1192 97 1236 re
109 1177 173 1237 uda
187 1175 247 1235 alla
261 1191 296 1253 re
312 1175 351 1235 ab
373 1192 408 1235 se
427 1183 555 1236 mortem
575 1175 635 1236 nisi
655 1175 799 1251 opinione
816 1175 921 1245 mortis
941 1173 1066 1251 depulit

70 1276 132 1320 tem
145 1275 238 1336 quum
250 1258 400 1320 iacentem
415 1265 445 1319 et
455 1259 613 1320 concisum
627 1259 765 1336 plurimis
777 1261 954 1322 vulneribus
967 1267 1066 1321 exuc-

70 1342 210 1419 sspiritu
230 1352 419 1427 exsanguem
440 1349 470 1402 et
485 1345 657 1405 conlectum
676 1344 829 1417 viderent,
851 1343 1066 1420 defetigatione

70 1424 133 1502 agis
148 1435 180 1488 et
195 1442 300 1487 errore
315 1443 407 1503 quam
427 1425 637 1488 misericordia
658 1437 688 1489 et
701 1429 794 1489 modo
816 1427 982 1504 aliquando
997 1443 1064 1487 cae-

70 1525 110 1569 rc
123 1510 314 1572 destiterunt
347 1510 399 1572 80.
420 1511 458 1571 Et
473 1528 597 1572 causam
618 1511 691 1572 dicit
706 1511 825 1573 Sestius
847 1512 886 1571 de
908 1511 959 1570 vi?
987 1500 1066 1584 Quid

70 1593 183 1670 lquia
196 1593 282 1654 vivit
297 1627 340 1640 —-
351 1596 392 1654 At
405 1592 439 1653 id
453 1612 514 1654 non
530 1612 587 1655 sua
601 1596 706 1671 culpa
720 1596 812 1671 plaga
825 1610 887 1654 una
901 1594 951 1653 illa
966 1603 1065 1654 extre-

70 1677 206 1752 adeluit,
222 1692 301 1752 quae
316 1679 341 1736 si
358 1679 560 1752 accessisset,
582 1680 733 1752 reliquum
748 1678 887 1752 spiritum
905 1676 1064 1736 exhausis-

70 1765 93 1820 ι
118 1763 243 1822 Accusa
257 1759 442 1821 Lentidium:
457 1777 519 1820 non
534 1761 687 1836 percussit
700 1761 815 1819 locum=
831 1760 909 1818 male
926 1758 975 1817 dic
988 1758 1064 1819 Titio

70 1843 174 1917 ιιιιιιιο,
188 1843 303 1904 homini
314 1844 453 1916 Reatino,
469 1852 593 1903 curtam
605 1851 719 1904 temere
731 1842 906 1902 exclamarit
918 1841 1064 1903 occisum.

70 1943 139 1988 sum
162 1944 238 1988 vero
260 1928 334 2002 quid
355 1934 508 1986 accusas?
541 1927 619 1986 llum
643 1926 738 1986 deluit
763 1925 894 2001 gladiis?
926 1940 1064 1986 numne·

70 2011 203 2085 ignovit?
227 2010 305 2070 llum
321 2018 355 2071 ut
368 2010 587 2085 gladiatoribus
601 2009 744 2084 imperari
759 2011 851 2083 solet,
877 2011 989 2072 terrum
1002 2025 1065 2072 non

70 2095 171 2171 cepit?

118 2177 280 2238 XXXVIII.
302 2179 351 2238 An
367 2177 444 2237 haec
461 2176 531 2252 ipsa
550 2177 599 2238 vis
616 2184 678 2249 est,
699 2192 761 2237 non
776 2193 872 2252 posse
888 2177 1004 2239 emori?
1025 2194 1065 2253 au

70 2274 99 2332 u,
110 2261 192 2338 qnod
202 2260 342 2322 tribunus
354 2260 453 2336 plebis
462 2262 608 2336 templum
619 2259 809 2321 cruentavit?
829 2278 868 2320 an
880 2261 963 2336 quod
972 2277 1065 2336 quum

70 2351 120 2404 set
137 2345 257 2405 ablatus
274 2343 472 2421 primumque
485 2343 662 2419 resipisset,
688 2360 750 2404 non
773 2360 808 2404 se
827 2344 934 2403 reterri
954 2343 1068 2405 iussit?

70 2422 155 2489 biest
168 2426 298 2501 crimen,
323 2429 407 2503 quod
421 2426 667 2503 reprehenditis?
694 2425 744 2489 81.
761 2426 818 2486 Hic
836 2443 966 2501 quaero,
988 2427 1064 2489 iudi·

70 2522 109 2580 rs,
124 2510 151 2571 si
164 2509 218 2572 illo
229 2511 279 2572 die
292 2527 368 2586 gens
383 2511 441 2572 ista
453 2512 558 2573 clodia
574 2511 657 2587 quod
672 2512 774 2571 lacere
790 2509 885 2571 voluit
901 2510 1065 2586 effecisset,

85 2553 113 2648 ι’.
124 2592 258 2668 Sestius,
276 2592 328 2690 qui
343 2611 399 2670 pro
417 2596 521 2656 occiso
539 2593 663 2655 relictus
678 2603 740 2668 est,
756 2593 879 2656 occisus
894 2604 992 2668 esset,
1008 2595 1065 2656 lui-

70 2667 133 2736 isac
143 2676 184 2736 ad
198 2693 283 2738 arum
296 2676 387 2738 ituri?
405 2677 613 2739 fuistisnevos
627 2677 668 2737 ad
685 2678 813 2754 patrium
830 2679 914 2739 illum
932 2679 1064 2740 animum

70 2753 247 2836 alarumque
267 2760 407 2822 virtutem
434 2760 615 2822 excitaturi?
645 2760 785 2824 luistIsne
812 2761 976 2858 aliquando
1000 2778 1065 2822 rem

70 2835 189 2904 uitam
204 2861 224 2904 a
237 2845 358 2904 lunesto
374 2847 490 2904 latrone
500 2843 678 2919 repetituri?
695 2861 734 2905 an
749 2847 913 2906 etiamtum
926 2845 1064 2920 quiesce·

70 2916 125 2998 ¹¹¹⁸,
134 2928 378 3000 cunctaremini‚
398 2926 558 3000 timeretis,
584 2943 677 3019 quum
697 2944 761 2988 rem
785 2928 936 3002 publicam
957 2925 1064 2986 alaci-

70 3008 249 3072 lusissimis
265 3011 383 3071 sicariis
401 3020 431 3070 et
447 3027 466 3069 a
482 3008 579 3069 servis
594 3026 665 3070 esse
687 3026 868 3086 oppressam
883 3019 975 3084 atque
992 3025 1064 3068 con·

70 3081 185 3156 ¹¹ettam
195 3093 368 3155 videretis?
396 3093 488 3152 Cuius
510 3090 601 3166 igitur
621 3100 748 3153 mortem
772 3090 1010 3165 ulcisceremini,
1037 3090 1065 3152 si

70 3161 160 3239 Ιῑιιοιιι
176 3177 263 3239 liberi
278 3193 350 3238 esse
373 3185 403 3237 et
424 3176 537 3236 habere
561 3191 624 3234 rem
645 3175 796 3250 publicam
817 3174 1004 3250 cogitaretis,
1025 3175 1065 3236 de

70 3256 102 3311 ¹¹⁸
118 3263 228 3323 virtute
241 3262 304 3321 vivi
321 3259 395 3335 quid
410 3276 466 3319 vos
482 3257 581 3334 loqui,
600 3257 674 3334 quid
689 3258 802 3319 sentire
809 3259 905 3334 ,quid
921 3258 1065 3334 cogitare,

70 3327 110 3399 ¹¹d
115 3344 263 3406 iudicare
281 3351 420 3420 oporteat
433 3342 630 3404 dubitandum
644 3340 786 3417 putatis?
804 3341 855 3404 82.
876 3344 917 3404 Αι
933 3359 1007 3404 vcro
1020 3341 1065 3402 illi

70 3411 99 3554 ³¹⁰
121 3428 307 3502 parricidae,
323 3441 462 3502 qnorum
482 3424 647 3488 effrenatus
673 3426 757 3488 luror
776 3425 865 3568 ιιιίιέι
888 3426 1064 3503 impunitate

100 3517 142 3567 rc
160 3523 251 3572 οιιι.
