2356 3854
392 170 583 255 onus-o.
605 199 779 259 §.1n-1a
1042 189 1107 255 aaa

71 358 144 401 nem
167 340 382 402 humanitatem
406 342 571 403 exuisses?
590 343 706 416 Quanto
729 337 789 404 hoc
809 345 929 416 durius,
948 344 1031 420 quod
1046 336 1104 406 nos

72 424 156 486 domi
171 424 317 498 petimus,
337 426 368 484 id
390 435 452 487 ato
472 425 503 486 in
519 427 586 486 loro
603 427 795 501 oppugnarit
815 437 845 488 et
864 427 894 487 in
916 429 966 488 tali
982 428 1105 490 miseria

70 509 234 573 multorum
263 508 433 582 perfugium
461 508 689 570 misericordiae
715 511 843 570 tolleret
878 512 983 571 Dicam
1002 513 1102 586 plane,

72 591 201 661 Caesar,
218 592 300 666 quod
314 593 422 653 sentio.
466 591 516 655 15.
532 592 565 652 Si
579 593 609 652 in
629 593 687 651 hac
701 600 783 652 lanta
796 601 848 652 tua
863 595 982 654 lortunu
995 596 1104 655 lenitas

71 682 156 734 tanta
171 690 231 733 non
247 672 343 747 esset,
363 684 504 750 quantam
520 685 553 736 tu
568 683 681 750 perte,
696 683 808 749 perte.
826 674 965 750 inquam,
985 678 1104 738 obtines

71 787 116 799 -
139 756 272 830 intelligo
295 757 368 832 quid
391 760 501 832 loquar
523 793 574 830 -,
592 757 790 818 acerbissimo
817 759 901 818 luctu
921 759 1105 821 redundaret

71 837 132 898 ista
150 840 286 899 victoria.
331 840 426 913 Quam
441 841 524 901 multi
541 841 622 901 enim
642 849 748 901 essent
762 841 801 900 de
816 840 981 900 victoribus
1003 841 1055 917 qui
1073 851 1104 904 te

73 922 229 982 crudelem
253 940 325 983 esse
346 925 470 997 vellent,
500 942 593 998 quum
619 923 707 983 etiam
729 925 767 983 de
789 923 878 982 vietis
899 925 1102 998 reperiantur!

74 1022 166 1080 quam
187 1007 270 1065 multi
304 1008 355 1080 qui
377 1023 469 1080 quum
485 1016 547 1066 ate
561 1007 680 1082 ignosci
694 1005 812 1073 nemini,
832 1007 956 1078 vellent,
978 1007 1104 1082 impedi-

72 1098 140 1148 rent
153 1087 342 1153 clementiam
359 1096 453 1163 tuam,
470 1107 561 1163 quum
579 1090 667 1150 etiam
682 1089 722 1162 hi,
740 1089 852 1164 quibus
870 1089 938 1165 ipse
951 1089 1103 1165 ignovisti,

72 1172 171 1231 nolint
190 1178 220 1229 te
242 1187 314 1229 esse
335 1170 364 1229 in
380 1173 456 1231 alios
479 1173 721 1233 misericordem!
743 1168 792 1234 16.
820 1173 907 1247 Quod
930 1173 956 1232 si
973 1174 1105 1248 probare

72 1253 199 1327 Caesari
216 1268 379 1328 possemus
394 1254 424 1313 in
439 1256 708 1330 Airica'Ligarium
722 1253 845 1316 omnino
861 1273 921 1317 non
935 1256 1056 1328 luisse,
1078 1253 1105 1316 si

70 1334 204 1397 honesto
220 1345 250 1396 et
261 1337 448 1397 misericordi
463 1339 620 1408 mendacio
635 1341 733 1401 *saluti
756 1339 815 1399 civi
835 1341 1011 1401 calamitoso
1033 1352 1104 1398 esse

70 1419 230 1491 vellemus,
243 1428 342 1479 tamen
354 1421 484 1482 homini‘s
496 1438 555 1480 non
569 1431 659 1494 esset,
677 1423 803 1487 intanto
818 1423 991 1482 discrimine
1005 1430 1036 1482 et
1050 1438 1104 1497 pe-

70 1502 168 1561 riculo
185 1501 264 1561 civis
279 1505 416 1563 relellere
431 1513 464 1565 et
479 1505 664 1580 redarguere
683 1515 820 1567 nostrum
840 1507 1049 1580 mendacium,
1064 1513 1102 1577 et,

73 1583 99 1644 si
117 1593 200 1644 esset
214 1585 358 1657 alicuius,
380 1589 447 1647 eius
463 1596 543 1648 certe
558 1605 619 1648 non
636 1598 734 1659 esset,
756 1588 808 1662 qui
832 1587 862 1646 in
887 1590 993 1648 eadem
1010 1603 1104 1658 causa

72 1676 102 1727 et
123 1669 244 1727 fortuna
265 1669 383 1728 luisset.
432 1669 494 1729 Sed
520 1680 621 1730 tamen
646 1673 728 1730 aliud
751 1679 799 1729 est
820 1687 921 1729 errare
943 1672 1104 1730 Caesarem

70 1752 166 1822 nolle,
182 1750 264 1810 aliud
282 1753 363 1811 nolle
380 1753 523 1811 misereri.
550 1754 634 1812 Tunc
650 1753 784 1812 diceresz
802 1752 928 1819 Caesar,
947 1767 1022 1810 cave
1038 1768 1102 1810 cre·

72 1835 142 1892 das:
165 1834 219 1892 luit
233 1833 264 1892 in
278 1834 398 1907 Alrica,
418 1835 484 1893 tulit
503 1851 588 1893 arma
610 1843 716 1894 contra
735 1840 774 1892 te.
816 1834 903 1893 Nunc
919 1835 991 1908 quid
1005 1833 1105 1893 dicisl

72 1915 153 1975 Cave
165 1916 321 1991 ignoscas.
352 1919 436 1976 Haec
455 1933 512 1976 nec
527 1916 658 1976 hominis
673 1933 730 1976 nec
748 1917 787 1975 ad
802 1915 953 1994 hominem
969 1933 1032 1975 vox
1047 1923 1102 1987 est,

72 2016 132 2074 qua
149 2000 201 2074 qui
219 2002 301 2074 apud
320 2010 365 2074 te,
387 1998 417 2061 C.
437 1999 564 2073 Caesar,
578 2000 685 2076 utitur,
707 2015 792 2060 suam
808 1999 896 2059 citius
911 1999 1032 2060 abiiciet
1049 1999 1103 2059 hu·

70 2082 242 2143 manitatem
261 2101 350 2158 quam
366 2084 557 2158 extorquebit
573 2091 664 2143 tuam.

131 2167 185 2224 Vl.
210 2165 258 2228 17.
283 2171 329 2226 Ac
349 2166 466 2242 primus
485 2167 585 2226 aditus
605 2176 636 2227 et
652 2166 815 2241 postulatio
833 2165 1001 2226 Tuberonis
1016 2165 1104 2237 haec,

69 2257 101 2308 ut
116 2249 327 2322 opinor,·luit=
349 2251 428 2310 velle
447 2267 482 2310 se
504 2251 542 2308 de
557 2249 590 2322 Q.
605 2249 717 2324 Ligarii
734 2252 851 2310 scelere
875 2249 987 2317 dicere
1036 2247 1104 2306 Non
1134 2287 1136 2291 -

70 2330 174 2391 dubito
191 2332 266 2406 quin.
279 2333 443 2394 admiratus
460 2333 519 2404 sia,
542 2335 589 2392 vel
606 2333 688 2406 quod
704 2334 742 2393 de
759 2333 841 2393 nullo
856 2332 916 2390 alio
933 2331 1103 2405 quisquam,

70 2418 117 2474 vel
138 2417 221 2490 quod
238 2417 278 2488 is,
302 2416 353 2490 qui
373 2415 404 2475 in
420 2417 526 2475 eadem
543 2431 636 2475 causa
652 2416 775 2489 luisset,
797 2417 846 2475 vel
868 2414 1011 2489 quidnam
1031 2413 1104 2473 novi

70 2498 196 2557 sceleris
212 2499 353 2559 adferret.
398 2498 506 2558 Scelus
522 2507 555 2559 tu
571 2499 645 2559 illud
663 2516 773 2572 vocas,
788 2499 929 2559 Tubero?
950 2499 1030 2559 Cur?
1043 2496 1103 2558 isto

70 2579 190 2639 nomine
206 2582 374 2642 illaadlruc
391 2598 484 2642 causa
499 2582 603 2643 caruit.
647 2582 707 2641 Alii
722 2599 854 2643 errorem
870 2583 1035 2656 appellant,
1053 2581 1104 2640 alii

70 2663 221 2722 timorem:
239 2665 289 2739 qni
302 2665 417 2738 durius‘,
433 2682 530 2739 spem,
545 2665 749 2740 cupiditatem,
765 2666 878 2739 odium,-
892 2666 1103 2740 pertinaciam=
1154 2654 1157 2675 ¹

70 2747 120 2820 qni
135 2746 332 2822 gravissime,
352 2751 564 2809 temeritatemz
581 2751 681 2808 scelus
696 2759 817 2824 praeter
840 2758 868 2809 te
890 2749 989 2808 adhuc
1004 2761 1104 2806 nemo.

70 2835 112 2889 Ac
136 2828 209 2897 milri
226 2831 369 2904 quidem,
389 2831 415 2890 si
437 2830 592 2908 proprium
608 2848 651 2911 Aac
666 2848 773 2892 verum
796 2848 906 2892 nomen
922 2830 1019 2890 nostri
1034 2825 1109 2896 mali

70 2912 240 2988 quaeritur,
258 2914 358 2974 letalis
373 2917 524 2990 quaedam
540 2915 694 2974 calamitas
710 2914 855 2974 incidisse
873 2913 993 2973 videtur
1007 2919 1037 2975 et
1050 2911 1104 2969 im-

70 2996 215 3071 providas
229 2995 384 3056 hominum
399 3007 516 3059 mentes
538 2997 759 3071 occupavisse,
781 3005 815 3057 ut
832 3010 921 3056 nemo
936 2992 1037 3053 mirari
1052 2994 1105 3052 de·

70 3087 138 3139 >eat
152 3079 286 3138 humana
300 3080 429 3141 consilia
444 3080 547 3140 divina
561 3079 745 3140 necessitate
766 3094 837 3138 esse
850 3083 1011 3152 superata.
1054 3073 1105 3137 18.
1173 3098 1176 3105 ·

70 3163 255 3224 'dicentesse
272 3161 430 3247 miseros=¹
442 3179 625 3238 quamquam
646 3162 705 3222 hoc
728 3163 845 3221 victore
864 3175 935 3220 esse
956 3175 1017 3219 non
1031 3174 1105 3233 pos·

70 3263 186 3309 tumus.
230 3245 292 3306 Sed
307 3262 368 3304 non
385 3248 494 3319 loquor
509 3247 667 3312 danobis:
690 3245 729 3304 de
745 3243 805 3304 illis
820 3245 939 3317 loquor,
955 3241 1007 3318 qui
1023 3240 1104 3303 occi·

70 3332 189 3391 ierunt.
223 3327 348 3388 Fuerint
363 3328 475 3401 cupidi,
492 3329 693 3402 incriminati,
709 3327 819 3393 luerint
834 3325 1023 3402 pertinaces:
1039 3339 1105 3384 sce

70 3412 140 3472 eris
156 3427 230 3471 vero
247 3410 379 3483 crimine,
395 3411 515 3482 luroris,
530 3412 684 3487 parricidii
700 3411 788 3472 liceat
803 3409 855 3470 Cn.
867 3408 1012 3486 Pompeio
1027 3420 1106 3466 mor-
