<?xml version="1.0" encoding="UTF-8"?>
<!DOCTYPE html PUBLIC "-//W3C//DTD XHTML 1.0 Transitional//EN"
    "http://www.w3.org/TR/xhtml1/DTD/xhtml1-transitional.dtd">
<html xmlns="http://www.w3.org/1999/xhtml" xml:lang="en" lang="en">
 <head>
  <title>
</title>
<meta http-equiv="Content-Type" content="text/html;charset=utf-8" />
  <meta name='ocr-system' content='tesseract 3.04.00' />
  <meta name='ocr-capabilities' content='ocr_page ocr_carea ocr_par ocr_line ocrx_word'/>
</head>
<body>
  <div class='ocr_page' id='page_1' title='image "./mtulliiciceroni08cicegoog_0378.png"; bbox 0 0 2356 3854; ppageno 0'>
   <div class='ocr_carea' id='block_1_1' title="bbox 144 120 992 240">
    <p class='ocr_par' dir='ltr' id='par_1_1' title="bbox 144 120 992 240">
     <span class='ocr_line' id='line_1_1' title="bbox 144 120 992 240; baseline 0.011 -15"><span class='ocrx_word' id='word_1_1' title='bbox 144 143 149 148; x_wconf 81' lang='grc'><strong>’</strong></span> <span class='ocrx_word' id='word_1_2' title='bbox 219 120 638 236; x_wconf 65' lang='lat' dir='ltr'><strong>‘cnr.s-s.s.14-so.</strong></span> <span class='ocrx_word' id='word_1_3' title='bbox 895 173 992 240; x_wconf 81' lang='grc'><strong>347..</strong></span> 
     </span>
    </p>
   </div>
   <div class='ocr_carea' id='block_1_2' title="bbox 64 316 1064 392">
    <p class='ocr_par' dir='ltr' id='par_1_2' title="bbox 64 316 1064 392">
     <span class='ocr_line' id='line_1_2' title="bbox 64 316 1064 392; baseline 0.015 -17"><span class='ocrx_word' id='word_1_4' title='bbox 64 316 215 392; x_wconf 82' lang='lat' dir='ltr'>-quaestio</span> <span class='ocrx_word' id='word_1_5' title='bbox 234 317 272 377; x_wconf 88' lang='lat' dir='ltr'><strong>de</strong></span> <span class='ocrx_word' id='word_1_6' title='bbox 286 317 421 378; x_wconf 83' lang='lat' dir='ltr'><strong>Africani</strong></span> <span class='ocrx_word' id='word_1_7' title='bbox 433 327 527 380; x_wconf 90' lang='lat' dir='ltr'><strong>morte</strong></span> <span class='ocrx_word' id='word_1_8' title='bbox 544 321 605 380; x_wconf 84' lang='lat' dir='ltr'><strong>iate</strong></span> <span class='ocrx_word' id='word_1_9' title='bbox 619 328 685 380; x_wconf 80' lang='lat' dir='ltr'><strong>estt</strong></span> <span class='ocrx_word' id='word_1_10' title='bbox 702 331 782 383; x_wconf 88' lang='lat' dir='ltr'><strong>certe</strong></span> <span class='ocrx_word' id='word_1_11' title='bbox 796 326 886 384; x_wconf 84' lang='lat' dir='ltr'><strong>nulle.</strong></span> <span class='ocrx_word' id='word_1_12' title='bbox 911 324 960 389; x_wconf 87' lang='grc'><strong>17.</strong></span> <span class='ocrx_word' id='word_1_13' title='bbox 1061 351 1064 358; x_wconf 53' lang='lat'><strong><em>¹</em></strong></span> 
     </span>
    </p>
   </div>
   <div class='ocr_carea' id='block_1_3' title="bbox 63 396 961 1470">
    <p class='ocr_par' dir='ltr' id='par_1_3' title="bbox 63 396 961 1470">
     <span class='ocr_line' id='line_1_3' title="bbox 64 396 960 477; baseline 0.016 -22"><span class='ocrx_word' id='word_1_14' title='bbox 64 407 87 456; x_wconf 73' lang='lat' dir='ltr'><strong>t</strong></span> <span class='ocrx_word' id='word_1_15' title='bbox 110 399 182 472; x_wconf 90' lang='lat' dir='ltr'><strong>quia</strong></span> <span class='ocrx_word' id='word_1_16' title='bbox 198 396 337 460; x_wconf 63' lang='lat' dir='ltr'><strong>non&#39;alio‘</strong></span> <span class='ocrx_word' id='word_1_17' title='bbox 351 397 738 477; x_wconf 78' lang='lat' dir='ltr'><strong>facinore&#39;eiarihomines,</strong></span> <span class='ocrx_word' id='word_1_18' title='bbox 757 405 817 466; x_wconf 84' lang='lat' dir='ltr'><strong>aiio</strong></span> <span class='ocrx_word' id='word_1_19' title='bbox 837 409 960 469; x_wconf 80' lang='lat' dir='ltr'><strong>obscuri</strong></span> 
     </span>
     <span class='ocr_line' id='line_1_4' title="bbox 63 482 961 566; baseline 0.013 -26"><span class='ocrx_word' id='word_1_20' title='bbox 63 499 88 540; x_wconf 90' lang='lat' dir='ltr'><strong>r.</strong></span> <span class='ocrx_word' id='word_1_21' title='bbox 131 482 251 542; x_wconf 80' lang='lat' dir='ltr'><strong>Intersit</strong></span> <span class='ocrx_word' id='word_1_22' title='bbox 272 482 349 542; x_wconf 91' lang='lat' dir='ltr'><strong>inter</strong></span> <span class='ocrx_word' id='word_1_23' title='bbox 368 484 448 544; x_wconf 85' lang='lat' dir='ltr'><strong>vitae</strong></span> <span class='ocrx_word' id='word_1_24' title='bbox 467 484 640 558; x_wconf 80' lang='lat' dir='ltr'><strong>dignitatem</strong></span> <span class='ocrx_word' id='word_1_25' title='bbox 664 504 848 549; x_wconf 91' lang='lat' dir='ltr'><strong>summorum</strong></span> <span class='ocrx_word' id='word_1_26' title='bbox 868 500 961 566; x_wconf 88' lang='lat' dir='ltr'><strong>atque</strong></span> 
     </span>
     <span class='ocr_line' id='line_1_5' title="bbox 64 565 960 647; baseline 0.012 -24"><span class='ocrx_word' id='word_1_27' title='bbox 64 582 121 623; x_wconf 83' lang='lat' dir='ltr'><strong>rm=</strong></span> <span class='ocrx_word' id='word_1_28' title='bbox 141 580 224 624; x_wconf 90' lang='lat' dir='ltr'><strong>mors</strong></span> <span class='ocrx_word' id='word_1_29' title='bbox 246 565 368 639; x_wconf 89' lang='lat' dir='ltr'><strong>quidem</strong></span> <span class='ocrx_word' id='word_1_30' title='bbox 389 566 470 626; x_wconf 86' lang='lat' dir='ltr'><strong>iiiata</strong></span> <span class='ocrx_word' id='word_1_31' title='bbox 485 584 549 643; x_wconf 41' lang='lat' dir='ltr'><strong>«per</strong></span> <span class='ocrx_word' id='word_1_32' title='bbox 568 568 668 627; x_wconf 83' lang='lat' dir='ltr'><strong>scelus</strong></span> <span class='ocrx_word' id='word_1_33' title='bbox 684 569 791 629; x_wconf 91' lang='lat' dir='ltr'><strong>iisdem</strong></span> <span class='ocrx_word' id='word_1_34' title='bbox 806 581 835 632; x_wconf 90' lang='lat' dir='ltr'><strong>et</strong></span> <span class='ocrx_word' id='word_1_35' title='bbox 850 566 960 647; x_wconf 87' lang='lat' dir='ltr'><strong>poenis</strong></span> 
     </span>
     <span class='ocr_line' id='line_1_6' title="bbox 64 646 961 730; baseline 0.012 -25"><span class='ocrx_word' id='word_1_36' title='bbox 64 665 70 679; x_wconf 87' lang='lat'><strong>·</strong></span> <span class='ocrx_word' id='word_1_37' title='bbox 91 655 122 705; x_wconf 89' lang='lat' dir='ltr'><strong>et</strong></span> <span class='ocrx_word' id='word_1_38' title='bbox 144 646 272 720; x_wconf 82' lang='lat' dir='ltr'><strong>legibus.</strong></span> <span class='ocrx_word' id='word_1_39' title='bbox 315 647 379 708; x_wconf 91' lang='lat' dir='ltr'><strong>Nisi</strong></span> <span class='ocrx_word' id='word_1_40' title='bbox 403 651 479 710; x_wconf 82' lang='lat' dir='ltr'><strong>torte</strong></span> <span class='ocrx_word' id='word_1_41' title='bbox 500 649 596 724; x_wconf 81' lang='lat' dir='ltr'><strong>magis</strong></span> <span class='ocrx_word' id='word_1_42' title='bbox 614 650 669 709; x_wconf 89' lang='lat' dir='ltr'><strong>erit</strong></span> <span class='ocrx_word' id='word_1_43' title='bbox 682 651 849 724; x_wconf 86' lang='lat' dir='ltr'><strong>parricida,</strong></span> <span class='ocrx_word' id='word_1_44' title='bbox 866 655 892 714; x_wconf 95' lang='lat' dir='ltr'><strong>si</strong></span> <span class='ocrx_word' id='word_1_45' title='bbox 908 656 961 730; x_wconf 91' lang='lat' dir='ltr'><strong>qui</strong></span> 
     </span>
     <span class='ocr_line' id='line_1_7' title="bbox 64 730 959 808; baseline 0.013 -21"><span class='ocrx_word' id='word_1_46' title='bbox 64 746 124 789; x_wconf 88' lang='lat' dir='ltr'><strong>rem</strong></span> <span class='ocrx_word' id='word_1_47' title='bbox 142 738 257 802; x_wconf 91' lang='lat' dir='ltr'><strong>patrem</strong></span> <span class='ocrx_word' id='word_1_48' title='bbox 273 748 361 803; x_wconf 84' lang='lat' dir='ltr'><strong>quam</strong></span> <span class='ocrx_word' id='word_1_49' title='bbox 377 730 404 791; x_wconf 93' lang='lat' dir='ltr'><strong>si</strong></span> <span class='ocrx_word' id='word_1_50' title='bbox 419 733 486 806; x_wconf 86' lang='lat' dir='ltr'><strong>quis</strong></span> <span class='ocrx_word' id='word_1_51' title='bbox 507 733 649 793; x_wconf 84' lang='lat' dir='ltr'><strong>humilem</strong></span> <span class='ocrx_word' id='word_1_52' title='bbox 670 735 836 808; x_wconf 87' lang='lat' dir='ltr'><strong>necaverit,</strong></span> <span class='ocrx_word' id='word_1_53' title='bbox 858 745 910 797; x_wconf 85' lang='lat' dir='ltr'><strong>aut</strong></span> <span class='ocrx_word' id='word_1_54' title='bbox 923 755 959 798; x_wconf 88' lang='lat' dir='ltr'><strong>co</strong></span> 
     </span>
     <span class='ocr_line' id='line_1_8' title="bbox 64 811 958 887; baseline 0.011 -17"><span class='ocrx_word' id='word_1_55' title='bbox 64 814 162 872; x_wconf 90' lang='lat' dir='ltr'><strong>rocior</strong></span> <span class='ocrx_word' id='word_1_56' title='bbox 176 811 231 872; x_wconf 87' lang='lat' dir='ltr'><strong>erit</strong></span> <span class='ocrx_word' id='word_1_57' title='bbox 245 812 276 870; x_wconf 91' lang='grc' dir='ltr'><strong>Ρ.</strong></span> <span class='ocrx_word' id='word_1_58' title='bbox 293 813 397 886; x_wconf 82' lang='lat' dir='ltr'><strong>clodii,</strong></span> <span class='ocrx_word' id='word_1_59' title='bbox 417 816 498 887; x_wconf 89' lang='lat' dir='ltr'><strong>quod</strong></span> <span class='ocrx_word' id='word_1_60' title='bbox 513 815 540 875; x_wconf 91' lang='lat' dir='ltr'><strong>is</strong></span> <span class='ocrx_word' id='word_1_61' title='bbox 555 816 584 874; x_wconf 94' lang='lat' dir='ltr'><strong>in</strong></span> <span class='ocrx_word' id='word_1_62' title='bbox 601 816 801 876; x_wconf 83' lang='lat' dir='ltr'><strong>monumentis</strong></span> <span class='ocrx_word' id='word_1_63' title='bbox 813 818 958 880; x_wconf 86' lang='lat' dir='ltr'><strong>maiorum</strong></span> 
     </span>
     <span class='ocr_line' id='line_1_9' title="bbox 76 893 958 975; baseline 0.008 -22"><span class='ocrx_word' id='word_1_64' title='bbox 76 895 115 954; x_wconf 93' lang='lat' dir='ltr'><strong>sit</strong></span> <span class='ocrx_word' id='word_1_65' title='bbox 129 893 303 954; x_wconf 82' lang='lat' dir='ltr'><strong>interiectus</strong></span> <span class='ocrx_word' id='word_1_66' title='bbox 320 897 435 956; x_wconf 91' lang='lat' dir='ltr'><strong>-hoc</strong></span> <span class='ocrx_word' id='word_1_67' title='bbox 450 897 529 958; x_wconf 90' lang='lat' dir='ltr'><strong>enim</strong></span> <span class='ocrx_word' id='word_1_68' title='bbox 544 897 897 972; x_wconf 84' lang='lat' dir='ltr'><strong>ab&#39;istisseepedicitur</strong></span> <span class='ocrx_word' id='word_1_69' title='bbox 908 935 958 975; x_wconf 87' lang='lat'><strong>-‚</strong></span> 
     </span>
     <span class='ocr_line' id='line_1_10' title="bbox 79 978 959 1058; baseline 0.009 -23"><span class='ocrx_word' id='word_1_70' title='bbox 79 979 168 1053; x_wconf 83' lang='lat' dir='ltr'>quasi</span> <span class='ocrx_word' id='word_1_71' title='bbox 188 978 307 1052; x_wconf 89' lang='lat' dir='ltr'><strong>Appius</strong></span> <span class='ocrx_word' id='word_1_72' title='bbox 330 978 509 1040; x_wconf 77' lang='lat' dir='ltr'><strong>illecaecus</strong></span> <span class='ocrx_word' id='word_1_73' title='bbox 528 980 608 1041; x_wconf 85' lang='lat' dir='ltr'><strong>viam</strong></span> <span class='ocrx_word' id='word_1_74' title='bbox 621 981 794 1054; x_wconf 72' lang='lat' dir='ltr'><strong>muniverit,</strong></span> <span class='ocrx_word' id='word_1_75' title='bbox 818 999 877 1042; x_wconf 90' lang='lat' dir='ltr'><strong>non</strong></span> <span class='ocrx_word' id='word_1_76' title='bbox 900 1001 959 1058; x_wconf 88' lang='lat' dir='ltr'><strong>qua</strong></span> 
     </span>
     <span class='ocr_line' id='line_1_11' title="bbox 80 1061 958 1138; baseline 0.005 -18"><span class='ocrx_word' id='word_1_77' title='bbox 80 1069 223 1133; x_wconf 86' lang='lat' dir='ltr'><strong>uteretur,</strong></span> <span class='ocrx_word' id='word_1_78' title='bbox 239 1063 294 1120; x_wconf 89' lang='lat' dir='ltr'><strong>sed</strong></span> <span class='ocrx_word' id='word_1_79' title='bbox 309 1061 359 1120; x_wconf 92' lang='lat' dir='ltr'><strong>ubi</strong></span> <span class='ocrx_word' id='word_1_80' title='bbox 375 1061 497 1136; x_wconf 92' lang='lat' dir='ltr'><strong>impune</strong></span> <span class='ocrx_word' id='word_1_81' title='bbox 510 1063 557 1124; x_wconf 90' lang='lat' dir='ltr'><strong>sui</strong></span> <span class='ocrx_word' id='word_1_82' title='bbox 571 1065 686 1138; x_wconf 79' lang='lat' dir='ltr'><strong>posteri</strong></span> <span class='ocrx_word' id='word_1_83' title='bbox 696 1065 958 1126; x_wconf 73' lang='lat' dir='ltr'><strong>latrocinarenturt</strong></span> 
     </span>
     <span class='ocr_line' id='line_1_12' title="bbox 65 1143 959 1223; baseline 0.006 -21"><span class='ocrx_word' id='word_1_84' title='bbox 65 1160 104 1202; x_wconf 88' lang='lat' dir='ltr'><strong>ue</strong></span> <span class='ocrx_word' id='word_1_85' title='bbox 119 1143 149 1204; x_wconf 92' lang='lat' dir='ltr'><strong>in</strong></span> <span class='ocrx_word' id='word_1_86' title='bbox 166 1145 272 1203; x_wconf 89' lang='lat' dir='ltr'><strong>eadem</strong></span> <span class='ocrx_word' id='word_1_87' title='bbox 288 1144 346 1202; x_wconf 83' lang='lat' dir='ltr'><strong>ista</strong></span> <span class='ocrx_word' id='word_1_88' title='bbox 359 1145 459 1218; x_wconf 83' lang='lat' dir='ltr'><strong>Appia</strong></span> <span class='ocrx_word' id='word_1_89' title='bbox 476 1145 524 1204; x_wconf 86' lang='lat' dir='ltr'><strong>via</strong></span> <span class='ocrx_word' id='word_1_90' title='bbox 539 1164 630 1220; x_wconf 89' lang='lat' dir='ltr'><strong>quum</strong></span> <span class='ocrx_word' id='word_1_91' title='bbox 643 1147 865 1207; x_wconf 86' lang='lat' dir='ltr'><strong>ornatissimum</strong></span> <span class='ocrx_word' id='word_1_92' title='bbox 875 1149 959 1223; x_wconf 86' lang='lat' dir='ltr'><strong>equi·</strong></span> 
     </span>
     <span class='ocr_line' id='line_1_13' title="bbox 64 1225 961 1304; baseline 0.008 -20"><span class='ocrx_word' id='word_1_93' title='bbox 64 1243 183 1285; x_wconf 77' lang='lat' dir='ltr'><strong>inanum</strong></span> <span class='ocrx_word' id='word_1_94' title='bbox 200 1226 231 1284; x_wconf 91' lang='lat' dir='ltr'><strong>P.</strong></span> <span class='ocrx_word' id='word_1_95' title='bbox 254 1225 376 1286; x_wconf 88' lang='lat' dir='ltr'><strong>Clodius</strong></span> <span class='ocrx_word' id='word_1_96' title='bbox 394 1228 433 1286; x_wconf 84' lang='grc' dir='ltr'><strong>Μ.</strong></span> <span class='ocrx_word' id='word_1_97' title='bbox 453 1228 603 1304; x_wconf 89' lang='lat' dir='ltr'><strong>Papirium</strong></span> <span class='ocrx_word' id='word_1_98' title='bbox 625 1229 801 1301; x_wconf 88' lang='lat' dir='ltr'><strong>occidisset,</strong></span> <span class='ocrx_word' id='word_1_99' title='bbox 824 1248 885 1291; x_wconf 93' lang='lat' dir='ltr'><strong>non</strong></span> <span class='ocrx_word' id='word_1_100' title='bbox 906 1231 961 1291; x_wconf 81' lang='lat' dir='ltr'><strong>fuit</strong></span> 
     </span>
     <span class='ocr_line' id='line_1_14' title="bbox 64 1309 960 1384; baseline 0.007 -16"><span class='ocrx_word' id='word_1_101' title='bbox 64 1309 374 1384; x_wconf 73' lang='lat' dir='ltr'><strong>rinuspoeniendum:</strong></span> <span class='ocrx_word' id='word_1_102' title='bbox 398 1311 489 1371; x_wconf 88' lang='lat' dir='ltr'><strong>homo</strong></span> <span class='ocrx_word' id='word_1_103' title='bbox 507 1311 755 1372; x_wconf 75' lang='lat' dir='ltr'><strong>enim&#39;ncbilisin</strong></span> <span class='ocrx_word' id='word_1_104' title='bbox 774 1313 838 1373; x_wconf 90' lang='lat' dir='ltr'><strong>suis</strong></span> <span class='ocrx_word' id='word_1_105' title='bbox 853 1330 960 1374; x_wconf 90' lang='lat' dir='ltr'><strong>monu-</strong></span> 
     </span>
     <span class='ocr_line' id='line_1_15' title="bbox 64 1393 960 1470; baseline 0.004 -18"><span class='ocrx_word' id='word_1_106' title='bbox 64 1393 196 1467; x_wconf 88' lang='lat' dir='ltr'><strong>equitem</strong></span> <span class='ocrx_word' id='word_1_107' title='bbox 211 1394 377 1454; x_wconf 88' lang='lat' dir='ltr'><strong>Romanum</strong></span> <span class='ocrx_word' id='word_1_108' title='bbox 401 1395 568 1454; x_wconf 67' lang='lat' dir='ltr'><strong>occiderute</strong></span> <span class='ocrx_word' id='word_1_109' title='bbox 588 1411 668 1454; x_wconf 89' lang='lat' dir='ltr'><strong>nunc</strong></span> <span class='ocrx_word' id='word_1_110' title='bbox 689 1394 826 1457; x_wconf 90' lang='lat' dir='ltr'><strong>eiusdem</strong></span> <span class='ocrx_word' id='word_1_111' title='bbox 840 1396 960 1470; x_wconf 80' lang='lat' dir='ltr'><strong>Appiae</strong></span> 
     </span>
    </p>
   </div>
   <div class='ocr_carea' id='block_1_4' title="bbox 64 1477 1029 1550">
    <p class='ocr_par' dir='ltr' id='par_1_4' title="bbox 64 1477 1029 1550">
     <span class='ocr_line' id='line_1_16' title="bbox 64 1477 1029 1550; baseline 0.004 -15"><span class='ocrx_word' id='word_1_112' title='bbox 64 1485 180 1550; x_wconf 70' lang='lat' dir='ltr'><strong>[nantas</strong></span> <span class='ocrx_word' id='word_1_113' title='bbox 190 1477 590 1550; x_wconf 82' lang='lat' dir='ltr'><strong>tragoediasexcitattQuae</strong></span> <span class='ocrx_word' id='word_1_114' title='bbox 601 1484 756 1538; x_wconf 84' lang='lat' dir='ltr'><strong>cruentata</strong></span> <span class='ocrx_word' id='word_1_115' title='bbox 766 1487 854 1538; x_wconf 85' lang='lat' dir='ltr'><strong>antea</strong></span> <span class='ocrx_word' id='word_1_116' title='bbox 864 1480 959 1539; x_wconf 89' lang='lat' dir='ltr'><strong>caede</strong></span> <span class='ocrx_word' id='word_1_117' title='bbox 1025 1540 1029 1547; x_wconf 9' lang='lat' dir='ltr'><strong>p</strong></span> 
     </span>
    </p>
   </div>
   <div class='ocr_carea' id='block_1_5' title="bbox 64 1558 959 1717">
    <p class='ocr_par' dir='ltr' id='par_1_5' title="bbox 64 1558 959 1717">
     <span class='ocr_line' id='line_1_17' title="bbox 66 1558 958 1632; baseline 0.002 -14"><span class='ocrx_word' id='word_1_118' title='bbox 66 1568 171 1632; x_wconf 70' lang='lat' dir='ltr'><strong>etque</strong></span> <span class='ocrx_word' id='word_1_119' title='bbox 191 1558 362 1620; x_wconf 88' lang='lat' dir='ltr'><strong>innocentis</strong></span> <span class='ocrx_word' id='word_1_120' title='bbox 383 1559 439 1619; x_wconf 90' lang='lat' dir='ltr'><strong>viri</strong></span> <span class='ocrx_word' id='word_1_121' title='bbox 460 1559 618 1631; x_wconf 77' lang='lat' dir='ltr'><strong>silebatur,</strong></span> <span class='ocrx_word' id='word_1_122' title='bbox 635 1563 740 1620; x_wconf 89' lang='lat' dir='ltr'><strong>eadem</strong></span> <span class='ocrx_word' id='word_1_123' title='bbox 756 1570 836 1620; x_wconf 87' lang='lat' dir='ltr'><strong>nunc</strong></span> <span class='ocrx_word' id='word_1_124' title='bbox 852 1563 958 1621; x_wconf 87' lang='lat' dir='ltr'><strong>crebro</strong></span> 
     </span>
     <span class='ocr_line' id='line_1_18' title="bbox 64 1642 959 1717; baseline 0 -16"><span class='ocrx_word' id='word_1_125' title='bbox 64 1659 111 1714; x_wconf 89' lang='lat' dir='ltr'><strong>ur,</strong></span> <span class='ocrx_word' id='word_1_126' title='bbox 135 1652 242 1717; x_wconf 88' lang='lat' dir='ltr'><strong>postea</strong></span> <span class='ocrx_word' id='word_1_127' title='bbox 267 1659 356 1717; x_wconf 89' lang='lat' dir='ltr'><strong>quam</strong></span> <span class='ocrx_word' id='word_1_128' title='bbox 370 1643 495 1703; x_wconf 89' lang='lat' dir='ltr'><strong>latronis</strong></span> <span class='ocrx_word' id='word_1_129' title='bbox 510 1651 539 1701; x_wconf 88' lang='lat' dir='ltr'><strong>et</strong></span> <span class='ocrx_word' id='word_1_130' title='bbox 552 1642 720 1717; x_wconf 82' lang='lat' dir='ltr'><strong>parricidae</strong></span> <span class='ocrx_word' id='word_1_131' title='bbox 736 1643 883 1717; x_wconf 78' lang='lat' dir='ltr'><strong>sanguine</strong></span> <span class='ocrx_word' id='word_1_132' title='bbox 904 1644 959 1703; x_wconf 92' lang='lat' dir='ltr'><strong>im-</strong></span> 
     </span>
    </p>
   </div>
   <div class='ocr_carea' id='block_1_6' title="bbox 64 1724 974 1800">
    <p class='ocr_par' dir='ltr' id='par_1_6' title="bbox 64 1724 974 1800">
     <span class='ocr_line' id='line_1_19' title="bbox 64 1724 974 1800; baseline -0.001 -15"><span class='ocrx_word' id='word_1_133' title='bbox 64 1736 78 1785; x_wconf 87' lang='lat' dir='ltr'><strong>t.</strong></span> <span class='ocrx_word' id='word_1_134' title='bbox 107 1725 168 1784; x_wconf 89' lang='lat' dir='ltr'><strong>Sed</strong></span> <span class='ocrx_word' id='word_1_135' title='bbox 187 1725 260 1800; x_wconf 86' lang='lat' dir='ltr'><strong>quid</strong></span> <span class='ocrx_word' id='word_1_136' title='bbox 276 1743 332 1798; x_wconf 84' lang='lat' dir='ltr'><strong>ego</strong></span> <span class='ocrx_word' id='word_1_137' title='bbox 348 1726 399 1783; x_wconf 84' lang='lat' dir='ltr'><strong>iila</strong></span> <span class='ocrx_word' id='word_1_138' title='bbox 413 1728 638 1785; x_wconf 70' lang='lat' dir='ltr'><strong>commemoro?</strong></span> <span class='ocrx_word' id='word_1_139' title='bbox 653 1724 897 1797; x_wconf 80' lang='lat' dir='ltr'><strong>Comprehensos</strong></span> <span class='ocrx_word' id='word_1_140' title='bbox 913 1733 974 1784; x_wconf 43' lang='lat' dir='ltr'><strong>est*</strong></span> 
     </span>
    </p>
   </div>
   <div class='ocr_carea' id='block_1_7' title="bbox 64 1805 960 2213">
    <p class='ocr_par' dir='ltr' id='par_1_7' title="bbox 64 1805 960 2213">
     <span class='ocr_line' id='line_1_20' title="bbox 64 1805 959 1881; baseline -0.002 -16"><span class='ocrx_word' id='word_1_141' title='bbox 64 1809 91 1867; x_wconf 90' lang='lat' dir='ltr'><strong>io</strong></span> <span class='ocrx_word' id='word_1_142' title='bbox 109 1808 242 1868; x_wconf 85' lang='lat' dir='ltr'><strong>Castoris</strong></span> <span class='ocrx_word' id='word_1_143' title='bbox 261 1824 369 1866; x_wconf 89' lang='lat' dir='ltr'><strong>servus</strong></span> <span class='ocrx_word' id='word_1_144' title='bbox 384 1807 414 1869; x_wconf 89' lang='lat' dir='ltr'><strong>P.</strong></span> <span class='ocrx_word' id='word_1_145' title='bbox 436 1807 546 1878; x_wconf 85' lang='lat' dir='ltr'><strong>Clodii,</strong></span> <span class='ocrx_word' id='word_1_146' title='bbox 568 1822 657 1881; x_wconf 85' lang='lat' dir='ltr'><strong>quem</strong></span> <span class='ocrx_word' id='word_1_147' title='bbox 678 1805 727 1864; x_wconf 87' lang='lat' dir='ltr'><strong>ilie</strong></span> <span class='ocrx_word' id='word_1_148' title='bbox 747 1807 785 1863; x_wconf 90' lang='lat' dir='ltr'><strong>ad</strong></span> <span class='ocrx_word' id='word_1_149' title='bbox 808 1806 858 1864; x_wconf 84' lang='lat' dir='ltr'><strong>Cn.</strong></span> <span class='ocrx_word' id='word_1_150' title='bbox 872 1807 959 1865; x_wconf 88' lang='lat' dir='ltr'><strong>Porn-</strong></span> 
     </span>
     <span class='ocr_line' id='line_1_21' title="bbox 64 1888 960 1950; baseline -0.004 0"><span class='ocrx_word' id='word_1_151' title='bbox 64 1891 297 1950; x_wconf 72' lang='lat' dir='ltr'><strong>&#39;nteriiciendum</strong></span> <span class='ocrx_word' id='word_1_152' title='bbox 319 1891 497 1950; x_wconf 83' lang='lat' dir='ltr'><strong>collocarat:</strong></span> <span class='ocrx_word' id='word_1_153' title='bbox 517 1896 636 1948; x_wconf 83' lang='lat' dir='ltr'><strong>extorta</strong></span> <span class='ocrx_word' id='word_1_154' title='bbox 654 1896 700 1947; x_wconf 91' lang='lat' dir='ltr'><strong>est</strong></span> <span class='ocrx_word' id='word_1_155' title='bbox 722 1888 876 1949; x_wconf 85' lang='lat' dir='ltr'><strong>confitenti</strong></span> <span class='ocrx_word' id='word_1_156' title='bbox 896 1889 960 1950; x_wconf 81' lang='lat' dir='ltr'><strong>stoa</strong></span> 
     </span>
     <span class='ocr_line' id='line_1_22' title="bbox 64 1970 960 2046; baseline -0.001 -14"><span class='ocrx_word' id='word_1_157' title='bbox 64 1973 156 2033; x_wconf 79' lang='lat' dir='ltr'><strong>tibus:</strong></span> <span class='ocrx_word' id='word_1_158' title='bbox 177 1973 273 2034; x_wconf 84' lang='lat' dir='ltr'><strong>caruit</strong></span> <span class='ocrx_word' id='word_1_159' title='bbox 293 1975 359 2032; x_wconf 82' lang='lat' dir='ltr'><strong>foro</strong></span> <span class='ocrx_word' id='word_1_160' title='bbox 388 1980 495 2046; x_wconf 84' lang='lat' dir='ltr'><strong>postea</strong></span> <span class='ocrx_word' id='word_1_161' title='bbox 517 1970 695 2045; x_wconf 87' lang='lat' dir='ltr'><strong>Pompeius,</strong></span> <span class='ocrx_word' id='word_1_162' title='bbox 727 1971 821 2031; x_wconf 79' lang='lat' dir='ltr'><strong>ceruit</strong></span> <span class='ocrx_word' id='word_1_163' title='bbox 842 1980 960 2044; x_wconf 86' lang='lat' dir='ltr'><strong>senatu,</strong></span> 
     </span>
     <span class='ocr_line' id='line_1_23' title="bbox 64 2051 960 2128; baseline -0.003 -13"><span class='ocrx_word' id='word_1_164' title='bbox 64 2057 178 2116; x_wconf 82' lang='lat' dir='ltr'><strong>oblico:</strong></span> <span class='ocrx_word' id='word_1_165' title='bbox 200 2058 290 2116; x_wconf 86' lang='lat' dir='ltr'><strong>ianua</strong></span> <span class='ocrx_word' id='word_1_166' title='bbox 303 2072 337 2116; x_wconf 93' lang='lat' dir='ltr'><strong>se</strong></span> <span class='ocrx_word' id='word_1_167' title='bbox 351 2072 387 2114; x_wconf 88' lang='lat' dir='ltr'><strong>ac</strong></span> <span class='ocrx_word' id='word_1_168' title='bbox 405 2053 585 2128; x_wconf 85' lang='lat' dir='ltr'><strong>parietibus,</strong></span> <span class='ocrx_word' id='word_1_169' title='bbox 609 2070 671 2115; x_wconf 87' lang='lat' dir='ltr'><strong>non</strong></span> <span class='ocrx_word' id='word_1_170' title='bbox 688 2051 753 2114; x_wconf 87' lang='lat' dir='ltr'><strong>iure</strong></span> <span class='ocrx_word' id='word_1_171' title='bbox 768 2055 867 2128; x_wconf 84' lang='lat' dir='ltr'><strong>legum</strong></span> <span class='ocrx_word' id='word_1_172' title='bbox 883 2054 960 2115; x_wconf 92' lang='lat' dir='ltr'><strong>iudi·</strong></span> 
     </span>
     <span class='ocr_line' id='line_1_24' title="bbox 64 2136 960 2213; baseline -0.003 -15"><span class='ocrx_word' id='word_1_173' title='bbox 64 2157 112 2213; x_wconf 68' lang='lat' dir='ltr'><strong>[ue</strong></span> <span class='ocrx_word' id='word_1_174' title='bbox 127 2139 210 2199; x_wconf 89' lang='lat' dir='ltr'><strong>texit.</strong></span> <span class='ocrx_word' id='word_1_175' title='bbox 220 2155 226 2164; x_wconf 65' lang='lat'><strong>⁴</strong></span> <span class='ocrx_word' id='word_1_176' title='bbox 237 2139 285 2199; x_wconf 87' lang='grc'><strong>19.</strong></span> <span class='ocrx_word' id='word_1_177' title='bbox 304 2140 378 2198; x_wconf 91' lang='lat' dir='ltr'><strong>Num</strong></span> <span class='ocrx_word' id='word_1_178' title='bbox 394 2155 472 2212; x_wconf 85' lang='lat' dir='ltr'><strong>quae</strong></span> <span class='ocrx_word' id='word_1_179' title='bbox 487 2136 603 2212; x_wconf 82' lang='lat' dir='ltr'><strong>rogatio</strong></span> <span class='ocrx_word' id='word_1_180' title='bbox 621 2138 687 2210; x_wconf 84' lang='lat' dir='ltr'><strong>iata,</strong></span> <span class='ocrx_word' id='word_1_181' title='bbox 699 2153 769 2196; x_wconf 91' lang='lat' dir='ltr'><strong>num</strong></span> <span class='ocrx_word' id='word_1_182' title='bbox 785 2154 863 2211; x_wconf 86' lang='lat' dir='ltr'><strong>quac</strong></span> <span class='ocrx_word' id='word_1_183' title='bbox 878 2153 960 2197; x_wconf 85' lang='lat' dir='ltr'><strong>nova</strong></span> 
     </span>
    </p>
   </div>
   <div class='ocr_carea' id='block_1_8' title="bbox 64 2219 1006 2296">
    <p class='ocr_par' dir='ltr' id='par_1_8' title="bbox 64 2219 1006 2296">
     <span class='ocr_line' id='line_1_25' title="bbox 64 2219 1006 2296; baseline -0.004 -14"><span class='ocrx_word' id='word_1_184' title='bbox 64 2241 73 2282; x_wconf 80' lang='lat' dir='ltr'><strong>r</strong></span> <span class='ocrx_word' id='word_1_185' title='bbox 97 2224 218 2282; x_wconf 85' lang='lat' dir='ltr'><strong>decreta</strong></span> <span class='ocrx_word' id='word_1_186' title='bbox 241 2229 308 2282; x_wconf 71' lang='lat' dir='ltr'><strong>est?</strong></span> <span class='ocrx_word' id='word_1_187' title='bbox 327 2221 420 2296; x_wconf 85' lang='lat' dir='ltr'><strong>Atqui</strong></span> <span class='ocrx_word' id='word_1_188' title='bbox 443 2219 470 2280; x_wconf 90' lang='lat' dir='ltr'><strong>si</strong></span> <span class='ocrx_word' id='word_1_189' title='bbox 483 2237 549 2292; x_wconf 90' lang='lat' dir='ltr'><strong>res,</strong></span> <span class='ocrx_word' id='word_1_190' title='bbox 572 2220 598 2280; x_wconf 90' lang='lat' dir='ltr'><strong>si</strong></span> <span class='ocrx_word' id='word_1_191' title='bbox 615 2219 674 2292; x_wconf 86' lang='lat' dir='ltr'><strong>vir,</strong></span> <span class='ocrx_word' id='word_1_192' title='bbox 688 2219 714 2278; x_wconf 93' lang='lat' dir='ltr'><strong>si</strong></span> <span class='ocrx_word' id='word_1_193' title='bbox 728 2228 848 2295; x_wconf 89' lang='lat' dir='ltr'><strong>tempus</strong></span> <span class='ocrx_word' id='word_1_194' title='bbox 866 2220 960 2279; x_wconf 87' lang='lat' dir='ltr'><strong>ulium</strong></span> <span class='ocrx_word' id='word_1_195' title='bbox 1001 2275 1006 2285; x_wconf 33' lang='lat' dir='ltr'><em>f</em></span> 
     </span>
    </p>
   </div>
   <div class='ocr_carea' id='block_1_9' title="bbox 64 2302 962 2633">
    <p class='ocr_par' dir='ltr' id='par_1_9' title="bbox 64 2302 962 2633">
     <span class='ocr_line' id='line_1_26' title="bbox 77 2302 959 2376; baseline -0.006 -13"><span class='ocrx_word' id='word_1_196' title='bbox 77 2305 146 2376; x_wconf 83' lang='lat' dir='ltr'><strong>fuit,</strong></span> <span class='ocrx_word' id='word_1_197' title='bbox 168 2314 249 2365; x_wconf 87' lang='lat' dir='ltr'><strong>certe</strong></span> <span class='ocrx_word' id='word_1_198' title='bbox 270 2306 345 2364; x_wconf 86' lang='lat' dir='ltr'><strong>haec</strong></span> <span class='ocrx_word' id='word_1_199' title='bbox 366 2304 397 2364; x_wconf 95' lang='lat' dir='ltr'><strong>in</strong></span> <span class='ocrx_word' id='word_1_200' title='bbox 412 2303 462 2363; x_wconf 87' lang='lat' dir='ltr'><strong>ilia</strong></span> <span class='ocrx_word' id='word_1_201' title='bbox 476 2320 570 2364; x_wconf 85' lang='lat' dir='ltr'><strong>causa</strong></span> <span class='ocrx_word' id='word_1_202' title='bbox 585 2319 701 2364; x_wconf 92' lang='lat' dir='ltr'><strong>summa</strong></span> <span class='ocrx_word' id='word_1_203' title='bbox 715 2302 816 2367; x_wconf 88' lang='lat' dir='ltr'><strong>omnia</strong></span> <span class='ocrx_word' id='word_1_204' title='bbox 831 2304 959 2362; x_wconf 84' lang='lat' dir='ltr'><strong>suerunt.</strong></span> 
     </span>
     <span class='ocr_line' id='line_1_27' title="bbox 64 2384 960 2462; baseline -0.003 -15"><span class='ocrx_word' id='word_1_205' title='bbox 64 2406 98 2447; x_wconf 89' lang='lat' dir='ltr'><strong>or</strong></span> <span class='ocrx_word' id='word_1_206' title='bbox 113 2396 177 2447; x_wconf 86' lang='lat' dir='ltr'><strong>erat</strong></span> <span class='ocrx_word' id='word_1_207' title='bbox 193 2387 222 2448; x_wconf 93' lang='lat' dir='ltr'><strong>in</strong></span> <span class='ocrx_word' id='word_1_208' title='bbox 240 2390 305 2447; x_wconf 82' lang='lat' dir='ltr'><strong>soro</strong></span> <span class='ocrx_word' id='word_1_209' title='bbox 321 2390 487 2450; x_wconf 85' lang='lat' dir='ltr'><strong>collocutus</strong></span> <span class='ocrx_word' id='word_1_210' title='bbox 505 2395 595 2462; x_wconf 86' lang='lat' dir='ltr'><strong>atque</strong></span> <span class='ocrx_word' id='word_1_211' title='bbox 610 2387 640 2445; x_wconf 91' lang='lat' dir='ltr'><strong>in</strong></span> <span class='ocrx_word' id='word_1_212' title='bbox 657 2385 808 2445; x_wconf 88' lang='lat' dir='ltr'><strong>vestibulo</strong></span> <span class='ocrx_word' id='word_1_213' title='bbox 831 2384 899 2458; x_wconf 94' lang='lat' dir='ltr'><strong>ipso</strong></span> <span class='ocrx_word' id='word_1_214' title='bbox 913 2400 960 2444; x_wconf 87' lang='lat' dir='ltr'><strong>se·</strong></span> 
     </span>
     <span class='ocr_line' id='line_1_28' title="bbox 64 2467 962 2546; baseline -0.006 -16"><span class='ocrx_word' id='word_1_215' title='bbox 64 2471 161 2532; x_wconf 75' lang='lat' dir='ltr'><strong>tiviro</strong></span> <span class='ocrx_word' id='word_1_216' title='bbox 178 2480 276 2531; x_wconf 85' lang='lat' dir='ltr'><strong>autem</strong></span> <span class='ocrx_word' id='word_1_217' title='bbox 291 2488 373 2532; x_wconf 87' lang='lat' dir='ltr'><strong>mors</strong></span> <span class='ocrx_word' id='word_1_218' title='bbox 388 2472 565 2546; x_wconf 87' lang='lat' dir='ltr'><strong>parabatur,</strong></span> <span class='ocrx_word' id='word_1_219' title='bbox 587 2468 723 2528; x_wconf 84' lang='lat' dir='ltr'><strong>cuius&#39;in.</strong></span> <span class='ocrx_word' id='word_1_220' title='bbox 734 2468 797 2527; x_wconf 87' lang='lat' dir='ltr'><strong>vita</strong></span> <span class='ocrx_word' id='word_1_221' title='bbox 813 2467 962 2527; x_wconf 83' lang='lat' dir='ltr'><strong>nitebatur</strong></span> 
     </span>
     <span class='ocr_line' id='line_1_29' title="bbox 67 2551 960 2633; baseline -0.002 -21"><span class='ocrx_word' id='word_1_222' title='bbox 67 2554 240 2633; x_wconf 83' lang='lat' dir='ltr'><strong>vitatis,eo</strong></span> <span class='ocrx_word' id='word_1_223' title='bbox 257 2571 348 2628; x_wconf 88' lang='lat' dir='ltr'><strong>porro</strong></span> <span class='ocrx_word' id='word_1_224' title='bbox 364 2556 408 2614; x_wconf 89' lang='lat' dir='ltr'><strong>rei</strong></span> <span class='ocrx_word' id='word_1_225' title='bbox 422 2553 561 2628; x_wconf 83' lang='lat' dir='ltr'><strong>publicae</strong></span> <span class='ocrx_word' id='word_1_226' title='bbox 578 2562 729 2626; x_wconf 87' lang='lat' dir='ltr'><strong>tempore,</strong></span> <span class='ocrx_word' id='word_1_227' title='bbox 750 2568 826 2625; x_wconf 86' lang='lat' dir='ltr'><strong>quo,</strong></span> <span class='ocrx_word' id='word_1_228' title='bbox 844 2551 960 2611; x_wconf 90' lang='lat' dir='ltr'><strong>siunus</strong></span> 
     </span>
    </p>
   </div>
   <div class='ocr_carea' id='block_1_10' title="bbox 66 2634 1034 2712">
    <p class='ocr_par' dir='ltr' id='par_1_10' title="bbox 66 2634 1034 2712">
     <span class='ocr_line' id='line_1_30' title="bbox 66 2634 1034 2712; baseline -0.005 -16"><span class='ocrx_word' id='word_1_229' title='bbox 66 2637 170 2712; x_wconf 84' lang='lat' dir='ltr'><strong>disset,</strong></span> <span class='ocrx_word' id='word_1_230' title='bbox 185 2655 246 2698; x_wconf 85' lang='lat' dir='ltr'><strong>non</strong></span> <span class='ocrx_word' id='word_1_231' title='bbox 256 2638 331 2697; x_wconf 87' lang='lat' dir='ltr'><strong>haec</strong></span> <span class='ocrx_word' id='word_1_232' title='bbox 344 2640 441 2698; x_wconf 91' lang='lat' dir='ltr'><strong>solum</strong></span> <span class='ocrx_word' id='word_1_233' title='bbox 454 2634 569 2707; x_wconf 82' lang='lat' dir='ltr'><strong>civitas,</strong></span> <span class='ocrx_word' id='word_1_234' title='bbox 585 2636 641 2696; x_wconf 88' lang='lat' dir='ltr'><strong>sed</strong></span> <span class='ocrx_word' id='word_1_235' title='bbox 654 2642 759 2710; x_wconf 81' lang='lat' dir='ltr'><strong>gentes</strong></span> <span class='ocrx_word' id='word_1_236' title='bbox 772 2651 877 2694; x_wconf 89' lang='lat' dir='ltr'><strong>omnes</strong></span> <span class='ocrx_word' id='word_1_237' title='bbox 889 2649 960 2693; x_wconf 87' lang='lat' dir='ltr'><strong>con·</strong></span> <span class='ocrx_word' id='word_1_238' title='bbox 1030 2667 1034 2672; x_wconf 85' lang='lat'><em>·</em></span> 
     </span>
    </p>
   </div>
   <div class='ocr_carea' id='block_1_11' title="bbox 64 2716 964 3459">
    <p class='ocr_par' dir='ltr' id='par_1_11' title="bbox 64 2716 964 3459">
     <span class='ocr_line' id='line_1_31' title="bbox 64 2716 961 2795; baseline -0.007 -15"><span class='ocrx_word' id='word_1_239' title='bbox 64 2729 90 2780; x_wconf 84' lang='lat' dir='ltr'><strong>tt.</strong></span> <span class='ocrx_word' id='word_1_240' title='bbox 122 2721 185 2779; x_wconf 88' lang='lat' dir='ltr'><strong>Nisi</strong></span> <span class='ocrx_word' id='word_1_241' title='bbox 201 2738 273 2780; x_wconf 90' lang='lat' dir='ltr'><strong>vero</strong></span> <span class='ocrx_word' id='word_1_242' title='bbox 290 2720 361 2795; x_wconf 84' lang='lat' dir='ltr'><strong>quia</strong></span> <span class='ocrx_word' id='word_1_243' title='bbox 376 2721 572 2794; x_wconf 76' lang='lat' dir='ltr'><strong>perfectores</strong></span> <span class='ocrx_word' id='word_1_244' title='bbox 586 2731 647 2779; x_wconf 92' lang='lat' dir='ltr'><strong>non</strong></span> <span class='ocrx_word' id='word_1_245' title='bbox 665 2727 720 2790; x_wconf 79' lang='lat' dir='ltr'><strong>est</strong></span> <span class='ocrx_word' id='word_1_246' title='bbox 736 2734 795 2776; x_wconf 92' lang='lat' dir='ltr'><strong>non</strong></span> <span class='ocrx_word' id='word_1_247' title='bbox 814 2716 872 2792; x_wconf 86' lang='lat' dir='ltr'><strong>suit</strong></span> <span class='ocrx_word' id='word_1_248' title='bbox 886 2732 961 2790; x_wconf 88' lang='lat' dir='ltr'><strong>poe·</strong></span> 
     </span>
     <span class='ocr_line' id='line_1_32' title="bbox 64 2796 962 2878; baseline -0.016 -10"><span class='ocrx_word' id='word_1_249' title='bbox 64 2851 66 2868; x_wconf 86' lang='lat'><em>.</em></span> <span class='ocrx_word' id='word_1_250' title='bbox 84 2803 211 2877; x_wconf 86' lang='lat' dir='ltr'><strong>proinde</strong></span> <span class='ocrx_word' id='word_1_251' title='bbox 230 2803 318 2878; x_wconf 88' lang='lat' dir='ltr'><strong>quasi</strong></span> <span class='ocrx_word' id='word_1_252' title='bbox 333 2801 431 2863; x_wconf 85' lang='lat' dir='ltr'><strong>exitus</strong></span> <span class='ocrx_word' id='word_1_253' title='bbox 446 2818 561 2872; x_wconf 86' lang='lat' dir='ltr'><strong>rerum,</strong></span> <span class='ocrx_word' id='word_1_254' title='bbox 584 2819 643 2864; x_wconf 93' lang='lat' dir='ltr'><strong>non</strong></span> <span class='ocrx_word' id='word_1_255' title='bbox 664 2801 818 2862; x_wconf 86' lang='lat' dir='ltr'><strong>hominum</strong></span> <span class='ocrx_word' id='word_1_256' title='bbox 835 2796 962 2857; x_wconf 85' lang='lat' dir='ltr'><strong>consilia</strong></span> 
     </span>
     <span class='ocr_line' id='line_1_33' title="bbox 76 2881 961 2954; baseline -0.009 -10"><span class='ocrx_word' id='word_1_257' title='bbox 76 2888 274 2948; x_wconf 81' lang='lat' dir='ltr'><strong>vindicentur.</strong></span> <span class='ocrx_word' id='word_1_258' title='bbox 316 2885 416 2946; x_wconf 90' lang='lat' dir='ltr'><strong>Minus</strong></span> <span class='ocrx_word' id='word_1_259' title='bbox 434 2885 598 2944; x_wconf 84' lang='lat' dir='ltr'><strong>dolendum</strong></span> <span class='ocrx_word' id='word_1_260' title='bbox 621 2885 676 2943; x_wconf 84' lang='lat' dir='ltr'><strong>tuit</strong></span> <span class='ocrx_word' id='word_1_261' title='bbox 694 2899 727 2942; x_wconf 88' lang='lat' dir='ltr'><strong>re</strong></span> <span class='ocrx_word' id='word_1_262' title='bbox 743 2900 804 2943; x_wconf 89' lang='lat' dir='ltr'><strong>non</strong></span> <span class='ocrx_word' id='word_1_263' title='bbox 818 2881 961 2954; x_wconf 78' lang='lat' dir='ltr'><strong>perfecta,</strong></span> 
     </span>
     <span class='ocr_line' id='line_1_34' title="bbox 64 2960 961 3038; baseline -0.01 -11"><span class='ocrx_word' id='word_1_264' title='bbox 64 2972 211 3031; x_wconf 85' lang='lat' dir='ltr'><strong>miendum</strong></span> <span class='ocrx_word' id='word_1_265' title='bbox 227 2978 309 3029; x_wconf 87' lang='lat' dir='ltr'><strong>certe</strong></span> <span class='ocrx_word' id='word_1_266' title='bbox 324 2968 416 3028; x_wconf 86' lang='lat' dir='ltr'><strong>nihilo</strong></span> <span class='ocrx_word' id='word_1_267' title='bbox 433 2965 543 3028; x_wconf 84' lang='lat' dir='ltr'><strong>minus.</strong></span> <span class='ocrx_word' id='word_1_268' title='bbox 586 2963 636 3026; x_wconf 79' lang='lat'><strong>20.</strong></span> <span class='ocrx_word' id='word_1_269' title='bbox 651 2964 795 3038; x_wconf 80' lang='lat' dir='ltr'><strong>Quotiens</strong></span> <span class='ocrx_word' id='word_1_270' title='bbox 813 2978 870 3035; x_wconf 80' lang='lat' dir='ltr'><strong>ego</strong></span> <span class='ocrx_word' id='word_1_271' title='bbox 884 2960 961 3034; x_wconf 89' lang='lat' dir='ltr'><strong>ipse,</strong></span> 
     </span>
     <span class='ocr_line' id='line_1_35' title="bbox 80 3041 961 3116; baseline -0.011 -6"><span class='ocrx_word' id='word_1_272' title='bbox 80 3069 119 3110; x_wconf 88' lang='lat' dir='ltr'><strong>ex</strong></span> <span class='ocrx_word' id='word_1_273' title='bbox 132 3053 163 3111; x_wconf 89' lang='grc' dir='ltr'><strong>Ρ.</strong></span> <span class='ocrx_word' id='word_1_274' title='bbox 180 3052 276 3112; x_wconf 81' lang='lat' dir='ltr'><strong>Clodii</strong></span> <span class='ocrx_word' id='word_1_275' title='bbox 291 3051 360 3111; x_wconf 86' lang='lat' dir='ltr'><strong>telis</strong></span> <span class='ocrx_word' id='word_1_276' title='bbox 374 3060 405 3111; x_wconf 89' lang='lat' dir='ltr'><strong>et</strong></span> <span class='ocrx_word' id='word_1_277' title='bbox 419 3067 459 3110; x_wconf 86' lang='lat' dir='ltr'><strong>ex</strong></span> <span class='ocrx_word' id='word_1_278' title='bbox 472 3049 605 3110; x_wconf 87' lang='lat' dir='ltr'><strong>cruentis</strong></span> <span class='ocrx_word' id='word_1_279' title='bbox 619 3048 686 3109; x_wconf 86' lang='lat' dir='ltr'><strong>eius</strong></span> <span class='ocrx_word' id='word_1_280' title='bbox 700 3046 839 3106; x_wconf 87' lang='lat' dir='ltr'><strong>manibus</strong></span> <span class='ocrx_word' id='word_1_281' title='bbox 854 3041 961 3116; x_wconf 80' lang='lat' dir='ltr'><strong>effugit</strong></span> 
     </span>
     <span class='ocr_line' id='line_1_36' title="bbox 64 3129 962 3206; baseline -0.01 -12"><span class='ocrx_word' id='word_1_282' title='bbox 64 3153 114 3196; x_wconf 76' lang='lat' dir='ltr'><strong>rus</strong></span> <span class='ocrx_word' id='word_1_283' title='bbox 136 3136 162 3196; x_wconf 94' lang='lat' dir='ltr'><strong>si</strong></span> <span class='ocrx_word' id='word_1_284' title='bbox 183 3152 231 3195; x_wconf 93' lang='lat' dir='ltr'><strong>me</strong></span> <span class='ocrx_word' id='word_1_285' title='bbox 251 3151 312 3194; x_wconf 91' lang='lat' dir='ltr'><strong>non</strong></span> <span class='ocrx_word' id='word_1_286' title='bbox 333 3135 383 3195; x_wconf 90' lang='lat' dir='ltr'><strong>vel</strong></span> <span class='ocrx_word' id='word_1_287' title='bbox 402 3149 470 3193; x_wconf 85' lang='lat' dir='ltr'><strong>mea</strong></span> <span class='ocrx_word' id='word_1_288' title='bbox 485 3132 533 3193; x_wconf 84' lang='lat' dir='ltr'><strong>vel</strong></span> <span class='ocrx_word' id='word_1_289' title='bbox 549 3133 593 3192; x_wconf 94' lang='lat' dir='ltr'><strong>rei</strong></span> <span class='ocrx_word' id='word_1_290' title='bbox 610 3130 749 3206; x_wconf 84' lang='lat' dir='ltr'><strong>publicae</strong></span> <span class='ocrx_word' id='word_1_291' title='bbox 763 3129 885 3187; x_wconf 80' lang='lat' dir='ltr'><strong>fortuna</strong></span> <span class='ocrx_word' id='word_1_292' title='bbox 898 3142 962 3200; x_wconf 75' lang='lat' dir='ltr'><strong>ser·</strong></span> 
     </span>
     <span class='ocr_line' id='line_1_37' title="bbox 75 3209 964 3292; baseline -0.011 -15"><span class='ocrx_word' id='word_1_293' title='bbox 75 3218 143 3292; x_wconf 87' lang='lat' dir='ltr'><strong>quis</strong></span> <span class='ocrx_word' id='word_1_294' title='bbox 160 3219 281 3278; x_wconf 85' lang='lat' dir='ltr'><strong>tandem</strong></span> <span class='ocrx_word' id='word_1_295' title='bbox 304 3217 343 3277; x_wconf 89' lang='lat' dir='ltr'><strong>de</strong></span> <span class='ocrx_word' id='word_1_296' title='bbox 363 3215 485 3277; x_wconf 89' lang='lat' dir='ltr'><strong>interitu</strong></span> <span class='ocrx_word' id='word_1_297' title='bbox 504 3230 572 3275; x_wconf 90' lang='lat' dir='ltr'><strong>meo</strong></span> <span class='ocrx_word' id='word_1_298' title='bbox 596 3213 804 3287; x_wconf 84' lang='lat' dir='ltr'><strong>quaestionem</strong></span> <span class='ocrx_word' id='word_1_299' title='bbox 823 3209 964 3271; x_wconf 80' lang='lat' dir='ltr'><strong>tulissett</strong></span> 
     </span>
     <span class='ocr_line' id='line_1_38' title="bbox 64 3293 963 3374; baseline -0.01 -13"><span class='ocrx_word' id='word_1_300' title='bbox 64 3304 92 3362; x_wconf 75' lang='lat' dir='ltr'><strong>td</strong></span> <span class='ocrx_word' id='word_1_301' title='bbox 109 3301 190 3362; x_wconf 90' lang='lat' dir='ltr'><strong>stulti</strong></span> <span class='ocrx_word' id='word_1_302' title='bbox 204 3313 312 3361; x_wconf 67' lang='lat' dir='ltr'><strong>&#39;sumus</strong></span> <span class='ocrx_word' id='word_1_303' title='bbox 328 3298 380 3374; x_wconf 87' lang='lat' dir='ltr'><strong>qui</strong></span> <span class='ocrx_word' id='word_1_304' title='bbox 396 3301 543 3369; x_wconf 87' lang='lat' dir='ltr'><strong>Drusum,</strong></span> <span class='ocrx_word' id='word_1_305' title='bbox 560 3296 612 3371; x_wconf 87' lang='lat' dir='ltr'><strong>qui</strong></span> <span class='ocrx_word' id='word_1_306' title='bbox 627 3295 816 3366; x_wconf 80' lang='lat' dir='ltr'><strong>Africanum,</strong></span> <span class='ocrx_word' id='word_1_307' title='bbox 836 3293 963 3367; x_wconf 90' lang='lat' dir='ltr'><strong>Pompe·</strong></span> 
     </span>
     <span class='ocr_line' id='line_1_39' title="bbox 64 3375 963 3459; baseline -0.011 -16"><span class='ocrx_word' id='word_1_308' title='bbox 64 3392 140 3444; x_wconf 86' lang='lat' dir='ltr'><strong>smet</strong></span> <span class='ocrx_word' id='word_1_309' title='bbox 154 3385 241 3459; x_wconf 87' lang='lat' dir='ltr'><strong>ipsos</strong></span> <span class='ocrx_word' id='word_1_310' title='bbox 256 3399 325 3443; x_wconf 90' lang='lat' dir='ltr'><strong>cum</strong></span> <span class='ocrx_word' id='word_1_311' title='bbox 339 3383 371 3441; x_wconf 88' lang='lat' dir='ltr'><strong>P.</strong></span> <span class='ocrx_word' id='word_1_312' title='bbox 386 3381 492 3445; x_wconf 85' lang='lat' dir='ltr'><strong>clodio</strong></span> <span class='ocrx_word' id='word_1_313' title='bbox 508 3379 646 3441; x_wconf 81' lang='lat' dir='ltr'><strong>conferre</strong></span> <span class='ocrx_word' id='word_1_314' title='bbox 660 3378 834 3438; x_wconf 88' lang='lat' dir='ltr'><strong>audeamus.</strong></span> <span class='ocrx_word' id='word_1_315' title='bbox 877 3375 963 3453; x_wconf 74' lang='lat' dir='ltr'><strong>Tole-</strong></span> 
     </span>
    </p>
   </div>
   <div class='ocr_carea' id='block_1_12' title="bbox 989 3586 1042 3636">
    <p class='ocr_par' dir='ltr' id='par_1_12' title="bbox 989 3586 1042 3636">
     <span class='ocr_line' id='line_1_40' title="bbox 989 3586 1042 3636; baseline 0 0"><span class='ocrx_word' id='word_1_316' title='bbox 989 3586 1042 3636; x_wconf 76' lang='grc' dir='ltr'><strong><em>Δ</em></strong></span> 
     </span>
    </p>
   </div>
   <div class='ocr_carea' id='block_1_13' title="bbox 0 0 1182 3854">
    <p class='ocr_par' dir='ltr' id='par_1_13' title="bbox 0 0 1182 3854">
     <span class='ocr_line' id='line_1_41' title="bbox 0 0 1182 3854; baseline 0 0"><span class='ocrx_word' id='word_1_317' title='bbox 0 0 1182 3854; x_wconf 95' lang='lat' dir='ltr'><strong> </strong></span> 
     </span>
    </p>
   </div>
  </div>
 </body>
</html>
