2356 3854
116 170 181 239 md
216 197 218 201 ’
268 175 307 233 ΙΝ
319 173 359 232 Μ.
374 170 574 235 ANTONIUM
589 168 728 231 ORATIO
740 169 961 233 PHILIPPICA
973 171 1009 231 11.
1084 170 1087 177 '

118 325 213 391 salvis
230 322 335 383 nobis!
359 321 421 383 Sed
437 320 668 396 quoquomodo
683 317 844 381 uobiscum
862 319 984 395 egeris,
999 322 1065 381 dum
1078 320 1131 383 11111

119 406 255 469 consiliis
280 407 391 477 uteris,
427 422 487 465 non
512 411 616 479 potes,
645 400 848 475 mihicrede,
880 419 957 463 esse
983 403 1132 465 diatomos

116 489 234 553 Etenim
249 489 307 549 istu
321 496 373 550 tua
387 488 508 549 minime
523 494 618 549 avara·
627 485 753 559 coniux,
776 501 872 560 quam
887 502 949 561 ego
967 487 1133 547 1111111111-

117 571 206 633 mella
224 572 382 642 describo,
407 570 531 631 nimium
552 570 642 631 debet
661 567 714 629 diu
734 569 852 644 populo
872 568 1018 630 Romano
1037 570 1135 631 11111111

118 654 307 730 pensionem.
325 655 422 717 Habet
434 653 729 729 populusRomanus
740 651 779 712 ad
792 668 874 726 quos
888 651 1136 728 gubernaculum

117 737 258 813 publicae
273 739 403 799 deierat:
419 737 470 811 qui
485 737 667 811 ubicumque
681 742 828 795 terrarum
842 744 930 808 sunt,
946 735 992 796 ibi
1006 745 1052 797 est
1063 751 1136 796 omos

117 820 161 889 rei
176 820 317 894 publicae
333 820 518 894 praesidium
536 820 583 877 val
599 816 700 893 potius
715 818 782 892 ipsa
798 833 851 878 ros
867 818 1014 893 publica,
1028 835 1099 894 quae
1110 833 1136 878 11

117 902 216 965 adhuc
239 912 353 965 lantum
373 903 464 963 modo
486 904 549 964 ulta
567 909 633 972 est,
654 901 788 961 nondum
809 898 1025 976 recuperavit
1060 902 1137 961 llabel

119 986 241 1062 quidem
264 995 346 1049 certe
365 1002 416 1046 res
438 985 558 1063 publica
572 985 783 1044 adolescentes
798 984 1020 1046 nobilissimos
1036 993 1136 1060 puratos

118 1069 308 1133 defensores.
354 1069 448 1142 Quam
470 1070 588 1141 volent,
615 1066 658 1127 illi
684 1067 807 1141 cedant,
834 1067 907 1127 ocio
942 1070 1134 1129 consulentes:

117 1163 217 1217 tamen
231 1167 250 1212 a
266 1168 300 1212 re
316 1152 438 1226 publica
451 1152 683 1213 revocabuntur.
714 1150 753 1208 Et
766 1166 879 1210 nomen
894 1152 991 1225 pacis
1007 1152 1088 1212 dulce
1097 1156 1133 1208 cst

117 1243 147 1295 et
160 1234 229 1309 ipsa
244 1251 295 1297 res
310 1234 464 1297 salutaris:
483 1235 538 1295 sed
554 1233 630 1293 inter
641 1248 747 1307 pacem
759 1241 789 1293 et
798 1231 987 1294 servitutem
999 1234 1135 1309 plurimun

115 1317 248 1381 interest
291 1317 354 1379 Pax
379 1327 428 1378 est
451 1316 611 1391 tranquilla
635 1315 771 1387 libertas,
801 1315 942 1377 servitus
969 1325 1135 1392 postrema

116 1402 264 1463 melorum
287 1399 434 1471 omnium,
456 1417 516 1460 nou
533 1400 623 1459 modo
641 1399 738 1469 bello,
758 1399 813 1459 sed
829 1406 934 1460 morte
951 1398 1045 1461 etiam
1060 1399 1136 1474 repel·

42 1558 45 1562 Ι
115 1481 247 1547 lendum.
283 1480 356 1544 114.
377 1482 464 1555 Quod
483 1483 509 1542 si
524 1499 558 1542 se
573 1483 659 1557 ipsos
674 1481 716 1541 illi
730 1482 826 1543 nostri
841 1481 1034 1544 liberatores
1050 1497 1133 1543 econ

117 1572 224 1638 spectu
252 1574 357 1627 nostro
383 1566 585 1638 abstulerunt,
615 1575 645 1624 at
666 1565 839 1638 exemplum
861 1565 937 1625 lacti
956 1567 1136 1642 reliquerunt

115 1646 176 1720 lili,
199 1649 282 1722 quod
298 1664 387 1709 nemo
404 1649 530 1721 lecerat,
549 1650 693 1709 iecerunt.
728 1647 930 1722 Tarquinium
945 1649 1063 1711 Brutus
1075 1648 1136 1707 bello

117 1739 165 1793 est
179 1740 376 1804 persecutum
398 1731 450 1805 qni
465 1741 526 1793 turn
542 1748 598 1791 rex
612 1731 676 1802 11111,
694 1747 787 1806 quum
800 1746 874 1791 esse
887 1732 1014 1792 Romae
1031 1730 1137 1810 [rogem]

52 1810 59 1817 “
116 1815 236 1877 licebat.
258 1814 310 1890 Sp.
328 1814 462 1885 Cassius,
479 1815 533 1889 sp.
548 1814 691 1884 Maelius,
706 1815 746 1872 Μ.
760 1813 892 1874 Manlius
909 1824 1044 1890 propter
1057 1811 1138 1888 saepi

117 1897 236 1959 aionem
261 1897 347 1972 regni
369 1897 532 1972 appetendi
554 1906 624 1959 sunt
644 1896 752 1956 necati.
785 1896 824 1957 Hi
841 1897 933 1971 primi
955 1915 1030 1958 cum
1049 1894 1138 1972 gladiis

116 1994 177 2038 non
192 1979 222 2041 in
238 1995 363 2053 regnum
378 1989 586 2055 appetentem,
602 1981 658 2040 sed
675 1979 705 2038 in
719 1987 897 2053 regnantem
911 1985 1064 2056 impetum
1077 1982 1137 2040 lece

115 2069 194 2121 runt.
218 2063 305 2135 Quod
321 2081 413 2137 quum
429 2064 528 2137 ipsum
546 2065 657 2123 lactum
673 2079 726 2136 per
741 2079 774 2122 se
789 2063 987 2136 praeclarum
1006 2073 1138 2137 estatqtt

98 2144 251 2205 'divinum
276 2153 336 2206 lum
363 2148 533 2220 expositum
560 2147 600 2205 ad
626 2145 815 2215 imitandum,
846 2147 1039 2218 praesertim
1066 2161 1139 2222 quun

116 2227 158 2289 illi
178 2243 244 2291 eam
265 2227 390 2303 gloriam
416 2231 570 2289 consecuti
592 2229 651 2288 sint
675 2245 753 2303 quae
773 2229 823 2288 vix
846 2230 936 2290 caelo
963 2233 1037 2306 capi
1062 2243 1140 2306 posse
1172 2270 1174 2277 -

116 2309 219 2373 videat
207 2320 264 2372 t.ur
285 2310 350 2373 Etsi
365 2311 443 2372 enim
459 2312 533 2373 satis
547 2312 577 2371 ln
591 2311 660 2386 ipsa
671 2309 858 2372 conscientia
869 2313 1075 2385 pulcherrimi
1085 2308 1141 2373 iacti

117 2392 232 2455 fructus
248 2403 325 2464 erat,
340 2403 440 2455 tamen
457 2393 575 2455 mortali
590 2395 842 2459 immortalitatem
857 2411 921 2455 non
939 2397 1075 2459 arbitror
1084 2409 1142 2457 esse

118 2477 379 2537 contemnendam.

178 2558 266 2617 XLV.
289 2557 359 2620 115
374 2560 573 2620 Recordare'
565 2563 655 2635 igitur
668 2561 766 2633 illum,
780 2560 821 2620 M.
832 2514 968 2634 Antoni,
986 2563 1078 2639 diem,
1092 2576 1141 2637 quo

118 2637 294 2701 dictaturam
310 2642 468 2702 sustulisti.
487 2643 571 2702 Pone
585 2654 655 2705 ante
671 2644 776 2707 oculos
792 2642 939 2704 laetitiam
955 2657 1085 2709 senatus
1097 2661 1140 2720 po·

117 2722 241 2797 polique
255 2724 399 2784 1111111111
422 2727 527 2784 confer
547 2741 615 2786 eom
637 2726 724 2786 hac
716 2725 836 2786 immani
857 2726 1084 2791 nundinatione
1101 2726 1142 2788 1111

115 2812 312 2883 tuorumque:
334 2813 396 2866 tum
417 2806 566 2882 intelliges
589 2817 734 2884 quantum
754 2810 830 2870 inter
847 2809 970 2870 lucrum
989 2822 1024 2874 et
1037 2813 1143 2874 laudern

115 2887 242 2951 intersit.
278 2889 341 2950 Sed
360 2889 512 2962 nimirum,
534 2899 567 2953 nt
587 2891 710 2966 quidam
730 2892 835 2953 morbo
857 2891 967 2968 aliquo
990 2905 1024 2957 et
1046 2909 1141 2956 sensus

116 2979 241 3046 stupore
262 2973 439 3035 suavitatem
463 2975 521 3034 cibi
542 2990 603 3034 non
625 2977 770 3051 sentiunt,
794 2975 839 3036 sio
859 2974 1041 3051 libidinosi,
1063 2974 1139 3046 11111,

66 3059 69 3073 “
116 3053 281 3117 facinorosi
298 3058 878 3131 111111111ᾱί11111111111111111111111.
913 3057 981 3120 Sed
999 3062 1029 3122 si
1047 3063 1137 3123 111111

115 3136 247 3198 adlicere
268 3141 307 3199 ad
329 3148 412 3200 recte
433 3140 605 3203 iaciendum
625 3157 685 3201 non
710 3149 825 3216 potest,
848 3158 888 3201 ne
907 3149 1014 3206 metus
1033 3145 1135 3221 quidem

116 3228 135 3271 a
152 3217 337 3282 foedissimis
359 3221 446 3282 lactis
462 3231 564 3298 potest
579 3231 731 3285 avocaret
750 3223 867 3285 Iudicia
879 3241 946 3286 non
962 3229 1085 3289 metuis.
1111 3219 1136 3282 Sl

116 3307 240 3369 propter
255 3304 471 3377 innocentiam,
491 3307 599 3369 laudor
622 3305 669 3366 sin
686 3317 811 3383 propter
826 3307 902 3382 vim,
921 3327 986 3370 non
1001 3307 1136 3383 intelligis,

116 3375 168 3449 (illi
190 3379 250 3440 isto
275 3386 367 3445 modo
391 3387 503 3447 iudicia
523 3405 585 3449 non
604 3388 723 3463 11111111,
752 3391 780 3450 ei
801 3389 893 3465 quid
900 3392 1070 3455 timendum
1089 3391 1137 3452 sill
1172 3422 1174 3427 ·
