2356 3854
374 161 602 224 CAP.1o-‘13.
624 167 651 228 t.
665 169 797 225 aa-aa
1041 167 1104 236 419

72 310 174 392 (iredq
192 313 271 373 enim
285 329 357 382 vos,
373 311 492 372 nobiles
508 312 657 380 homines,
678 329 786 386 magna
805 315 952 388 quaedam
964 325 1101 390 spectan-

71 403 129 468 tes,
142 412 203 455 non
217 395 386 470 pecuniam,
399 404 432 455 ut
444 396 566 469 quidam
578 394 667 454 nimis
680 396 794 456 creduli
809 399 1014 472 suspicantur,
1024 417 1102 475 quae

71 494 196 554 semper
211 480 248 538 ab
266 477 450 552 amplissimo
468 494 592 553 quoque
617 477 848 553 clarissimoque
863 489 1035 557 contempta
1052 493 1099 545 est

72 578 135 623 aon
152 579 228 638 opes
243 561 393 633 violentas
404 570 435 621 et
453 562 567 635 populo
583 562 721 620 Romano
736 560 857 622 minime
876 564 1030 626 ferendam
1046 584 1101 641 po-

73 647 214 719 tentiam,
236 646 292 705 sed
310 645 463 704 caritatem
482 642 597 703 'civium
625 653 656 704 et
674 643 801 718 gloriam
824 647 1015 720 concupisse.
1056 651 1102 710 Ea

74 738 121 789 est
139 738 238 790 autom
261 726 356 803 gloria
377 728 443 786 laus
464 735 547 786 recte
570 728 716 786 laetorum
737 743 976 803 magnorumque
991 731 1021 790 in
1038 749 1100 793 rem

75 811 224 887 publicam
243 809 428 883 maritorum,
443 826 524 883 quae
543 827 634 890 quum
649 809 754 885 optimi
769 809 919 885 cuiusque
932 820 994 872 tum
1012 815 1101 874 etiam

74 893 454 964 multitudinistestimonio
466 894 689 967 comprobatur.
711 893 761 956 30.
776 894 923 964 Dicerem,
936 895 1101 970 Dolabella,

76 978 125 1052 qui
137 988 220 1038 recte
233 979 380 1036 laetorum
392 975 507 1035 lructus
519 985 610 1050 esset,
622 976 682 1035 nisi
693 986 723 1036 te
734 984 855 1050 praeter
867 984 1005 1036 caeteros
1016 980 1100 1050 paul-

75 1058 169 1136 lisper
184 1077 254 1120 esse
273 1067 429 1132 expertum
446 1059 588 1122 viderem.
621 1058 715 1131 Quem
729 1062 817 1134 potes
831 1058 985 1118 recordari
1000 1057 1029 1118 in
1042 1059 1102 1120 vita

70 1139 212 1206 illuxisse
227 1142 279 1202 tibi
296 1141 375 1200 diam
390 1140 546 1202 laetiorem
562 1158 651 1215 quam
673 1159 764 1216 quum
783 1141 905 1216 expiato
922 1143 999 1215 soro,
1013 1142 1102 1202 dissi-

70 1237 144 1300 pato
161 1241 313 1284 concursu
329 1223 499 1298 impiorum,
516 1224 703 1300 principibus
716 1224 841 1286 sceleris
855 1241 953 1305 poena
965 1225 1101 1299 adiectis,

70 1312 148 1368 urbe
169 1306 309 1388 incendio
328 1315 358 1367 et
378 1307 482 1368 caedis
503 1315 584 1368 metu
603 1309 730 1370 liberata
749 1317 779 1369 te
802 1309 923 1369 domum
939 1308 1102 1382 recepistis

70 1391 167 1457 Unius
183 1389 313 1463 ordinis,
338 1389 424 1450 cuius
439 1391 573 1466 generis,
593 1393 679 1453 cuius
695 1391 828 1467 denique
845 1393 983 1452 lortunae
999 1392 1099 1453 studia

70 1479 133 1536 lum
151 1473 233 1534 laudi
249 1482 279 1533 et
289 1473 480 1547 gratulationi
501 1483 571 1535 tuae
587 1491 622 1536 se
643 1493 704 1536 non
725 1476 918 1537 obtulerunt?
936 1474 1010 1549 Quin
1027 1475 1099 1541 mibi

70 1560 172 1631 etiam,
188 1573 248 1632 quo
265 1566 389 1618 auctore
404 1565 433 1618 te
448 1557 478 1617 in
494 1556 532 1618 iis
545 1560 638 1619 rebus
651 1558 693 1619 uti
704 1559 932 1629 arbitrabantur,
946 1565 975 1619 et
989 1557 1100 1632 gratias

70 1641 145 1725 boni
164 1639 219 1699 viri
230 1642 372 1722 agebant
389 1649 419 1701 et
432 1649 484 1702 tuo
499 1643 619 1702 nomine
639 1644 873 1715 gratulabantur.
902 1643 1099 1714 Recordare,

70 1740 201 1803 quaeso,
214 1724 382 1795 Dolabella,
398 1740 584 1785 consensum
598 1724 682 1784 illum
696 1725 813 1797 theatri,
828 1743 919 1800 quum
933 1741 1038 1786 omnes
1051 1741 1100 1785 aa·

70 1826 138 1872 rum
155 1823 254 1869 rerum
270 1807 363 1878 obliti,
380 1815 507 1882 propter
522 1823 598 1880 quas
613 1809 733 1867 inerant
752 1807 804 1868 tibi
816 1807 933 1878 offensi,
950 1808 1099 1882 significa·

70 1900 142 1954 runt
166 1906 201 1951 se
218 1891 368 1951 beneficio
385 1907 466 1950 novo
482 1890 656 1951 memoriam
674 1892 785 1951 veteris
808 1891 924 1952 doloris
938 1891 1098 1953 abiecisse.

70 1975 120 2039 31.
140 1975 227 2033 Hanc
244 1981 290 2044 tu,
310 1973 341 2032 P.
356 1974 514 2035 Dolabella
535 1990 706 2048 --magno
720 1975 832 2050 loquor
846 1990 913 2035 eum
928 1975 1034 2035 dolore
1049 2008 1099 2048 —-,

70 2074 150 2121 nanc
165 2065 206 2131 tu,
222 2057 355 2132 inquam,
371 2056 496 2132 potuisti
511 2064 609 2133 aequo
622 2057 721 2119 animo
737 2066 847 2119 tantam
863 2058 1036 2134 dignitatem
1048 2060 1100 2119 de-

70 2147 212 2220 ponere?
232 2140 309 2200 lilii.
333 2141 377 2202 Tu
391 2149 507 2212 autem,
524 2141 564 2200 M.
581 2141 709 2214 Antoni,
725 2175 765 2186 -
780 2142 935 2203 absentem
951 2143 1031 2200 anim
1045 2157 1100 2215 ap-

70 2227 152 2303 pello
164 2256 206 2268 -
223 2241 315 2285 unum
329 2223 414 2289 illum
429 2224 525 2298 diem,
543 2240 603 2299 quo
614 2225 646 2285 in
662 2225 738 2286 aede
752 2219 878 2286 Telluris
894 2232 1018 2286 sanatus
1035 2223 1099 2296 fuit,

70 2325 133 2370 non
152 2306 292 2368 omnibus
306 2308 354 2371 his
371 2309 540 2378 mensibus
564 2309 674 2383 quibus
694 2307 725 2368 te
745 2309 866 2381 quidam
884 2309 1006 2368 multum
1020 2322 1038 2364 a
1051 2323 1100 2366 mc

70 2391 288 2455 dissentientes
302 2392 422 2453 beatum
439 2397 558 2467 putant,
580 2389 764 2466 anteponis?
784 2390 866 2463 Quae
881 2390 935 2450 luit
949 2388 1043 2450 oratio
1060 2390 1099 2451 de

70 2474 260 2538 concordia?
272 2484 388 2549 quanto
401 2485 482 2537 metu
497 2478 517 2543 †
532 2476 676 2548 veterani,
690 2482 801 2549 quanta
813 2473 1015 2534 sollicitudine
1026 2471 1099 2534 civi-

70 2566 192 2620 tastum
206 2573 223 2617 a
237 2567 267 2618 te
281 2557 487 2621 liberataestt
506 2558 605 2632 Duum
620 2560 768 2632 collegam
786 2565 868 2618 tuum
881 2556 1028 2632 depositis
1044 2554 1098 2618 ini-

70 2640 194 2703 micitiis
209 2640 496 2715 oblitusauspiciaa
516 2641 627 2716 teipso
640 2658 755 2717 augura
774 2641 879 2718 populi
889 2641 1099 2702 Romaninnn-

70 2726 151 2788 ciata
165 2723 216 2784 illo
233 2724 360 2798 primum
371 2722 421 2784 die
435 2724 582 2797 collegam
597 2725 650 2786 tibi
664 2743 736 2787 esse
752 2725 887 2786 voluisti:
906 2735 974 2786 tuus
987 2741 1099 2800 parvus

70 2809 153 2870 lilius
169 2808 197 2868 in
213 2807 391 2881 Capitolium
408 2815 470 2868 ate
483 2806 597 2867 missus
612 2810 697 2882 pacis
714 2809 806 2869 obses
822 2806 890 2869 luitr
905 2807 955 2869 32.
973 2823 1034 2882 quo
1051 2822 1098 2866 se·

70 2900 164 2952 natus
183 2890 234 2952 die
250 2890 371 2964 laetior,
392 2907 453 2966 quo
469 2891 602 2965 populus
613 2892 791 2950 Romanus?
809 2890 860 2965 qui
883 2891 1005 2964 quidem
1019 2889 1100 2948 nulla

70 2978 100 3035 in
120 2974 263 3035 contione
280 2970 422 3049 umquam
443 2971 633 3046 frequentior
644 2972 705 3033 luit.
749 2973 823 3032 Tum
837 2972 970 3047 denique
986 2971 1099 3031 liberati

70 3073 129 3136 per
143 3059 227 3119 viros
242 3057 425 3119 fortissimos
438 3056 622 3130 videbamur,
642 3055 721 3130 quie,
732 3063 764 3116 ut
774 3053 995 3127 illivoluerunt,
1011 3054 1098 3114 liber·

70 3151 164 3204 tatem
177 3158 247 3216 pax
267 3141 519 3216 consequebatur.
563 3138 714 3213 Proximo,
733 3140 837 3212 altero,
850 3138 952 3212 tertio,
969 3137 1100 3212 denique

70 3224 200 3300 reliquis
230 3224 402 3284 consecutis
426 3223 534 3282 diebus
556 3237 616 3281 non
639 3221 856 3283 intermittebas
879 3221 967 3296 quasi
986 3223 1100 3282 donum

70 3308 201 3383 aliquod
221 3307 331 3373 cotidie
352 3307 472 3367 adferre
486 3305 531 3366 rei
546 3305 699 3380 publicam
722 3304 883 3370 maximum
903 3315 1002 3367 autem
1017 3304 1099 3373 illud,

70 3392 158 3468 quod
177 3390 340 3451 dictaturae
354 3404 462 3450 nomen
481 3388 636 3450 sustulisti.
674 3390 757 3450 Haec
770 3387 874 3532 inggta
883 3397 932 3451 est
944 3406 962 3449 a
975 3398 1014 3463 te,
1030 3394 1099 3453 ate,
