2356 3854
97 119 189 233 ¹ata
210 226 212 235 ,
346 116 926 226 00001011001000000100.

184 314 207 376 1.
219 312 248 374 l.
266 311 331 370 Etsi
344 326 460 380 vereor,
476 307 602 380 iudices,
624 323 661 365 ne
673 314 759 380 turpe
775 307 814 364 sit
830 322 884 378 pro
901 304 1066 380 fortissimo
1083 305 1132 365 1110

121 397 223 456 (110010
235 393 427 466 incipientem
440 391 545 452 timere
556 388 738 463 minimeque
753 389 868 458 deceat,
882 405 979 461 quum
990 387 1023 449 T.
1035 387 1134 447 Annius

121 479 189 553 ipse
215 476 310 550 magis
332 475 370 533 de
384 473 428 533 rei
444 473 584 548 publicae
598 473 694 533 salute
713 487 803 545 quam
821 471 934 529 desua
953 471 1133 544 perturbetur,
1156 544 1161 555 .

122 576 170 619 me
193 558 232 617 ad
248 558 313 617 eius
329 573 452 616 causam
470 572 573 632 parem
588 554 678 614 animi
692 552 931 628 magnitudinem
955 554 1076 612 adlerre
1091 569 1136 612 000

123 649 344 716 posse,‘tamen
358 640 435 699 haec
448 639 522 699 novi
537 637 639 697 iudicii
651 653 731 696 nova
746 638 842 695 torma
855 644 950 695 terret
967 637 1085 707 oculos,
1098 635 1136 710 qni

123 739 316 799 quocumque
330 721 508 794 inciderunt,
526 718 776 780 consuetudinem
788 717 846 777 lori
860 725 890 777 et
905 718 1072 791 pristinum
1089 734 1135 777 mo·

121 823 185 866 rem
204 805 382 865 iudiciorum
397 805 563 879 requirunt.
607 803 673 862 Non
690 802 770 860 enim
785 817 899 860 corona
916 816 1087 861 consessus
1100 815 1135 858 vc

123 898 184 949 ster
198 888 314 947 cinctus
330 898 384 960 est,
400 896 433 947 ut
446 887 578 946 solebam
596 901 657 943 non
672 883 782 944 usitata
797 882 972 957 frequentia
989 883 1089 957 stipati
1100 886 1136 942 sn²

122 978 204 1031 mus:
228 969 257 1027 2.
275 988 335 1031 non
350 971 401 1029 illa
416 968 576 1044 praesidia,
593 983 672 1042 quae
687 983 742 1041 pro
759 965 879 1040 templis
899 966 1047 1028 omnibus
1063 965 1136 1026 cerni·

122 1056 177 1127 tis,
197 1051 255 1112 etsi
269 1061 372 1112 contra
391 1053 448 1110 vim
465 1053 620 1118 collocata,
628 1058 713 1122 sunt,
734 1065 796 1107 non
813 1049 957 1108 adierunt
971 1058 1073 1109 tamen
1087 1064 1135 1108 ora·

63 1146 66 1150 ’
123 1135 184 1198 tori
194 1134 316 1208 aliquid,
333 1142 366 1193 ut
376 1134 405 1193 in
420 1137 486 1193 loro
502 1142 532 1193 et
543 1134 573 1192 in
586 1130 708 1203 indicio,
725 1146 910 1205 quamquam
924 1132 1086 1206 praesidiis
1098 1146 1135 1206 sa·
1170 1176 1172 1180 .

17 1226 21 1236 “
71 1226 74 1234 ’
122 1215 951 1290 luteribusetnecesseriissaeptisumus,tatnennenon
970 1215 1076 1274 timere
1087 1212 1133 1287 qui-

122 1300 192 1359 dem
206 1299 272 1357 sine
286 1299 387 1373 aliquo
403 1299 509 1358 timore
530 1297 695 1372 possimus.
739 1295 822 1368 Quae
845 1297 871 1356 si
888 1299 1038 1371 opposita
1053 1293 1134 1354 ltiilon'
1169 1334 1172 1346 „

122 1390 275 1456 putarem,
290 1382 429 1439 cederem
444 1380 585 1454 tempori,
600 1370 726 1450 iudicer,
743 1395 799 1438 nec
811 1378 889 1439 inter
905 1389 1021 1440 tantam
1037 1382 1133 1455 vim-ar·

122 1479 239 1523 morum
254 1463 455 1521 existimarem
471 1478 541 1521 esse
560 1461 688 1525 orationi
703 1464 812 1522 locum.
849 1461 913 1521 Sed
930 1479 981 1522 me
997 1470 1104 1522 recreat
1114 1467 1133 1518 et

122 1546 219 1605 reficit
230 1546 280 1604 Cn.
292 1545 441 1622 Pompeii,
457 1543 715 1618 sapientissimi'et
726 1543 884 1604 iustissimi
899 1545 966 1620 viri,
986 1545 1132 1614 consilinm,
1166 1555 1169 1564 ·

123 1629 175 1704 qui
191 1628 325 1703 prolecto
342 1644 397 1687 nec
413 1627 543 1688 iustitiae
560 1644 633 1688 suae
650 1634 769 1702 putaret
783 1643 862 1701 esse,
880 1644 975 1702 quem
986 1645 1070 1690 reum
1082 1642 1131 1687 sen·
1166 1640 1172 1691 -ὲ

122 1712 223 1772 tentiis
235 1711 367 1771 iudicum
377 1711 560 1785 tradidisset,
579 1710 717 1770 eumdem
734 1710 799 1769 telis
814 1709 941 1770 militum
958 1712 1080 1784 dedere,
1092 1716 1137 1768 nec‘
1167 1708 1171 1745 ³

123 1794 289 1868 sapientiae
302 1793 499 1854 temeritatem
509 1793 677 1854 concitatae
688 1792 885 1853 multitudinis
903 1795 1080 1855 auctoritate
1092 1808 1131 1869 pu
1167 1805 1172 1825 ⁴

121 1878 201 1937 blica
214 1893 339 1940 armare.
383 1875 413 1936 3.
430 1877 579 1950 Quamob
595 1876 724 1934 remilla
745 1892 844 1948 arma,
868 1877 1078 1948 centuriones,
1096 1880 1132 1935 dt

121 1960 224 2019 hortes
241 1976 300 2018 non
320 1960 485 2034 periculum
502 1958 600 2031 nobis,
616 1959 672 2018 sed
689 1957 874 2031 praesidinm
890 1956 1131 2033 denunciantur
1168 1984 1172 2009 τ

123 2058 182 2117 que
199 2044 297 2102 solum
313 2051 346 2102 ut
363 2042 479 2116 quieto,
503 2042 559 2102 sed
580 2043 668 2100 etiam
684 2049 717 2099 ut
731 2057 841 2114 magno
857 2041 959 2102 animo
976 2043 1070 2103 simus
1082 2041 1133 2099 hor

41 2201 43 2204 .
122 2131 236 2197 tantur,
254 2141 353 2198 neque
370 2124 512 2183 auxilium
529 2124 619 2183 modo
635 2122 806 2182 defensioni
821 2140 923 2198 meae,
944 2122 1134 2186 verumetiam

124 2206 274 2267 silentium
290 2206 477 2281 pollicentur.
509 2205 639 2279 Reliqua
655 2222 728 2265 vero
747 2205 916 2278 multitudo,
933 2225 1017 2281 quae
1034 2207 1135 2282 quiden
1170 2248 1172 2252 ι

122 2299 169 2350 est
184 2289 302 2362 civium,
317 2298 380 2350 tota
392 2298 495 2349 nostra
510 2297 565 2359 est,
582 2303 682 2361 neque
693 2303 798 2347 eorum
815 2289 992 2364 quisquam,
1012 2304 1135 2366 quosna-

122 2372 214 2445 dique
229 2372 388 2447 intuentes,
406 2374 487 2433 unde
501 2373 604 2445 aliqua
622 2371 677 2429 1011
693 2386 765 2444 pars
777 2370 874 2445 aspici
891 2381 1007 2448 potest,
1022 2382 1053 2434 et
1065 2371 1136 2432 huius

122 2454 234 2513 exitum
249 2455 352 2514 iudicii
370 2462 582 2530 exspectantes
592 2451 712 2525 videtis,
729 2469 790 2512 non
807 2471 899 2528 quum
917 2455 1023 2516 virtuti
1036 2453 1137 2515 Milonis

62 2555 67 2568 ·
122 2537 203 2595 lavet
223 2544 285 2596 tum
301 2539 339 2596 de
353 2555 401 2608 se,
424 2539 462 2596 de
482 2535 588 2601 libens,
601 2534 680 2605 suis,
705 2536 744 2594 de
762 2536 872 2610 patria,
896 2539 934 2597 de
959 2540 1089 2605 fortunis
1100 2539 1137 2596 ho

77 2660 79 2664 »
122 2616 226 2677 (110100
243 2619 292 2676 die
307 2621 455 2678 decertari
470 2623 568 2694 putat.¹
590 2618 625 2675 ll.
641 2617 740 2677 Unum
755 2635 851 2692 genus
869 2628 917 2679 est
933 2623 1098 2683 adversum
1107 2620 1138 2678 in·

121 2701 293 2774 testumque
308 2701 394 2759 nobis
407 2707 520 2771 eorum,
535 2715 613 2774 quos
623 2699 654 2757 P.
671 2699 766 2759 Clodii
783 2703 866 2760 luror
875 2703 1001 2777 rapinis
1014 2715 1046 2766 et
1058 2706 1139 2765 iacen-

121 2781 179 2841 diis
195 2790 224 2842 et
241 2781 379 2842 omnibus
392 2783 491 2843 exitiis
502 2781 630 2857 publicis
646 2781 742 2856 pavit:
756 2785 806 2855 qui
821 2783 968 2846 hesterna
984 2788 1076 2848 etiam
1087 2800 1141 2846 con·

121 2866 201 2924 tione
216 2865 328 2924 incitati
351 2874 434 2938 sunt,
457 2874 489 2925 ut
506 2864 593 2924 robis
610 2880 687 2940 voce
709 2864 861 2938 praeirent
880 2869 957 2941 quid
973 2869 1143 2931 iudicaretis

122 2947 253 3018 Quorum
268 2949 382 3007 clamor
399 2950 424 3007 si
442 2948 493 3023 qui
511 2949 587 3006 lorte
604 2946 706 3018 luerit,
722 2948 885 3008 admonere
902 2968 961 3011 vos
979 2953 1109 3023 debebit,
1120 2955 1144 3009 ot

122 3044 191 3089 eum
206 3029 302 3091 civem
318 3031 487 3104 retineatis,
510 3031 561 3104 qui
583 3045 705 3102 semper
718 3046 815 3103 genus
831 3031 905 3090 illud
920 3033 1084 3096 hominurn
1097 3035 1142 3094 cla·

21 3108 25 3117 '
120 3125 282 3186 moresque
298 3113 444 3174 maximos
459 3129 533 3188 prae
549 3120 649 3171 vestra
664 3113 760 3171 salute
777 3114 920 3188 neglexit.
958 3117 992 3178 4.
1009 3113 1141 3192 Quanot

120 3204 184 3249 rem
197 3195 303 3256 adeste
317 3197 439 3268 animis,
460 3193 593 3271 iudices,
619 3201 647 3275 et
662 3194 799 3254 timorem
815 3197 840 3254 si
859 3213 952 3270 quem
971 3201 1090 3262 habetis
1102 3197 1141 3257 de

123 3271 232 3341 ponite.
275 3279 348 3336 Nam
370 3278 396 3338 si
413 3293 555 3352 umquam
572 3275 713 3335 debonis
733 3285 762 3336 et
776 3278 905 3339 fortibus
929 3281 1023 3355 viris,
1045 3284 1072 3344 si
1091 3296 1140 3342 nar

121 3357 263 3424 quamde
281 3359 485 3420 benemeritis
508 3359 624 3417 civibus
646 3366 782 3431 potestas
803 3360 890 3420 vobis
912 3362 1071 3426 iudicandi
1090 3361 1139 3423 tuit
