2356 3854
127 185 191 252 aaa
420 146 859 245 nnunsnsrroon'arro.

128 352 197 400 cem
209 341 289 397 ceria
302 336 400 396 emino
412 334 572 405 adiuverit,
592 311 738 406 statuerit,
758 336 869 393 emeat
882 349 952 393 cum
966 334 1083 395 Achivis

129 418 290 481 vobiscum
301 433 349 477 rne
359 417 482 478 stetisse
495 415 631 475 dicebat:
647 423 767 475 vestros
780 414 906 475 ordines
918 416 1139 478 demonstrabat

34 490 35 495 ¹
129 501 343 562 Revocabatur
358 501 398 559 ab
414 498 581 560 universisz
594 516 629 558 re
644 499 735 558 dubia
748 500 833 557 baad
845 499 990 558 dubitarit
1002 503 1088 559 vitem
1097 497 1138 571 es·

126 585 214 659 serre
226 601 282 644 nec
293 586 387 659 capiti
394 585 570 658 pepercem‘t.
593 579 663 642 121.
678 581 761 640 Haec
775 580 900 654 quantis
918 581 957 640 ab
973 580 1137 642 illectans

128 666 213 727 ribus
234 666 414 742 agebantur!
438 682 530 740 quum
552 665 611 724 iam
635 664 750 723 omisso
771 672 860 737 gestu
875 662 979 722 verbis
999 666 1138 738 poenes

130 748 231 810 studio
241 748 353 810 actoris
366 758 396 809 et
407 746 629 823 exspectationi
640 754 764 806 nostrae
779 746 992 820 plauderetur=
1006 748 1137 806 Summam

128 836 262 906 amicum,
276 848 386 893 summo
400 836 432 891 m
445 833 518 892 bello
530 873 580 889 .....
596 846 665 889 narn
685 828 759 889 illud
779 827 848 903 ipse
867 837 954 889 actor
969 829 1137 904 adiungebat

117 916 225 976 amico
249 914 351 975 animo
373 923 403 974 et
429 915 560 974 tortasse
582 912 720 972 homiues
741 919 866 986 propter
888 909 1019 985 aliquod
1036 911 1137 971 deside

128 997 206 1058 ιίιιιιι
218 999 443 1073 approbabant:
460 1012 572 1057 summe
586 998 702 1069 inpem'o
710 996 894 1069 praeditum.
915 994 1011 1054 LVII.
1021 995 1080 1054 iam
1091 993 1135 1065 iila,

128 1089 240 1157 quanto
264 1096 332 1140 curn
346 1079 459 1154 gemitu
474 1079 582 1155 popuii
596 1077 725 1138 Romani
740 1077 778 1137 ab
794 1078 904 1138 codem
919 1078 1025 1152 paullo
1042 1075 1134 1151 postia

93 1218 98 1223 .
127 1166 234 1224 eadem
251 1163 352 1222 iabuia
368 1170 438 1222 sunt
453 1169 534 1222 aetat
558 1163 582 1223 0
591 1157 698 1237 peter!
713 1203 764 1219 .....
778 1160 842 1234 Me,
865 1176 914 1219 me
929 1159 981 1220 iIIe
998 1161 1133 1220 absentem

126 1254 160 1306 ut
178 1254 294 1319 patrem
322 1245 542 1319 deplorandum
566 1252 698 1319 putarat,
725 1259 816 1318 quem
837 1243 871 1316 Q.
885 1241 1039 1317 Catulus,
1064 1256 1132 1316 quea

126 1327 211 1388 multi
224 1327 274 1386 aiii
290 1343 383 1401 saepe
394 1327 423 1386 in
437 1336 543 1387 senatu
555 1335 671 1402 patrem
683 1325 799 1400 patriae
813 1325 1016 1386 nominarant.
1037 1325 1132 1399 Quanta

128 1427 195 1472 curn
211 1408 286 1470 fletu
303 1411 342 1469 de
355 1409 414 1470 iliis
429 1411 543 1470 nostris
559 1409 708 1469 incendiIs
728 1425 765 1468 ac
786 1407 899 1482 ruinIs‚
921 1426 1016 1483 quum
1038 1416 1132 1483 paren

128 1494 257 1577 pulsum,
268 1491 1132 1588 patriamadflictamdeploraretdomumincensamever·
1172 1532 1175 1557 ÷

121 1592 271 1651 samque,
289 1576 334 1635 sie
348 1570 424 1657 egit,
440 1583 487 1649 ut,
503 1577 709 1637 demonstrata
723 1574 848 1649 pristina
863 1578 1008 1650 fortuna,¹
1004 1585 1132 1671 unumst
1173 1602 1175 1640 ε

128 1657 343 1721 convertissetr
365 1660 450 1720 Haec
467 1662 566 1735 omnia
580 1661 643 1720 aidi
655 1661 851 1734 mflammeri:
871 1657 980 1719 fletum
994 1653 1131 1720 etintnin'r
1173 1686 1175 1693 ·

126 1742 213 1803 micis
236 1751 331 1817 atque
355 1740 467 1802 invidis
491 1738 652 1803 excitaret!
696 1741 767 1803 122.
794 1741 875 1802 Proh
897 1741 929 1801 di
952 1740 1130 1803 immortaieai
1169 1764 1172 1773 ¹

127 1827 199 1902 quid
214 1825 279 1898 illa,
296 1825 579 1901 quemadmodum
593 1824 668 1886 dixit
682 1825 776 1884 idem!
793 1823 961 1900 quaemihi
977 1820 1132 1901 quidemitt
1172 1878 1175 1906 2

125 1917 157 1969 et
174 1917 243 1970 ecta
263 1918 293 1969 et
308 1907 420 1983 scripta
437 1909 578 1970 videntur
591 1923 677 1980 esse,
697 1917 731 1969 ut
744 1908 794 1967 vel
808 1923 828 1966 a
841 1907 875 1981 Q.
890 1908 1014 1982 catulo,
1035 1902 1131 1968 sineri

125 1990 233 2064 xisset,
251 1986 407 2065 praeclare
421 2007 515 2065 posse
530 1991 591 2051 dici
601 1990 788 2051 viderentur=
803 1991 829 2049 is
844 1991 924 2050 enim
938 1991 1036 2052 iibere
1049 2001 1131 2064 repre

125 2073 260 2134 bendere
275 2082 305 2133 et
318 2089 466 2134 accusare
482 2073 588 2149 popuii
604 2090 665 2133 non
680 2089 843 2147 numquam
857 2072 1130 2135 temeritatemscie

124 2157 177 2217 bat
189 2163 241 2218 aut
254 2171 388 2216 errorem
403 2166 542 2218 senatus=
562 2157 587 2218 0
603 2160 766 2231 mammet
777 2156 894 2231 Arpini,
914 2160 1058 2219 immanes
1070 2154 1131 2223 dmi

124 2242 304 2301 immemores
317 2238 456 2313 benefici!
469 2240 617 2300 Neaerat
630 2239 705 2299 iilud
719 2239 841 2314 quidem
856 2255 981 2301 verum=
996 2257 1058 2301 nen
1072 2237 1131 2299 enin

124 2322 247 2398 ingrati,
269 2323 332 2383 sed
347 2321 465 2396 miseri,
487 2323 596 2398 quibus
619 2323 748 2383 reddere
764 2324 892 2395 salutem
908 2340 928 2382 a
944 2339 1008 2399 quo
1023 2334 1131 2396 accere

123 2413 192 2465 rant
209 2421 271 2467 non
292 2404 412 2479 liceret,
433 2422 491 2466 ner
510 2421 590 2466 unus
610 2405 641 2465 in
666 2421 849 2481 quemquam
869 2423 1017 2501 umquam
1039 2403 1131 2482 gratier
1170 2432 1175 2471 =,

125 2503 217 2562 quam
233 2487 264 2547 in
280 2504 329 2549 me
345 2488 494 2549 universi·
516 2489 572 2548 sed
585 2496 685 2549 tamen
702 2488 776 2548 iIIud
794 2487 916 2564 scripsit
929 2488 1131 2551 disertissim

124 2573 216 2644 poeta
238 2585 294 2644 pro
316 2587 380 2643 me,
398 2571 460 2646 egit
471 2571 663 2632 fortissimus
686 2580 785 2644 actor,
806 2587 866 2631 non
890 2571 992 2632 solum
1008 2571 1131 2660 optima

125 2656 164 2713 de
177 2667 241 2724 me,
266 2669 358 2727 quum
373 2668 480 2714 omnes
496 2655 618 2714 ordines
636 2655 872 2726 demonstraret,
894 2664 1038 2716 senatum
1044 2647 1131 2728 ‚euri

122 2744 170 2796 tes
183 2737 348 2807 Romanos,
362 2735 538 2797 uniuersum
553 2733 700 2812 populum
709 2728 879 2797 Romanum
894 2745 1070 2798 accusaret·
1062 2735 1132 2795 de·

122 2823 224 2880 solare
240 2821 348 2892 moitis,
363 2821 439 2880 stetis
448 2824 536 2896 pelli,
554 2825 672 2895 pulsum
681 2823 830 2896 petimini·
861 2820 946 2893 Quae
961 2830 1027 2901 tum
1041 2814 1132 2894 simii

123 2903 202 2964 catio
221 2901 312 2962 inerit
329 2901 479 2975 omnium,
495 2919 574 2978 quae
589 2904 752 2964 declaratio
770 2902 935 2964 voluntatis
950 2904 997 2965 ab.
1008 2904 1130 2964 anives

123 2988 240 3061 populo
261 2987 400 3046 Romano
421 2986 451 3045 in
474 3001 568 3046 eausa
588 2986 719 3047 hominis
737 3003 798 3047 non
822 2983 983 3060 popularis
1009 2981 1131 3061 equites

122 3069 299 3130 audiebam:
316 3067 489 3130 existimare
505 3068 623 3129 Iaciiius
638 3078 781 3144 possunt,
799 3067 852 3144 qui
866 3069 1042 3130 adfuerunt.
1109 3140 1116 3157 ι

207 3152 311 3212 LVIII
327 3151 397 3213 123
419 3153 465 3224 Et,
483 3152 626 3227 quonimn
636 3154 696 3213 huc
708 3168 757 3211 me
768 3151 910 3227 provexit
920 3151 1031 3224 oratic
1046 3149 1131 3211 ntem

60 3271 64 3306 ,
124 3245 231 3293 casum
253 3251 353 3296 meum
372 3235 483 3296 totiens
504 3235 734 3309 collacrimavit,
759 3251 851 3310 quum
866 3233 908 3294 ita
925 3235 1133 3305 dolenterat*

54 3368 58 3391 ἦ
123 3320 171 3372 ret
186 3329 309 3377 causam
324 3335 437 3392 meam,
458 3326 492 3379 ut
505 3334 568 3378 vox
584 3317 651 3379 eius
667 3318 719 3378 illa
733 3317 890 3393 praeclara
906 3316 1042 3378 lacrimis
1055 3315 1133 3389 impr

23 3402 36 3439 i
48 3454 59 3490 ¹,
125 3393 255 3458 direturr
270 3415 371 3476 neque
387 3404 513 3476 poetae,
535 3416 664 3476 quoram
683 3417 742 3476 eso
763 3415 886 3477 semper
904 3399 1030 3477 ingenia
1047 3391 1132 3464 died.
