2356 3854
122 168 185 236 ato
296 143 300 152 ’
366 166 440 226 ruo
454 167 495 226 n.
509 165 715 226 mnarum
733 148 889 262 oulrrot
949 215 954 223 .

202 321 225 378 l.
241 315 420 379 tibuunt
443 315 567 388 silentii,
590 323 692 389 patres
713 315 899 390 conscripti,
919 333 981 390 quo
1003 333 1078 375 eram
1089 317 1125 378 hit
1167 321 1177 379 l

121 401 307 476 temporibus
322 416 413 468 usus,
429 414 488 455 non
504 397 611 457 timore
625 397 809 471 aliquo,·sed
825 399 934 472 partim
951 399 1064 470 dolore,
1078 417 1127 474 pu·
1168 405 1177 462 l

119 486 172 546 tim
187 481 370 542 verecundia
384 481 475 538 finem
489 480 655 540 hodiernus
670 481 736 539 dies
752 481 857 551 attulit,
875 481 1020 555 idemque
1034 482 1129 542 initiuu
1170 512 1178 559 5·

123 583 201 641 quae
226 566 332 624 vellem
354 579 493 641 quaeque
517 564 659 631 sentirem
680 579 748 623 meo
771 563 900 639 pristino
914 580 1003 629 more
1020 564 1131 625 dicendi

120 649 243 707 Tantam
258 647 336 706 enirn
353 647 629 718 mansuetudinem,
650 655 709 706 tam
733 646 906 706 Inusitatam
922 647 1134 724 inauditamque
1171 670 1175 683 ¹

121 729 323 802 clementiam,
346 737 459 788 tantum
477 728 506 786 in
522 745 639 788 summa
653 736 803 803 potestate
818 729 953 790 omniurn
975 747 1074 790 rerum
1087 748 1134 791 mo
1172 752 1177 765 ·

121 816 201 885 dum,
217 821 277 872 tam
292 811 424 885 denique
435 811 639 871 incredibilem
656 811 834 884 sapientiam
851 830 888 875 ac
904 831 1008 887 paene
1020 815 1134 873 divinau
1172 836 1176 873 ι

120 896 228 956 tacitus
247 895 410 970 praeterire
426 895 507 953 nullo
525 896 616 953 modo
633 910 768 968 possum.
805 894 993 955 2.1t1.entn1
1010 897 1134 956 Marcello
1173 950 1176 955 .

121 979 224 1050 vobis,
241 986 343 1053 patres
361 976 540 1051 conscripti,
562 977 668 1051 reique
683 977 823 1067 publicae
840 979 980 1052 reddito,
997 997 1059 1039 non
1074 980 1134 1039 illius

114 1064 232 1134 solum,
245 1062 301 1120 sed
316 1059 405 1119 etiam
419 1076 516 1118 meam
533 1076 639 1119 vocem
653 1061 903 1120 etauctoritatem
920 1071 954 1121 et
965 1062 1057 1122 vobis
1070 1059 1134 1122 etrti
1173 1084 1175 1122 ς

54 1202 65 1217 ἢ
122 1143 261 1218 publicae
283 1151 493 1202 conservatam
514 1158 550 1202 ac
571 1143 738 1202 restitutam
758 1151 841 1217 puto.
891 1145 1046 1204 Dolebam
1066 1145 1134 1217 enin,

56 1250 72 1265 ··
121 1235 224 1302 patres
240 1224 418 1298 conscripti,
433 1234 463 1284 et
479 1225 674 1285 vehementer
685 1226 940 1300 angebanquum
955 1227 1091 1288 viderem
1105 1226 1133 1285 ri·

66 1368 68 1372 ,
121 1325 187 1367 rum
201 1309 308 1380 talem,
328 1306 380 1381 qui
401 1307 431 1365 in
452 1308 557 1366 eadem
579 1324 674 1370 causa
696 1316 793 1379 esset,
815 1307 843 1366 in
862 1327 924 1384 qua
941 1327 1002 1384 ego
1020 1311 1132 1381 luissent,

121 1389 222 1449 nonin
238 1390 344 1448 eadem
360 1405 430 1449 esse
445 1392 572 1461 lortuna,
590 1407 646 1450 nec
661 1389 733 1449 mibi
744 1392 933 1464 persuadere
945 1403 1084 1466 poteram
1095 1407 1132 1452 nec

121 1473 168 1531 las
183 1487 253 1531 esse
271 1472 419 1530 ducebam
432 1472 546 1542 versari
557 1489 605 1532 me
620 1472 649 1533 in
673 1481 777 1534 nostro
797 1475 903 1533 vetere
926 1476 1081 1538 curriculo
1098 1475 1132 1534 illo
1173 1528 1176 1551 ,

120 1555 238 1613 aemulo
255 1563 346 1629 atque
361 1554 508 1614 imitatore
525 1555 691 1615 studiorum
705 1571 741 1614 ac
757 1557 893 1615 laborum
908 1575 1052 1619 meorum
1067 1555 1133 1634 qunti
1172 1582 1177 1587 ·

122 1637 256 1712 quodam
273 1636 357 1697 socio
374 1653 393 1696 a
407 1654 455 1697 me
472 1646 502 1697 et
516 1638 625 1698 comite
637 1639 793 1700 distracto.
836 1640 917 1714 Ergo
935 1650 967 1701 et
981 1642 1132 1702 minimest

98 1770 101 1774 .
122 1719 267 1794 pristinae
283 1719 363 1780 vitae
379 1720 643 1794 consuetudinem,
666 1722 696 1781 C.
718 1721 843 1796 Caesar,
865 1722 1067 1785 interclusam
1081 1738 1132 1798 apo
1174 1746 1177 1752 ·

120 1803 207 1880 ruisti
223 1803 315 1864 ethis
331 1803 472 1863 omnibus
486 1804 525 1861 ad
540 1804 618 1863 bene
631 1805 669 1864 de
685 1804 766 1864 omni
782 1821 815 1863 re
827 1805 954 1881 publica
966 1807 1132 1882 sperandnu
1174 1843 1177 1865 .

121 1886 208 1959 quasi
237 1886 355 1959 signum
378 1886 502 1960 aliquod
532 1885 689 1946 sustulisti.
739 1887 1132 1951 3.1nrettectumest0niu

122 1967 193 2026 mihi
209 1968 331 2042 quidem
345 1969 375 2027 in
390 1969 490 2028 multis
506 1978 536 2029 et
552 1968 681 2029 maxime
696 1970 726 2028 in
736 1987 784 2029 me
798 1970 877 2050 ipso,
892 1975 950 2032 sed
969 1975 1072 2048 paullo
1083 1981 1133 2032 uuo

60 2048 64 2057 ¹
120 2049 150 2108 in
163 2049 312 2124 omnibus,
331 2068 422 2124 quum
434 2051 474 2109 M.
484 2050 660 2113 Marcellum
673 2054 789 2112 senatui
800 2053 906 2128 reique
923 2057 1069 2131 publicae
1080 2072 1132 2117 con·

121 2131 258 2205 cessisti,
283 2136 523 2193 commemoratis
542 2136 718 2208 praesertim
735 2135 974 2210 offensionibus
1001 2149 1032 2202 te
1050 2149 1132 2201 aucto

119 2215 236 2275 ritatem
257 2215 347 2276 huius
364 2216 478 2276 ordinis
491 2217 725 2293 dignitatemque
740 2218 784 2278 rei
802 2220 944 2293 publicae
956 2223 1019 2283 tuis
1037 2225 1081 2282 vel
1093 2223 1133 2280 do·

121 2297 235 2358 loribus
264 2301 311 2358 vel
330 2298 557 2373 suspicionibus
586 2302 744 2361 anteferre.
797 2303 850 2360 llle
871 2303 999 2376 quidem
1024 2308 1132 2367 frudun

121 2381 218 2440 omnis
234 2390 304 2442 ante
317 2392 404 2443 actae
422 2381 499 2442 vitae
514 2382 661 2443 hodierno
688 2385 736 2443 die
752 2385 913 2444 maximum
938 2390 1038 2462 cepit,
1060 2402 1133 2464 quon
1159 2414 1161 2419 >

65 2488 67 2491 v
122 2478 238 2522 summo
265 2477 421 2525 consensit
434 2474 558 2526 senatus
573 2473 634 2526 tum
652 2477 809 2543 praeterea
828 2467 942 2537 iudicio
968 2478 1023 2531 tuo
1039 2470 1134 2547 gravis·

121 2543 197 2602 simo
213 2553 243 2604 et
260 2547 400 2606 maximo.
442 2549 489 2606 Ex
511 2560 570 2624 quo
593 2551 729 2624 prolecto
744 2549 884 2623 intelligis
901 2564 1021 2624 quanta
1038 2555 1067 2614 in
1081 2555 1133 2612 dato

120 2626 269 2687 beneficio
285 2627 324 2687 sit
340 2631 416 2700 laus,
431 2648 522 2703 quum
538 2632 567 2690 in
580 2640 707 2706 accepto
722 2633 761 2692 sit
777 2641 858 2692 tante
871 2634 981 2707 gloria.
1014 2637 1067 2711 Est
1079 2649 1133 2694 vcro

121 2710 289 2769 fortunatus
305 2709 368 2783 ille,
393 2713 479 2772 cuius
494 2730 533 2772 ex
548 2716 643 2774 salute
660 2732 719 2774 non
734 2715 833 2774 minor
856 2732 955 2789 paene
981 2720 1024 2778 ad
1047 2732 1133 2780 omnes

123 2809 213 2867 quam
228 2792 267 2851 ad
282 2792 381 2867 ipsum
398 2805 523 2856 ventura
537 2799 576 2857 sit
590 2797 702 2856 laetitio
716 2797 902 2872 pervenerit:
928 2797 958 2861 4.
986 2804 1071 2877 quod
1085 2798 1134 2875 qni·

99 2877 190 2955 ‚dem
205 2874 233 2935 ei
244 2876 349 2936 merito
365 2885 456 2953 atque
472 2879 583 2954 optimo
599 2881 663 2939 iure
681 2880 813 2954 contigit.
849 2880 923 2955 Quis
939 2884 1024 2944 enim
1039 2894 1084 2946 est
1096 2884 1133 2942 illo

121 2967 173 3018 aut
190 2958 344 3019 nobilitate
359 2969 410 3020 aut
426 2963 573 3036 probitate
588 2971 640 3022 aut
654 2963 833 3037 optimarum
853 2964 962 3024 artium
983 2967 1085 3029 studio
1097 2969 1134 3026 tot

119 3037 292 3102 innocentia
307 3054 358 3104 aut
375 3046 436 3104 ullo
452 3044 550 3104 laudis
566 3061 677 3118 genere
694 3043 917 3120 praestantiora
950 3060 955 3066 ·

181 3126 216 3186 11.
237 3126 352 3187 Nullius
364 3136 476 3188 tantum
493 3127 605 3188 llumen
621 3136 667 3189 est
681 3129 801 3203 ingenii,
825 3130 938 3190 nullius
956 3131 1080 3193 dicendi
1096 3134 1134 3188 tut

69 3267 72 3273 ¹
121 3205 274 3268 scribendi
288 3218 368 3272 tanto
384 3210 449 3283 viS,
471 3220 552 3272 tonte
568 3211 670 3287 copia,
694 3229 773 3286 quae
793 3229 854 3272 non
875 3213 976 3273 dicam
993 3227 1134 3282 exornare,

120 3285 176 3342 sed
191 3304 346 3365 enarrare,
362 3293 393 3352 C.
409 3294 535 3368 Caesar,
549 3312 599 3356 res
616 3302 681 3355 tuas
697 3302 800 3369 gestas
812 3295 921 3371 possit.
966 3297 1078 3359 Tamen
1094 3293 1134 3354 nd

120 3364 206 3425 lirmo
221 3379 251 3429 et
266 3372 325 3432 hoc
339 3391 416 3448 pace
431 3376 528 3436 dicam
542 3386 609 3451 tua,
632 3374 743 3438 nullam
759 3378 788 3437 in
805 3377 852 3439 his
868 3379 995 3460 laudem
1006 3396 1075 3443 esse
1085 3391 1133 3438 tm·
