2356 3854
160 134 164 141 ⁵
227 135 234 211 s
300 146 729 237 GAP.s—1t.s.19—as.'.
942 165 983 230 51

70 320 77 370 t
94 311 152 370 sibi
166 313 240 372 illud
254 311 398 385 oppidum
411 311 538 387 piratae,
557 315 654 386 primo
670 316 859 385 commercio,
875 314 984 377 deinde

73 393 237 455 societate..
255 393 306 453 22.
335 392 510 452 Mamertina
531 393 635 456 civitas
655 396 792 469 improba
815 407 903 459 antea
922 416 983 458 non

70 477 152 534 etiam
168 483 232 535 erat
245 474 365 534 inimica
380 475 593 550 improborum,
611 493 689 549 quae
704 478 734 538 C.
745 479 874 549 Catonis,
895 481 982 555 illius,

70 559 150 617 insul
177 557 245 629 luit,
269 557 481 632 impedimenta
502 558 700 619 retinniunt
723 561 808 620 euius
834 562 984 622 hominist

70 639 127 698 rimi
150 655 187 698 ac
207 640 423 713 potentissimi:
446 640 496 714 qui
513 650 608 717 tamen
628 658 718 716 quum
736 645 843 703 consul
866 645 981 718 luisset,

69 730 187 781 mnatus
204 729 269 781 est:
295 723 362 798 [itm
389 724 418 782 C.
438 720 525 795 Cato,
542 723 671 783 duorum
685 723 837 783 hominum
852 727 982 786 clarissi-

70 822 86 862 n
102 821 216 878 nepos,
230 804 263 861 L.
279 805 373 863 Paulli
390 805 468 864 etM.
485 805 605 864 Catonis
623 813 652 864 el
667 805 697 862 P.
713 806 847 864 Alrieani
867 809 982 874 sororis

76 904 134 960 quo
152 888 291 946 damnato
308 896 391 955 tunc,
409 905 500 961 quum
514 887 626 949 iudicia
640 885 760 959 fiebant,
775 888 825 946 HS
840 904 886 946 1111
909 890 982 949 urili—

70 986 78 1027 s
94 969 251 1027 aestimata
266 978 326 1029 est!
353 969 430 1029 Huic
446 969 613 1028 Mamertini
626 968 693 1028 irati
707 970 841 1040 luerunt,
857 970 908 1044 qui
921 987 982 1030 ma-

85 1060 253 1124 sumptum‚
278 1067 367 1125 quam
389 1051 492 1124 quanti
507 1052 626 1111 Catonis
644 1050 681 1110 lis
697 1054 852 1111 aestimata
867 1059 928 1124 est,
951 1052 982 1112 in

70 1134 145 1191 chidi
169 1132 329 1206 prandium
343 1150 436 1206 saepe
453 1135 597 1192 lecerunt.
625 1132 675 1193 23.
710 1135 822 1194 Verum
843 1135 918 1193 haee
941 1133 980 1192 ci-

70 1214 113 1274 isti
135 1214 282 1288 praedoni
303 1232 338 1273 ao
365 1215 478 1289 piratae
499 1215 648 1277 Siciliensi
665 1215 799 1276 Phaselis
824 1217 886 1276 luit
917 1217 981 1275 Huc

92 1297 226 1370 undique
253 1298 476 1357 deferebantur:
508 1299 589 1373 apud
622 1297 697 1357 istos
721 1298 980 1372 relinquebantur:

69 1380 160 1439 celari
180 1395 258 1452 opus
273 1388 350 1451 erat,
373 1380 522 1440 habebant
537 1378 703 1454 sepositum
727 1389 756 1441 et
779 1382 979 1441 reconditum:

70 1469 114 1520 tos
131 1477 210 1534 quae
224 1462 345 1521 volebat
362 1462 436 1520 clam
451 1461 648 1536 imponenda,
664 1464 779 1522 occulte
795 1465 981 1536 exportanda

70 1551 108 1601 rt:
124 1559 233 1601 navem
249 1541 379 1616 denique
396 1543 567 1613 maximam,
587 1562 676 1618 quarn
694 1554 830 1604 onustam
849 1546 934 1605 lurtis
949 1545 980 1606 in
1024 1549 1028 1553 ’

70 1643 80 1683 r
96 1625 237 1698 mitteret,
259 1627 340 1698 apud
354 1625 429 1684 istos
445 1626 614 1685 faciundam
635 1626 913 1700 aedificandamque
929 1645 979 1687 cu·

74 1724 129 1782 pro
144 1707 229 1765 hisce
243 1708 334 1767 rebus
351 1707 468 1766 vacatio
488 1708 556 1765 data
570 1716 617 1765 est
633 1708 670 1765 ab
690 1707 748 1766 isto
770 1717 922 1780 sumptus,
939 1709 976 1766 ln-

81 1788 216 1860 militiae,
238 1805 337 1860 rerum
356 1788 486 1862 denique
506 1787 650 1847 omnium:
674 1804 729 1861 per
747 1789 901 1850 triennium
924 1788 980 1846 soli

70 1873 136 1931 rodo
153 1872 183 1928 in
199 1870 314 1941 Sicilia,
332 1887 443 1940 verum,
458 1878 491 1927 ut
506 1868 608 1951 opinio
624 1885 689 1927 mea
707 1870 775 1942 lert,
797 1869 844 1929 his
860 1870 980 1943 quidem
1064 1884 1070 1896 ‘
1089 1929 1094 1941 ,

70 1954 153 2012 ribus
170 1953 200 2012 in
217 1953 297 2012 omni
313 1953 385 2012 orbe
402 1959 547 2011 terrarum
562 1950 658 2021 vacui,
675 1959 824 2024 expertes,
840 1952 929 2013 soluti
945 1967 979 2009 ac
1027 1965 1030 1971 ’

70 2038 187 2094 luerunt
201 2036 238 2093 ab
256 2035 336 2095 omni
354 2041 482 2108 sumptu,
501 2032 648 2105 molestia,
661 2050 794 2093 munere.
826 2031 876 2094 24.
903 2033 979 2092 Hinc

70 2117 150 2176 'erria
177 2126 247 2179 nata
270 2125 353 2190 sunt,
379 2117 461 2190 quod
481 2115 511 2175 in
533 2115 702 2176 convivium
724 2115 794 2175 Sex.
816 2115 979 2198 Cominium

71 2199 100 2258 hi
115 2200 217 2271 iussit,
241 2199 271 2258 in
287 2215 376 2274 quem
397 2199 545 2276 scyphum
567 2199 605 2258 de
624 2215 715 2259 manu
734 2198 832 2258 iacere
853 2206 978 2256 conatus
1020 2214 1023 2219 ·

71 2299 139 2340 uem
156 2282 274 2341 obtorta
287 2283 356 2354 gula
373 2283 411 2340 de
427 2280 566 2341 convivio
582 2281 613 2340 in
627 2281 724 2339 vincla
737 2289 826 2355 atque
848 2276 878 2336 in
897 2286 978 2337 tene-

70 2362 262 2437 bripiiussit.
290 2363 432 2423 Hincilla
453 2380 542 2435 crux,
566 2361 595 2420 in
617 2379 707 2436 quam
729 2362 786 2421 iste
807 2360 904 2419 civem
919 2362 977 2420 Ro·

70 2463 85 2503 n
104 2446 207 2505 multis
222 2445 457 2543 inspectantibus
473 2444 605 2505 sustulit·
632 2460 719 2517 quam
738 2458 798 2500 non
819 2459 912 2502 ausus
933 2451 980 2502 est

70 2545 92 2585 m
116 2528 249 2601 deligere
272 2529 429 2604 nisiapud
443 2545 514 2596 eos,
541 2526 719 2601 quibuscum
738 2524 842 2583 omnia
863 2518 979 2584 sceler'a

70 2610 252 2670 :latrocinia
274 2609 515 2671 communicavit.
547 2609 595 2668 Xl.
627 2605 792 2665 Laudalum
814 2606 916 2666 etiam
923 2623 978 2665 vos

70 2708 150 2766 pram
167 2692 247 2751 venit
236 2691 295 2751 tis't
322 2693 386 2765 Qua
399 2691 593 2755 auctoritate?
607 2694 714 2758 utrum,
730 2705 819 2762 quam
834 2689 915 2762 apud
930 2705 978 2747 se·

77 2791 144 2846 ,on
166 2791 254 2867 quam
275 2775 358 2847 apud
371 2775 514 2865 populum
528 2772 694 2830 Romanum
710 2770 822 2830 habere
841 2768 979 2830 debetis?

70 2858 155 2929 equa
181 2855 286 2914 civitas
308 2864 355 2917 est
378 2870 437 2918 non
466 2847 495 2910 in
524 2851 686 2925 provinciis
718 2854 844 2923 nostrie,
875 2866 978 2908 verum

70 2938 122 2996 mis
137 2936 306 2998 nationibus
321 2945 372 2997 aut
385 2943 444 2995 tam
459 2943 566 3007 potens
583 2941 633 2993 aut
646 2943 707 2994 tam
720 2933 813 2992 libera
826 2940 876 2990 aut
890 2929 978 2990 etiarn

70 3020 176 3078 imanis
194 3034 231 3079 ac
244 3020 385 3086 barbara,
401 3033 456 3077 rex
470 3015 601 3088 denique
623 3015 728 3088 ecquis
750 3023 796 3072 est
816 3011 867 3085 qui
890 3026 976 3071 sena-

78 3103 183 3174 popull
196 3103 322 3161 Romani
341 3105 419 3158 tecto
435 3114 471 3156 ao
487 3098 576 3156 domo
591 3113 652 3154 non
668 3095 792 3154 invitet?
811 3093 859 3168 qui
878 3092 976 3155 honos

70 3183 160 3242 omini
181 3185 277 3243 solum
298 3181 437 3250 habetur,
464 3180 519 3237 sed
544 3179 670 3251 primum
697 3177 810 3250 populo
829 3178 976 3250 Romano,

70 3266 216 3325 beneficio
232 3280 288 3322 nos
303 3263 332 3320 in
348 3262 428 3319 hunc
444 3259 579 3331 ordinem
595 3257 746 3328 venimus,
765 3256 875 3318 deinde
897 3258 974 3319 ordi-

69 3347 211 3417 ctoritati‚
231 3361 308 3420 quae
328 3342 385 3403 nisi
394 3338 501 3418 'gravis
517 3339 572 3400 erit
587 3340 668 3415 apud
682 3337 794 3485 εοοίἓε*
807 3350 837 3404 et
856 3350 976 3402 exteras
1020 3344 1025 3350 “

863 3675 872 3692 Χ
