2356 3854
118 156 182 223 378
331 246 334 259 Ι
377 155 451 217 PRO
465 156 507 216 Μ.
520 153 727 218 MARCELLO
743 154 897 215 ORATIO.

119 310 175 371 sed
198 323 296 383 paene
316 304 449 366 omniurn
472 306 605 380 gentium
626 304 731 367 ittera
744 311 845 380 atque
866 303 998 380 linguis,
1019 321 1071 365 nec
1083 307 1129 366 ulle

118 406 263 463 umquam
279 396 365 448 aetas
380 388 493 449 deluis
510 387 651 448 laudibus
665 387 867 449 conticescet:
888 388 947 449 sed
969 396 1067 450 lernen
1079 389 1130 450 aas

118 472 203 534 modi
222 488 273 532 res
296 469 401 531 nescio
426 488 488 546 quo
508 471 601 531 modo
622 470 820 546 etiamquunr
837 473 999 544 leguntur,
1018 471 1132 546 obstrepi
1173 453 1176 479 ¹

101 560 252 632 ¹elamore
273 554 401 615 militnm
418 554 559 614 videntur
576 561 607 614 et
621 554 758 614 tubarum
777 569 867 614 sono.
909 553 953 614 At
971 566 1044 614 uero
1059 571 1133 630 quun

119 639 234 711 aliquid
253 639 429 710 clementer,
444 643 616 708 mansuete,
632 637 726 711 iuste,
746 638 915 709 moderate,
940 637 1093 712 sapienter
1105 639 1134 696 la·
1174 628 1176 709 f

120 731 218 792 etum,
236 721 267 780 in
283 720 441 781 iracundia
456 720 647 794 praesertim,
669 737 748 794 qnae
763 728 811 780 est
824 719 949 779 inimica
964 720 1106 794 consilio,
1117 729 1135 779 et
1175 736 1176 741 ¹

118 803 151 865 in
167 803 302 875 victoria,
318 819 397 878 quae
412 813 519 863 natura
529 801 666 862 insolens
681 803 858 877 et-superba
873 809 932 877 est,
949 803 1135 863 andimusant

119 887 263 961 legimns,
286 904 346 962 quo
362 887 464 947 studio
478 886 680 958 incendimur,
702 902 762 946 non
784 885 877 946 modo
893 884 923 944 in
939 888 1040 959 gestis
1053 885 1134 954 rebus,

121 971 178 1030 sed
199 971 288 1029 etiam
308 969 339 1029 in
360 969 454 1044 fleus,
473 977 508 1029 ut
524 984 578 1027 eos
591 984 701 1042 saepe,
723 985 802 1043 quos
821 984 992 1042 numquam
1015 970 1134 1038 vidimus

121 1052 297 1126 diligamust
319 1052 368 1113 10.
388 1051 431 1110 'le
453 1068 543 1122 vero,
563 1066 653 1125 quem
668 1060 861 1125 praesentem
876 1051 1050 1124 intuemur,
1069 1050 1135 1111 emus

120 1144 250 1195 mentem
267 1151 441 1208 sensusque
455 1144 486 1195 et
500 1151 536 1194 os
553 1134 712 1206 cernimus,
729 1142 767 1208 ut,
783 1134 932 1209 quidquid
951 1135 1027 1195 balb
1039 1137 1135 1196 inmun

120 1218 270 1292 reliquum
284 1217 329 1277 re‘i
344 1212 485 1291 publicae
501 1216 619 1290 lecerit,
643 1217 675 1276 id
691 1233 762 1277 esse
783 1218 900 1276 salvum
926 1217 1024 1290 velis,
1047 1217 1134 1293 quibas

120 1300 263 1360 laudibus
285 1299 469 1361 efferemus?
493 1301 603 1374 quibus
625 1298 733 1360 studiis
758 1308 1008 1375 prosequemur?
1029 1301 1134 1376 qusbe

119 1383 292 1442 nevolentia
307 1385 563 1457 complectemur?
576 1383 717 1455 Parietes,
735 1383 969 1456 mediusfidius,
983 1390 1021 1444 ut
1033 1383 1134 1444 mihiri·

119 1466 222 1537 detm,
243 1466 332 1525 huius
354 1465 456 1525 curiae
476 1466 529 1534 tibi
547 1464 662 1540 gratias
683 1482 773 1540 agere
794 1465 945 1539 gestiunt,
970 1468 1059 1541 quod
1071 1463 1134 1526 brevi

105 1557 257 1623 tempore
278 1550 378 1609 lutura
398 1549 437 1608 sit
455 1548 515 1608 illa*
528 1551 690 1609 auctoritas
713 1549 744 1608 in
758 1549 805 1609 his
820 1547 971 1611 maiorum
987 1554 1135 1611 suammet

121 1632 187 1692 suis
205 1631 341 1692 sedibus
378 1632 593 1708 tanquillam
611 1648 704 1707 quum
720 1633 751 1692 c
768 1630 913 1704 Marcelli,
932 1632 993 1693 viri
1010 1631 1135 1708 optimiet

121 1708 379 1776 commemorabili
394 1714 506 1791 pietate
522 1715 650 1799 praediti
665 1715 803 1776 lacrimas
825 1715 918 1775 modo
935 1710 1126 1776 vobiscum
1107 1729 1136 1770 ιι

89 1797 92 1803 ’
120 1799 241 1871 darem,
258 1799 390 1860 omnium
405 1788 617 1859 Marcellorum
629 1815 728 1858 meum
742 1805 850 1874 pectus
864 1798 1020 1859 memoria
1033 1795 1136 1865 obludit

126 1883 238 1956 quibus
261 1891 294 1943 tu
317 1883 405 1943 etiam
425 1883 552 1942 mortuis
566 1883 607 1942 M.
622 1882 764 1942 Marcello
779 1890 965 1943 conservato
982 1882 1137 1956 dignitatern

121 1981 208 2024 suam
222 1965 381 2026 reddidisti
396 1965 678 2040 nobilissimamque
694 1964 856 2025 familiam'
849 1981 909 2023 ram
925 1965 967 2024 ad
980 1977 1137 2039 paucosre·

120 2047 240 2108 dacem
258 2063 356 2122 paene
373 2050 411 2107 ab
430 2049 550 2109 interitu
564 2047 733 2109 vindicasti.
756 2047 806 2109 11.
820 2048 908 2106 Hunc
924 2055 958 2108 tu
972 2047 1066 2122 igitur
1078 2046 1137 2107 dien

120 2129 180 2189 tuis
198 2130 338 2191 maximis
354 2140 384 2191 et
397 2131 668 2192 innumerabilibus
681 2130 934 2228 gratulationibus
951 2130 1021 2191 iure
1033 2140 1137 2204 antepo

119 2228 186 2273 nes
202 2214 285 2274 llaec
295 2230 375 2274 emm
388 2231 438 2274 res
450 2231 541 2275 umus
552 2222 600 2274 est
610 2213 735 2290 propria
747 2213 901 2274 caesaris=
919 2220 1065 2274 caeterae
1079 2215 1138 2274 duee

121 2304 150 2356 te
162 2306 268 2370 gestae
282 2313 410 2374 magnae
425 2299 494 2359 illae
509 2298 647 2374 quidem,
669 2299 725 2358 sed
748 2307 847 2381 tapnen
865 2297 963 2357 multo
982 2308 1139 2374 magnoque

120 2379 274 2441 comitatu
295 2381 394 2442 Huius
405 2391 503 2442 autem
516 2384 558 2442 rei
572 2391 603 2443 tu
619 2382 697 2441 idern
710 2397 745 2441 es
758 2389 788 2442 et
805 2381 869 2440 dux
885 2385 918 2438 et
937 2396 1065 2441 comes·
1079 2390 1140 2455 quet

121 2460 245 2534 quidem
262 2471 343 2526 tanta
358 2475 419 2537 est,
442 2475 475 2525 ut
496 2466 577 2525 nulla
598 2464 732 2538 tropaeis
747 2463 1021 2537 monumentisque
1035 2460 1140 2526 tuised·

120 2544 218 2603 latura
232 2545 323 2605 finem
339 2548 378 2608 sit
392 2556 492 2609 aetas=
508 2547 581 2607 nihil
596 2556 644 2607 est
656 2548 736 2606 enim
752 2562 846 2622 opere
857 2552 909 2606 aut
924 2562 1024 2608 manu
1039 2551 1140 2610 tentant

122 2628 208 2701 quod
223 2645 283 2687 non
301 2630 465 2704 aliquando
490 2630 630 2691 conliniet
654 2639 685 2690 et
703 2638 864 2690 consumat
882 2637 1046 2690 vetustas:
1068 2628 1109 2691 12
1120 2631 1143 2683 tt

119 2709 196 2770 haec
212 2719 265 2771 tua
277 2711 390 2772 iustitia
404 2721 435 2772 et
449 2713 557 2774 lenitas
571 2713 661 2772 animi
674 2712 808 2774 llorescit
824 2711 938 2790 cotidie
950 2714 1063 2787 magis,
1076 2712 1143 2772 itant

121 2803 266 2869 qnantum
289 2795 348 2855 tais
370 2797 514 2871 operibus
540 2795 719 2857 diuturnitas
739 2795 889 2867 detrahet,
904 2803 1029 2856 tantum
1043 2796 1142 2856 edient

119 2878 271 2939 laudibus.
298 2879 335 2938 Et
350 2888 489 2940 caeteros
505 2879 626 2954 quidem
642 2895 747 2938 omnes
765 2879 896 2939 victores
915 2878 1071 2940 bellorum
1086 2873 1141 2937 civi·
1173 2882 1176 2889 '

120 2962 193 3021 lium
216 2962 275 3022 iam
296 2971 365 3024 ante
386 2964 539 3040 aequitate
560 2970 589 3022 et
612 2962 819 3023 misericordia
839 2958 979 3021 vicerase
1012 2963 1142 3023 hodierne

121 3060 194 3106 vero
209 3046 259 3107 die
275 3054 304 3107 te
319 3046 420 3122 ipsum
436 3045 545 3107 vicisti.
592 3046 710 3106 Vereor
725 3054 758 3106 ut
774 3045 842 3118 hoc,
857 3045 944 3119 quod
961 3044 1076 3118 dicam,
1091 3055 1140 3119 ptr

120 3123 192 3186 inde
206 3128 332 3225 intelligi
346 3131 451 3192 auditu
466 3131 566 3205 possit
579 3138 670 3204 atque
685 3128 754 3204 ipse
768 3129 907 3202 cogitans
923 3129 1046 3190 sentio=
1063 3129 1141 3202 rpem

119 3205 278 3272 victoriam
299 3212 413 3275 vicisse
437 3213 565 3285 videris,
581 3229 680 3310 quum
701 3226 753 3281 ea,
778 3226 858 3285 quae
878 3208 932 3270 illa
952 3217 1024 3273 eret
1041 3213 1142 3284 adepta

120 3286 210 3350 victis
225 3296 376 3356 remisisti.
419 3298 494 3356 Nam
510 3312 602 3372 quum
616 3293 716 3370 ipsius
730 3292 876 3356 notoriae
892 3295 1080 3359 condicione
1093 3305 1142 3352 on·

120 3385 176 3430 nes
198 3373 270 3436 vieti
292 3378 528 3453 occidissemus,
557 3377 734 3439 clementiae
755 3384 825 3484 tuae
845 3375 963 3438 iudicio
986 3367 1143 3471 conservuli
