2356 3854
262 121 672 230 caea-asan
914 166 981 269 vlue

70 310 145 370 ead
160 309 339 384 disciplinae
360 319 523 388 praecepta
542 313 635 388 velis,
654 315 844 390 reperiantur
863 319 978 392 pravis—

70 393 136 465 Qua
154 409 189 452 re
206 410 263 452 nec
279 394 360 469 plebi
373 398 529 456 Romanae
550 397 699 471 eripiendi
714 401 829 459 fructus
845 399 894 460 isti
910 410 981 460 sunt

70 493 108 546 n,
137 475 351 550 gladiatorum,
376 477 600 552 conviviorum,
628 497 706 554 quae
729 483 830 541 omnia
849 481 980 544 maiores

74 570 342 633 comparaverunt,
369 576 426 620 nec
451 561 620 622 candidatis
644 563 703 622 ista
723 564 894 639 benignitas
916 565 979 624 adi·
1068 565 1070 568 ’

85 650 147 715 est,
170 657 250 716 quas
268 642 476 704 liberalitatem
495 644 593 718 magis
614 644 765 718 significat
785 665 875 722 quam
891 648 978 722 largi-

70 808 181 866 llXVll.
196 806 246 869 78.
265 807 398 868 atenim
412 817 442 869 te
457 809 497 867 ad
510 810 716 869 accusandum
730 827 781 870 res
795 812 979 887 publicq‘ad·

78 892 184 962 Credo,
202 891 284 961 Cat0‚
301 898 330 950 te
344 891 403 950 isto
421 891 520 951 animo
535 900 626 966 atque
642 909 678 950 ea
690 892 832 967 opinione
847 892 979 955 venisse.

76 973 280 1048 imprudentia
294 974 414 1033 laberis.
442 975 508 1048 Ego
524 977 607 1048 quod
623 975 718 1047 facio,
738 975 869 1047 iudices,
887 994 979 1051 quum

70 1073 101 1116 re
113 1056 328 1131 dignitatisque
338 1056 370 1114 L.
384 1058 527 1116 Murenae
539 1058 635 1131 gratia
646 1058 734 1129 iasio,
749 1067 811 1119 tum
823 1075 871 1118 me
882 1049 987 1134 pacis,¹

70 1139 245 1210 oncordiee‚
265 1139 426 1210 libertatis,
451 1130 674 1214 salutis,'vitae
694 1141 826 1216 denique
848 1142 979 1201 omnium

70 1241 90 1282 n
112 1239 208 1283 causa
229 1223 330 1281 facere
349 1223 447 1290 clamo
470 1232 561 1298 atque
578 1232 682 1284 testor.
726 1225 851 1296 Audite,
877 1224 978 1285 audite

70 1323 124 1377 em,
147 1304 279 1377 iudices
301 1304 378 1364 nihil
391 1305 489 1365 dicam
504 1306 715 1382 adrogantius,
736 1315 849 1371 tantum
869 1307 975 1380 dicam,
1019 1310 1022 1320 '

70 1389 117 1449 ies
132 1399 226 1463 atque
239 1396 345 1448 noctes
366 1389 450 1465 dere
471 1390 593 1464 publica
612 1390 808 1466 cogitantem!
841 1382 906 1450 Non
928 1408 974 1460 us·
1015 1410 1020 1423 ·

85 1472 119 1535 L.
135 1471 260 1531 Catilina
272 1468 336 1531 rem
352 1473 503 1547 publicam
519 1473 659 1549 despexit
679 1482 771 1549 atque
788 1473 977 1548 contempsit,

72 1555 160 1631 opia,
182 1572 273 1630 quam
288 1572 392 1615 secum
406 1556 526 1627 eduxit,
543 1574 578 1616 se
592 1557 670 1615 hanc
686 1556 835 1617 civitatem
850 1572 978 1632 oppres-

85 1639 287 1699 arbitraretur.
327 1638 430 1699 Latius
457 1647 539 1713 patet
565 1640 647 1698 illius
673 1639 799 1699 sceleris
829 1638 978 1713 canogio,

70 1723 222 1797 quisquam
240 1729 338 1799 putat,
359 1722 398 1780 ad
412 1723 517 1794 plures
532 1722 669 1795 pertinet
702 1722 802 1792 Intus,
817 1720 912 1791 intus,
934 1724 978 1782 in-

72 1814 118 1866 est
132 1805 404 1880 equnsTroianus=
419 1821 438 1862 a
453 1820 513 1878 quo
528 1819 692 1876 numquam
706 1820 755 1862 me
769 1803 895 1862 consule
909 1803 979 1860 dor-

70 1905 82 1948 s
95 1885 316 1964 opprimamini.
351 1884 399 1946 79.
422 1886 548 1960 Quaeris
564 1903 582 1944 a
596 1902 645 1944 me
661 1884 734 1960 quid
748 1901 806 1960 ego
822 1883 979 1945 Catilinam

70 1989 94 2032 a.
120 1973 208 2044 Nihil,
225 1981 254 2031 et
269 1968 373 2030 curavi
390 1986 428 2029 ne
444 1969 512 2044 quis
528 1975 681 2040 metueret,
698 1970 753 2027 sed
768 1969 873 2043 copias
888 1967 978 2039 illiue,

69 2053 94 2115 ic
107 2055 214 2128 video,
232 2054 301 2114 dico
317 2068 387 2112 esse
401 2053 606 2112 metuendass
620 2067 676 2110 nec
691 2060 751 2111 tam
766 2051 916 2112 timendus
932 2057 980 2109 est

70 2139 205 2198 txercitus
224 2139 258 2196 L.
280 2135 422 2197 Catilinae
440 2152 529 2210 quam
553 2135 616 2207 isti,
642 2134 695 2208 qui
714 2134 797 2194 illum
814 2133 979 2193 exercitum
1006 2136 1011 2148 ⁸

70 2220 129 2282 isse
144 2221 293 2281 dicuntur.
327 2219 392 2278 Non
415 2219 495 2278 enim
516 2219 728 2288 deseruerunt,
750 2218 806 2277 sed
825 2217 929 2275 abillo
947 2215 977 2272 in

70 2301 89 2364 is
109 2312 200 2379 atque
221 2301 341 2363 insidiis
359 2297 457 2361 relicti
476 2301 507 2360 in
527 2300 626 2375 capite
648 2308 739 2374 atque
759 2300 790 2377 in
808 2297 979 2358 cervicibus

83 2387 263 2448 restiterunt.
302 2383 341 2445 Hi
359 2393 390 2446 et
408 2385 557 2458 integrum
577 2384 739 2455 consulem
748 2391 778 2441 et
796 2382 908 2440 bonum
924 2379 978 2438 im-

70 2484 124 2530 ·em
143 2478 173 2530 et
194 2478 299 2530 natura
321 2474 350 2528 et
364 2469 484 2528 tortum
498 2483 568 2526 oum
582 2465 780 2539 reipublicae
796 2465 892 2523 sal‘ute
906 2479 977 2522 con·
1000 2512 1005 2517 .

70 2553 199 2613 ndeiici
222 2554 260 2612 de
279 2550 362 2611 urbis
388 2549 542 2626 praesidio
568 2556 598 2608 et
628 2549 666 2608 de
688 2545 827 2608 custodia
850 2545 979 2606 civitatis

85 2636 243 2696 sententiis
265 2633 417 2696 deturbari
439 2636 552 2693 volunt.
587 2632 719 2704 Quorum
740 2647 797 2705 ego
815 2631 929 2689 lerrum
950 2635 981 2688 et

70 2734 113 2778 am
123 2719 217 2778 reieci
230 2718 261 2777 in
274 2727 395 2791 campo,¹
405 2715 560 2776 debilitavi
570 2717 600 2774 in
613 2717 688 2786 loro,
705 2712 875 2788 compressi
889 2711 979 2771 eiam

70 2818 136 2862 aeae
152 2818 260 2875 saepe,
280 2799 414 2873 iudices,
430 2799 478 2860 his
493 2815 550 2859 vos
568 2799 594 2857 si
608 2798 734 2857 alterum
749 2796 905 2855 consulem
920 2803 980 2852 tra-

70 2903 106 2957 s,
131 2887 199 2959 plns
221 2885 313 2944 multo
330 2890 417 2943 erunt
433 2881 542 2942 vestris
558 2880 714 2941 sententiis
732 2895 822 2953 quam
837 2875 902 2936 suis
917 2875 980 2947 gla-

70 2967 197 3028 nseeuti.
226 2965 328 3040 Magni
347 2965 486 3042 interest,
506 2962 639 3031 iudices,
662 2961 693 3020 id
709 2962 792 3036 quod
807 2974 864 3033 ego
879 2955 980 3015 multis
1010 3004 1014 3009 .

76 3051 194 3111 antibus
215 3050 264 3124 egi
286 3058 378 3122 atque
393 3045 521 3120 perfeci,
544 3062 614 3106 esse
628 3043 774 3104 Kalendis
789 3037 934 3100 Ianuariis
946 3037 980 3097 in

70 3134 131 3194 »lica
153 3135 213 3193 duo
229 3132 382 3192 consules.
422 3128 473 3190 80.
494 3127 591 3187 Nolite
606 3125 755 3203 arbitrari,
776 3121 980 3182 mediocribus

70 3213 94 3275 is
107 3226 158 3278 aut
169 3215 288 3277 usitatis
303 3213 359 3272 viis
375 3211 470 3270 aut**.
499 3210 564 3268 Non
580 3208 629 3268 lex
640 3207 787 3287 improba,
802 3221 862 3265 non
881 3203 981 3279 perui-¹

70 3299 183 3372 argitio‚
197 3316 259 3358 non
275 3282 408 3356 auditum
423 3290 586 3366 aliquando
602 3289 727 3364 aliquod
742 3289 853 3350 mdum
866 3289 910 3348 rei
925 3305 980 3363 pu·

72 3375 230 3456 quaeritur.
261 3379 337 3442 Inita
354 3375 468 3439 suntin
482 3375 539 3436 hac
556 3372 676 3436 civitate
690 3371 832 3512 otligsilia,
852 3370 980 3442 iudices,
