2356 3854
324 204 553 266 cauas-31·
575 211 747 271 §.sa-a.
857 292 859 296 Ι
989 210 1050 274 tae

56 354 169 414 tmiaem
185 352 415 414 misericordem
429 370 500 414 esse
514 354 574 414 nisi
589 356 711 415 stultum
733 357 891 415 allevem:
917 357 972 417 viri
989 377 1050 420 non

56 453 92 497 tse
105 439 343 511 nequeexorari
365 453 465 512 neque
481 437 612 512 placari:
637 441 722 498 solos
738 438 892 512 sapientes
911 458 998 515 esse,
1023 443 1049 503 si

56 519 227 580 ,stortissimi
244 519 312 592 sint,
328 522 497 580 formosos:
514 520 540 580 si
556 521 782 594 mendicissimi,
799 521 924 582 divites:
943 524 970 584 si
986 542 1049 585 ser-

59 611 144 662 tutem
155 602 298 674 serviant,
315 620 418 678 reges:
434 620 492 663 nos
503 611 613 675 autem,
632 603 684 678 qui
696 605 848 677 sapientes
861 624 921 666 non
934 625 1049 681 sumus,

56 686 180 760 igitivos,
210 688 350 759 exsuleS,
378 687 499 759 hostes
528 687 654 746 insanos
679 687 811 760 denique
836 701 906 748 esse
931 691 1048 753 dicuat:

56 770 121 829 unia
136 777 266 844 peecata
287 786 358 828 esse
379 770 476 842 paria:
502 786 590 828 omne
607 769 748 828 delictum
765 771 865 828 scelus
881 789 952 832 esse
967 777 1049 833 nela-

56 871 97 912 um
118 868 175 912 nec
196 853 296 912 minus
322 853 502 926 delinquere·
519 870 605 926 eum,
635 850 685 925 qui
708 854 819 926 gallum
841 855 1050 927 gallinaceum,

56 953 115 995 uum
129 952 210 1009 opus
225 952 286 994 non
303 935 406 1005 fuerit,
425 952 515 1010 quam
532 952 615 1005 eum,
640 934 690 1007 qui
707 944 822 1008 patrem
840 934 1049 998 suffocaverit:

56 1019 189 1092 tpieutem
201 1018 274 1078 nihil
287 1018 414 1092 opinari,
431 1018 542 1078 nullius
557 1017 601 1077 rei
613 1018 778 1091 poenitere,
795 1019 877 1077 nulla
887 1020 918 1078 in
933 1038 966 1080 re
980 1021 1049 1091 salli,
1074 1062 1079 1071 s

56 1102 200 1162 tatentiam
221 1110 337 1160 mutare
356 1118 529 1176 numquam.
572 1100 661 1160 XXX.
678 1101 727 1162 62.
749 1101 833 1160 Haeo
854 1102 1049 1177 homo'inge·

56 1183 232 1255 iosissimus,
253 1184 293 1242 Μ.
310 1183 398 1257 Cato,
419 1184 594 1245 auctoribus
609 1183 821 1244 eruditissimis
838 1185 985 1247 inductus
997 1187 1051 1244 ad-

56 1267 126 1342 pult,
147 1267 446 1342 nequevdisputandi
462 1283 570 1339 causa,
592 1275 625 1326 ut
638 1284 748 1343 magna
762 1284 851 1342 pars,
876 1270 931 1328 sed
951 1271 992 1329 ita
1006 1267 1050 1327 vi-

56 1350 122 1408 andi.
151 1350 260 1409 Petunt
273 1350 389 1423 aliquid
404 1349 571 1424 publicani:
590 1365 665 1410 cave
681 1351 846 1425 quidquam
862 1352 972 1412 habeat
986 1368 1049 1411 mo-

58 1432 113 1492 enti
128 1432 234 1507 gratia.
271 1433 433 1507 Supplices
451 1434 545 1508 aliqui
559 1435 684 1493 veniunt
700 1434 803 1493 miseri
818 1442 847 1493 et
868 1434 1049 1495 calamitosi=

56 1518 189 1577 teleratus
204 1527 234 1575 et
250 1515 385 1575 nefarius
405 1517 514 1589 lucris,
536 1516 562 1576 si
585 1516 749 1591 quidquam
770 1517 979 1577 misericordia
997 1518 1049 1576 ad-

56 1607 131 1660 rctus
155 1598 276 1659 leceris.
310 1598 432 1659 Fatetur
452 1599 563 1673 aliquis
588 1615 622 1658 se
642 1615 792 1672 peccasse
813 1599 928 1677 eteius
950 1597 1050 1659 delicti

56 1682 143 1742 aniam
159 1681 248 1757 petia
272 1682 418 1742 nefarium
435 1690 483 1742 est
502 1683 619 1741 lacinus
640 1682 810 1754 ignoscere.
848 1685 888 1742 At
909 1683 976 1740 leve
998 1683 1048 1740 de·

56 1773 124 1824 atum
146 1773 208 1826 est:
237 1765 337 1825 omnia
361 1773 488 1839 peccata
511 1772 582 1823 sunt
608 1763 703 1836 paria.
744 1761 854 1821 Dixisti
880 1763 1049 1837 quippiam:

56 1865 116 1908 tum
131 1857 161 1909 et
176 1856 319 1909 statutum
334 1857 390 1907 est.
421 1847 487 1905 Nan
501 1863 535 1905 re
551 1847 659 1904 ductus
674 1861 723 1918 es,
747 1847 803 1904 sed
818 1845 976 1919 opinione:
1003 1862 1048 1904 sa-
1114 1848 1120 1859 ⁷

56 1947 110 1990 ens
130 1932 203 1991 nihil
225 1933 374 2007 opinatur.
410 1928 526 1988 Errasti
542 1929 644 2002 aliqua
664 1928 694 1986 in
712 1944 760 1987 re:
788 1930 865 1987 male
882 1928 942 1988 dici
957 1937 1050 2004 putat.
1088 1958 1094 1980 t

56 2030 88 2072 ac
104 2032 143 2073 ex
156 2012 318 2089 disciplina
334 2013 422 2074 nobis
438 2013 489 2071 illa
504 2021 582 2071 sunt.
618 2009 688 2070 Dixi
708 2011 738 2070 in
754 2021 862 2072 senatu
876 2029 924 2072 me
940 2029 1050 2072 nomeu

56 2098 195 2158 >ocularis
221 2097 373 2157 candidati
394 2098 572 2155 delaturum.
605 2096 703 2155 lratus
724 2095 835 2155 dixisti
872 2096 1051 2171 Numquam,

56 2181 134 2254 quit,
155 2179 280 2253 sapiens
300 2178 449 2244 irascitur.
477 2181 519 2238 At
538 2176 684 2255 temporis
706 2189 808 2238 causa.
840 2179 986 2253 Improbi,
1006 2178 1047 2238 in·
1093 2214 1094 2217 =

56 2262 98 2337 uit,
111 2263 242 2323 hominis
259 2272 305 2322 est
322 2262 480 2322 mendacio
499 2263 616 2321 lallere:
640 2269 754 2322 mutare
771 2262 949 2321 sententiam
964 2271 1051 2336 turpe

56 2353 87 2405 stt
103 2346 224 2407 exorari
242 2347 352 2417 scelus
372 2344 509 2405 misereri
524 2345 680 2420 flagitium.
717 2343 768 2405 63.
783 2345 884 2404 Nostri
895 2353 994 2403 autem
1007 2345 1049 2404 illi

56 2431 197 2490 -·latebor
212 2429 308 2502 enim,
331 2429 418 2502 Cato,
442 2443 490 2488 me
507 2445 631 2503 quoque
651 2428 681 2486 in
698 2428 905 2487 adolescentia
918 2427 1052 2488 diffisum

56 2513 144 2584 rgenio
161 2529 229 2571 meo
252 2513 411 2586 quaesisse
431 2514 603 2578 adiumenta
625 2511 781 2570 doctrinae
800 2545 851 2582 -,
875 2511 986 2584 nostri,
1007 2510 1051 2568 in-

56 2611 124 2668 uam,
141 2595 184 2655 illi
195 2595 347 2655 aPlatone
362 2602 391 2653 et
401 2596 572 2665 Aristotele,
588 2594 735 2654 moderati
746 2594 885 2654 homines
897 2603 927 2654 et
939 2604 1051 2667 tempe·

56 2676 96 2751 at,
120 2678 204 2738 aiunt
223 2678 304 2751 apud
328 2677 498 2751 sapientem
517 2679 621 2737 valere
641 2678 805 2751 aliquando
829 2677 969 2752 gratiam:
996 2674 1052 2734 viri

56 2763 97 2819 oni
107 2778 178 2822 esse
191 2761 340 2820 misereri:
357 2761 498 2821 distincta
512 2773 624 2835 genera
637 2777 707 2820 esse
720 2761 898 2822 delictorum
910 2770 939 2819 et
951 2759 1052 2832 dispa-

56 2856 79 2900 es
103 2860 233 2918 poenas:
266 2859 337 2902 esse
365 2845 448 2918 apud
475 2844 626 2903 hominem
655 2852 844 2903 constantem
868 2838 1053 2915 ,ignoscendi

56 2937 138 2986 tcum}
154 2928 256 3002 ipsum
272 2926 440 3001 sapientem
456 2942 549 2999 saepe
564 2925 679 3000 aliquid
693 2925 811 3000 opinari
828 2927 910 2999 quod
923 2921 1052 2981 nesciam
1138 2996 1140 3003 ,

56 3010 115 3069 'asci
131 3027 191 3070 non
213 3026 391 3082 numquam:
414 3009 534 3068 exorari
551 3009 688 3067 eumdem
710 3017 739 3067 et
755 3007 884 3082 placari:
908 3005 991 3079 quod
1008 3003 1050 3062 di·

56 3092 111 3165 erit,
130 3094 289 3167 interdum,
306 3094 331 3152 si
348 3094 388 3151 ita
402 3091 514 3150 rectius
531 3092 578 3163 sit,
595 3099 725 3149 mutare=
748 3092 786 3148 de
802 3089 949 3148 sententia
964 3088 1050 3151 dece-

58 3186 99 3233 erc
119 3176 297 3252 aliquando:
325 3191 431 3234 omnes
455 3173 579 3232 virtutes
600 3171 807 3231 mediocritate
830 3171 959 3245 quadam
981 3185 1052 3247 csse

56 3259 205 3319 toderatas.
247 3259 350 3317 XXXI.
365 3256 414 3317 64.
437 3258 501 3315 Hos
523 3255 561 3314 ad
576 3254 738 3326 magistros
757 3254 784 3314 si
802 3272 862 3328 qua
878 3263 908 3314 te
923 3257 1050 3323 fortuna,

56 3335 114 3412 lato,
135 3354 203 3402 cum
223 3343 282 3402 ista
303 3348 408 3401 natura
426 3339 598 3409 detulisset,
619 3353 679 3396 non
696 3345 728 3395 tu
749 3336 870 3412 quidem
886 3338 933 3397 vir
946 3336 1051 3397 melior

56 3432 114 3481 sses
130 3441 186 3484 nec
202 3426 309 3483 fortior
323 3440 378 3482 nec
394 3422 607 3496 temperantior
622 3436 678 3482 uec
690 3419 797 3483 iustior
809 3456 850 3468 -
861 3437 960 3499 neque
972 3419 1050 3481 enim
