2356 3854
349 184 577 289 onem-b.
600 202 806 262 §.roa-nc.
984 236 986 243 ,
1050 192 1090 259 31

83 350 198 412 obstas?
229 348 353 409 Recede
370 348 409 407 de
422 346 538 406 medio=
564 345 729 422 paralium
749 345 923 421 transigam.
952 346 1093 423 Suscipis

84 449 149 493 onus
163 430 266 504 olficii,
282 431 364 505 quod
381 437 411 490 te
426 436 516 504 putas
528 429 677 488 sustinere
690 446 793 503 posse,
802 431 892 509 ¹quod
906 432 1034 489 maxime
1047 431 1090 489 vi-

86 516 159 574 detur
175 530 269 588 gram
285 512 338 585 iis,
364 511 416 586 qui
430 511 550 571 minime
565 510 625 585 ipsi
644 512 727 571 leves
744 521 822 572 sunt.
864 513 994 572 XXXlX.
1011 514 1092 587 Ergo

86 597 198 663 idcirco*
210 595 316 670 turpis.
330 596 405 655 haec
426 596 515 668 culpa
532 601 593 664 est,
621 596 704 668 quod
723 595 800 654 duas
817 589 868 654 res'
883 595 1092 656 sanctissimas

86 679 178 751 violat,
201 678 362 738 amicitiam
378 685 408 737 et
422 677 522 737 fidem.
560 676 633 735 Nam
658 692 758 750 neque
784 680 906 738 mandat
930 680 1091 752 quisquam

86 761 207 821 lerenisi
227 761 326 821 amico
354 776 454 834 neque
476 757 571 818 crodit
600 759 657 818 nisi
675 759 717 831 ei,
743 775 833 832 quem
854 760 974 820 fidelem
994 769 1091 836 putat.

85 843 269 905 perditissimi
285 850 332 903 est
345 841 436 916 igilur
451 840 581 901 hominis
597 841 684 901 simul
700 850 729 901 et
745 841 905 902 amicitiam
921 843 1091 904 dissolvere

87 928 223 988 attollere
239 943 316 997 eum,
340 925 392 1000 qui
413 926 515 986 laesus
530 941 590 984 non
607 933 697 997 esset,
712 922 771 983 nisi
788 924 977 1005 credidisset.
1021 925 1091 987 113.

85 1009 155 1070 ltone
171 1015 239 1070 estt
265 1010 298 1068 ln
315 1007 444 1067 minimis
458 1008 551 1066 rebus
567 1007 618 1081 qui
634 1007 806 1066 mandatum
821 1007 1001 1081 neglexerit,
1030 1015 1090 1068 tur-

85 1092 199 1166 pissimo
216 1090 330 1152 iudicio
346 1092 562 1151 condemnetur
577 1105 705 1150 necesse
718 1096 777 1162 est,
802 1089 880 1150 inre
900 1098 981 1150 tanta
998 1107 1091 1166 quum

84 1172 119 1246 ic,
138 1172 186 1234 cui
201 1176 282 1234 lama
297 1172 421 1245 mortui,
445 1175 582 1232 fortunae
598 1172 658 1231 vivi
677 1173 903 1233 commendatae
919 1182 989 1234 sunt
999 1182 1092 1248 atque

85 1256 281 1327 concreditae,
296 1255 460 1330 ignominia
475 1262 639 1328 mortuum,
662 1297 913 1314 ................
934 1257 1090 1317 adiecerit

83 1337 108 1396 is
119 1337 191 1399 inter
201 1339 351 1399 honestos
366 1337 505 1397 homines
518 1345 610 1412 atque
627 1339 705 1397 adeo
725 1337 803 1398 inter
817 1338 905 1400 vivos
921 1339 1090 1401 numerabi-
1164 1382 1169 1391 .

85 1427 143 1480 tur?
154 1422 185 1481 ln
199 1419 331 1480 minimis
342 1410 530 1495 privatisque
543 1422 635 1480 rebus
652 1421 741 1481 etiarn
757 1421 937 1496 negligentia
957 1421 1090 1482 mandati

85 1501 226 1563 incrimen
241 1502 447 1578 iudiciumque
462 1503 601 1564 infamiae
616 1511 751 1577 vocatur,
769 1514 932 1579 propterea
949 1507 1047 1581 quod,
1063 1504 1090 1564 si

85 1585 187 1646 ratione
203 1587 265 1656 liat,
281 1585 364 1645 illum
379 1585 530 1660 negligere
544 1594 682 1661 oporteat
697 1587 748 1661 qui
762 1587 918 1658 mandarit,
936 1605 995 1648 non
1007 1588 1090 1647 illum

88 1668 316 1741 normandorum
330 1669 492 1743 receperit:
514 1669 544 1727 in
558 1686 592 1728 re
607 1678 699 1742 tanta,
714 1685 793 1742 quae
810 1668 930 1743 publice
946 1678 1032 1743 gesta
1046 1679 1089 1729 at-

89 1766 135 1824 quc
150 1750 314 1813 commissa
325 1751 372 1823 sit,
386 1751 508 1825 quinon
521 1751 702 1824 negligentia
713 1751 862 1825 privatum
873 1751 997 1824 aliquod
1009 1767 1089 1810 com-

87 1834 194 1895 modum
210 1835 347 1906 laeserit,
363 1835 419 1894 sed
435 1833 565 1907 perfidia
581 1833 739 1906 legationis
756 1832 861 1906 ‘ipsius
877 1832 1090 1893 caerimoniam
1143 1855 1145 1862 ⁸

73 1919 213 1989 ,potuerit
227 1913 407 1992 maculaque
424 1918 462 1975 ad
466 1916 577 1987 lecerit,
595 1933 655 1990 qua
668 1915 695 1974 is
712 1915 832 1975 tandem
852 1931 956 1988 poena
968 1915 1090 1975 adficie-

87 2005 123 2057 tur
140 2009 191 2061 aut
212 2018 273 2075 quo
294 2000 406 2060 iudicio
424 1997 634 2058 damnabitur?
674 1995 745 2059 114.
772 1997 803 2056 Si
819 1998 935 2057 banc
910 2014 937 2057 et
951 2015 1015 2057 rem
1029 1998 1090 2073 pri·
1125 2028 1132 2051 .

89 2083 164 2143 vatim
177 2082 251 2144 Sex.
266 2082 398 2143 Roscius
413 2080 629 2154 mandavisset,
644 2089 677 2142 ut
694 2097 761 2140 cum
778 2080 977 2157 Chrysogono
992 2090 1088 2142 nans

87 2159 167 2237 igeret
178 2150 272 2240 atque
286 2163 472 2236 decideret,
465 2181 558 2238 mque
573 2180 639 2235 earn
660 2179 723 2222 rem
744 2164 836 2223 fidem
854 2181 957 2237 suam,
972 2164 998 2224 si
1015 2165 1088 2238 quid

89 2261 152 2340 opus
165 2265 236 2309 esse
250 2255 379 2322 putaret,
394 2248 606 2321 interponeret,
624 2245 684 2319 ille,
699 2245 751 2320 qui
763 2263 834 2306 sese
846 2249 994 2307 facturum
1006 2261 1088 2306 rece-

88 2328 177 2404 pisset,
191 2342 303 2402 nonne,
318 2330 345 2390 si
360 2347 400 2390 ex
414 2346 451 2391 eo
467 2330 594 2403 negocio
616 2330 792 2389 tantulum
784 2346 814 2386 ιιι
835 2346 898 2388 rem
916 2345 1000 2389 suam
1017 2345 1088 2388 con-

89 2413 222 2487 veptisset,
237 2415 396 2473 damnatus
411 2428 467 2487 per
483 2412 626 2472 arbitrum
640 2420 670 2472 et
683 2428 746 2470 rem
760 2411 932 2472 restitueret
952 2420 981 2471 et
995 2413 1089 2472 hone·
1132 2444 1135 2449 ·

77 2501 178 2556 statem
195 2511 316 2557 ornnem
333 2495 499 2555 amitteret?
540 2493 610 2556 115.
631 2496 716 2557 Nunc
731 2510 790 2553 non
806 2494 884 2553 banc
902 2494 930 2554 ei
941 2511 1004 2554 rem
1017 2494 1089 2554 Sex.

89 2572 202 2641 Roscius
217 2578 380 2651 mandavit,
396 2579 460 2649 scd,
478 2579 508 2637 id
524 2579 606 2651 quod
617 2579 709 2637 multo
728 2576 850 2652 gravius
868 2586 923 2650 cst,
938 2577 1006 2651 ipse
1018 2576 1089 2636 Ser.

70 2655 203 2747 ‚Roscius
217 2678 287 2722 curn
302 2663 395 2732 lanta,
420 2662 480 2720 vita
498 2661 649 2736 bonisque
671 2660 809 2720 omnibus
831 2677 849 2720 a
874 2661 1089 2721 decurionibus

70 2760 72 2767 ·
89 2743 191 2812 publice
206 2744 345 2822 [Roscio]
357 2743 515 2804 mandatus
527 2751 588 2804 est:
604 2752 634 2804 et
645 2760 684 2803 ex
695 2760 731 2802 eo
743 2744 774 2801 T.
785 2743 916 2804 Roscius
927 2760 988 2803 non
1004 2745 1088 2817 paul·
1109 2780 1112 2783 -

89 2822 134 2885 lom
149 2828 254 2889 nescio
271 2826 344 2902 quid
364 2826 395 2886 in
411 2842 476 2887 rem
491 2844 577 2886 suam
599 2826 759 2898 convertit,
787 2827 842 2886 sed
858 2826 938 2900 hunc
954 2825 1091 2884 lunditus

75 2911 177 2973 ¹evertit
190 2909 291 2984 bonis,
308 2909 376 2983 ipse
390 2909 446 2969 tria
460 2909 585 2983 praedia
596 2909 652 2969 sibi
665 2910 810 2983 depactus
829 2916 884 2980 est,
907 2910 1090 2967 voluntatem

90 2988 267 3055 decurionum
289 3008 326 3052 ac
347 2990 530 3065 municipum
558 2991 688 3057 omniurn
715 2992 858 3051 tantidem
877 2987 982 3063 quanti
999 2989 1090 3048 fidem

89 3085 157 3135 tuam
170 3076 252 3137 lecit.
457 3099 458 3102 ¹

150 3160 210 3219 XL.
233 3157 305 3220 lto.
326 3157 460 3218 Videte·
451 3173 510 3216 ram
525 3172 617 3231 porro
637 3165 772 3229 caetera,
786 3153 919 3226 indices,
936 3153 1091 3216 utintelli-

90 3239 149 3309 ttlis
168 3241 242 3318 fingi
264 3241 443 3301 maleficium
458 3241 571 3299 nullum
588 3254 761 3312 posseque
782 3237 851 3297 iste
855 3253 925 3297 sese
941 3253 1001 3298 non
1018 3253 1089 3297 con·

90 3322 227 3385 bainarit.
262 3327 296 3384 ln
319 3326 410 3384 rebus
430 3321 596 3382 minoribus
618 3319 734 3381 socium
755 3321 858 3380 tallere
885 3319 1089 3396 turpissimum

90 3412 293 3491 tnaequeque
308 3416 395 3483 turpe
410 3415 502 3481 atque
521 3404 605 3480 illud,
621 3403 660 3465 de
678 3420 738 3478 quo
756 3412 825 3464 ante
837 3402 914 3476 dixi;
930 3419 1030 3480 neque
1044 3401 1089 3461 in·
1135 3428 1137 3432 ’
