2356 3854
103 195 197 298 Ι114
328 196 379 254 DE
393 192 549 253 IMPERIO
565 193 621 253 CN.
635 193 787 252 POMPEll
802 192 954 263 ORATIO
1044 200 1046 205 '
1170 222 1172 227 ·

126 355 187 408 tarn
200 343 253 403 vix
272 361 311 404 ex
327 360 443 405 summa
462 343 597 404 ubertate
616 359 757 418 agrorum
777 341 917 403 diuturna
937 358 1002 417 pax
1024 343 1172 403 allicere
1169 148 1172 369 4

127 426 286 504 potuisset.
314 423 365 486 45.
387 428 449 485 lam
465 433 591 498 accepta
605 424 635 483 in
651 426 746 503 Ponto
763 424 937 483 calamitate
945 440 985 484 cx
1002 441 1046 486 eo
1046 441 1133 520 prce
1168 414 1172 519 J

126 511 177 581 lio,
193 510 231 568 de
247 524 307 581 quo
322 525 378 569 vos
393 508 495 583 paullo
510 515 579 566 ante
594 507 703 567 invitus
715 507 865 579 admonui,
882 524 976 580 quum
986 506 1064 567 socii
1078 523 1134 582 per·

126 591 310 662 timuissent,
285 590 461 650 thostium
477 605 552 663 opes
567 589 718 664 animique
734 589 915 661 crevissent,
936 589 1012 648 satis
1027 589 1135 650 firmum

127 672 311 769 praesidium
326 671 483 767 provincia
499 688 560 730 non
576 671 713 744 haberet,
735 670 914 730 amisissetis
931 671 1054 744 Asiam,
1075 672 1135 745 Qui·

47 746 55 771 ⁴
126 756 214 826 rites,
240 755 299 814 nisi
318 754 477 829 adipsum
498 752 658 813 discrimen
681 754 747 814 eius
767 747 911 827 temporis
933 752 1135 814 divinituscn.

116 837 301 912 ‘Pompeium
316 838 354 896 ad
369 853 422 897 eas
436 834 576 909 regiones
593 837 710 896 lortuna
726 836 830 917 populi
843 835 972 895 Romani
985 836 1134 900 attulisset

127 920 223 981 Huius
238 921 384 979 adventus
400 928 429 979 et
438 916 637 978 Mithridatem
651 918 772 979 insolita
789 916 1005 977 inflammatum
1021 918 1172 979 victoria

65 1068 67 1087 ι
128 1002 272 1063 continuit
287 1011 317 1062 et
330 1001 486 1094 Tigranem
501 999 616 1074 magnis
633 1000 729 1075 copiis
745 999 928 1060 minitantem
942 1000 1039 1060 Asiae
1053 1009 1172 1060 retar-

129 1084 218 1144 davit.
264 1085 301 1151 Ει
325 1083 485 1157 quisquam
505 1082 650 1143 dubitabit
669 1081 742 1157 quid
764 1082 871 1142 virtute
892 1084 1084 1156 perlecturus
1103 1078 1172 1142 sit
1160 1142 1172 1163 Ι,

129 1165 181 1240 qui
202 1173 313 1226 tantum
334 1164 510 1224 auctoritate
532 1165 713 1238 perfecerit?
733 1173 785 1224 aul
806 1181 896 1238 quam
913 1164 1003 1224 facile
1019 1164 1131 1240 imperio

127 1256 219 1321 atque
237 1245 371 1307 exercitu
386 1246 488 1306 socias
500 1253 529 1305 et
545 1245 702 1320 vectigalia
716 1255 950 1307 conservaturus
963 1247 1003 1306 sit
1014 1247 1067 1322 qui
1076 1247 1130 1321 ipso

129 1327 249 1389 nomine
269 1345 305 1388 ac
326 1344 445 1389 rumore
468 1328 656 1390 delenderitt
691 1331 769 1390 XVI.
786 1328 837 1389 46.
857 1333 924 1403 Age
942 1346 1017 1390 vero
1030 1330 1081 1389 illa
1091 1343 1129 1387 res
1171 1400 1172 1405 γ

53 1453 55 1456 ⁴
130 1419 271 1486 quantam
291 1411 423 1470 declarat
443 1410 578 1469 eiusdem
598 1410 726 1470 hominis
745 1412 826 1486 apud
840 1412 946 1471 hostes
963 1411 1128 1487 populillo·
1166 1452 1172 1479 ι

128 1493 209 1552 mani
225 1491 438 1564 auctoritatem,
442 1492 538 1569 quod
553 1508 592 1551 cx
608 1492 683 1552 locis
698 1502 757 1553 tam
774 1493 947 1568 longinquis
966 1490 1128 1569 tamquedi·
1168 1490 1172 1498 '

128 1575 226 1635 versis
252 1583 311 1639 tam
334 1575 429 1634 brevi
442 1583 575 1649 tempore
599 1591 703 1636 omnes
723 1576 792 1657 huia
814 1592 849 1636 se
870 1577 921 1634 uni
945 1576 1128 1637 dediderunt
1167 1608 1168 1613 κ

47 1724 54 1729 ,
130 1658 213 1740 quod
227 1653 409 1718 Cretensium
425 1656 524 1731 legati,
542 1674 634 1732 quum
649 1657 679 1717 in
696 1675 800 1719 corum
815 1646 913 1718 insula
928 1668 1036 1720 noster
1052 1659 1129 1732 impe
1162 1668 1172 1735 ᾗ,

68 1805 71 1808 ,
129 1748 210 1801 rator
224 1740 436 1814 exercitusque
452 1748 542 1811 esset,
559 1741 598 1799 ad
613 1740 663 1799 Cn.
678 1740 875 1816 Pompeium
867 1758 897 1800 ιιι
914 1741 1041 1809 ultimas
1050 1751 1127 1816 propt
1163 1738 1172 1816 j

128 1830 223 1883 terras
240 1830 397 1883 venerunt
399 1823 487 1896 eique
503 1837 537 1885 ιι
555 1839 660 1883 omnes
676 1823 860 1883 Cretensium
877 1822 1017 1884 civitates
1034 1823 1127 1885 delen
1166 1823 1172 1864 Γ

130 1907 206 1964 velle
222 1905 381 1965 dixerunt?
407 1905 513 1977 Quina
524 1903 603 1965 idem
620 1905 677 1966 iste
691 1905 877 1976 Mithridates
893 1922 995 1966 nonne
1010 1908 1049 1967 ad
1062 1918 1126 1964 ιιιιιι
1168 1942 1172 1977 ,

129 1987 197 2045 dem
211 1986 261 2045 Cn.
273 1987 447 2061 Pompeium
463 1988 591 2060 legatum
608 2005 705 2062 usque
719 1987 749 2046 in
763 1987 938 2061 Hispaniam
953 1988 1055 2050 misit?
1066 2001 1127 2054 eum,
1167 1980 1172 2055 ξ

130 2083 219 2141 quem
238 2068 398 2143 Pompeius
419 2069 548 2142 legatum
569 2084 689 2145 semper
703 2070 865 2143 iudicavit,
886 2069 922 2143 ii,
948 2073 1060 2146 quibus
1079 2073 1128 2129 erat
1167 2062 1172 2118 ἲ

129 2151 344 2224 permolestum
366 2151 406 2209 ad
429 2166 496 2209 eum
519 2152 707 2225 potissimum
722 2169 792 2212 esse
807 2151 947 2224 missum,
974 2155 1127 2228 speculato

87 2274 89 2285 .
129 2249 192 2292 rem
213 2250 303 2307 quam
323 2235 452 2308 legatum
472 2232 597 2293 iudicari
618 2237 793 2294 maluerunt.
828 2234 958 2296 Potestis
977 2236 1067 2310 igitur
1083 2234 1128 2293 iam
1169 2230 1172 2248 ‘

130 2315 327 2389 constituere,
344 2315 486 2388 Quirites,
502 2316 579 2375 hanc
593 2317 798 2378 auctoritatem
814 2317 913 2377 multis
930 2317 1127 2394 postearebvs
1165 2374 1172 2397 ,fl

129 2398 223 2470 gestis
234 2397 412 2472 magnisque
423 2398 532 2458 vestris
544 2398 662 2459 iudiciis
675 2399 894 2474 amplificatam,
906 2408 1052 2479 quantum
1063 2395 1128 2475 apud
1161 2452 1172 2483 ,ἱ

129 2478 198 2539 ιιιοι
216 2496 319 2554 reges,
342 2490 485 2556 quantum
505 2483 587 2557 apud
606 2492 726 2543 exteras
744 2482 881 2581 nationes
901 2474 1060 2544 valituram
1073 2493 1127 2543 esst
1165 2538 1170 2545 .

130 2560 315 2623 existimetis
1161 2569 1172 2621 .“

211 2641 261 2706 47.
281 2644 440 2719 Reliquum
455 2653 501 2705 est
517 2655 548 2706 ut
562 2647 600 2706 de
612 2645 750 2707 lelicitate
722 2655 867 2722 tequam
884 2654 1041 2721 praestare
1055 2649 1090 2705 de
1102 2658 1127 2702 se

128 2725 198 2800 ipso
212 2743 300 2787 nemo
315 2735 425 2803 potest,
440 2729 612 2789 meminisse
626 2737 655 2789 el
671 2744 905 2789 commemorare
917 2729 955 2801 de
966 2731 1061 2790 altero
1071 2741 1126 2803 pos·
1160 2722 1172 2789 ἶ

129 2825 250 2882 sumus,
272 2809 349 2869 sicut
369 2826 499 2894 acquum
514 2820 560 2871 est
576 2811 712 2871 homines
728 2813 766 2871 de
781 2818 930 2886 potestate
947 2812 1083 2881 deorum,
1101 2805 1125 2867 li·

128 2892 208 2952 mide
229 2901 258 2953 el
278 2908 377 2967 pauca
396 2893 541 2954 dicamus.
584 2894 647 2967 Ego
668 2893 746 2952 enim
762 2895 806 2953 sic
822 2893 976 2953 existimo·
1003 2893 1124 2957 Maxima
1169 2943 1172 2947 .

127 2975 285 3048 Marcello,
301 2974 449 3050 Scipioni,
468 2976 577 3048 llario,
595 2984 625 3035 ιι
639 2977 766 3036 ιιιιιιιι
780 2976 897 3050 maguis
911 2973 1124 3050 imperatoribus
1170 2975 1172 2979 ‘

128 3073 187 3116 non
203 3061 301 3119 ιοιιιιιι
309 3066 439 3154 'propter
454 3059 599 3131 virtutem,
614 3060 669 3118 sed
683 3059 770 3118 etiam
783 3066 906 3133 propter
917 3059 1065 3119 lortunam
1074 3067 1123 3116 ιιι
1142 3080 1145 3089 ·

128 3136 197 3209 pius
211 3139 335 3215 imperia
350 3141 491 3200 mandata
505 3150 595 3215 atque
606 3140 759 3201 exercitus
774 3158 843 3200 esse
859 3141 1049 3201 commissos.
1073 3131 1123 3197 lul

129 3217 206 3277 enim
223 3224 358 3295 prolecto
376 3222 556 3298 quibusdam
576 3224 699 3284 summis
721 3223 794 3283 viris
817 3224 965 3298 quaedam
983 3225 1022 3282 ad
1037 3213 1121 3292 ampli·

128 3300 260 3361 tudinem
277 3312 306 3363 et
323 3307 362 3364 ad
380 3306 504 3380 gloriam
522 3313 552 3366 et
571 3308 609 3365 ad
625 3324 675 3366 res
694 3322 819 3381 magnas
835 3307 913 3365 bene
929 3305 1073 3380 gerendas
1090 3294 1120 3356 di

127 3381 238 3444 vinitas
253 3387 394 3447 adiuncta
408 3387 536 3448 fortuna.
574 3388 618 3449 lle
631 3388 720 3448 huius
735 3397 833 3454 autem
847 3388 977 3448 bominis
992 3385 1119 3447 felicitate
1165 3442 1172 3463 ,
