2356 3854
325 386 369 470 u.
396 388 533 471 runnu
559 327 770 473 arcuatus
864 367 868 383 '

124 516 174 610 lN
205 516 249 609 l.
280 514 544 610 clltttttld
572 515 752 611 (llldl'lll
784 519 961 618 ruald

326 660 474 741 lldBl'll
499 661 552 742 lt)
578 659 779 755 soluturi.
826 701 831 711 ·

476 826 626 836 ----.

361 885 732 992 ARGUMENTlJM.

96 1070 235 1133 Aliquanto
252 1077 311 1135 poet
328 1084 404 1131 quarn
420 1068 484 1117 haec
506 1077 579 1133 gesta
596 1078 676 1131 eraut,
694 1084 770 1134 quum
788 1069 864 1135 legati
882 1067 1059 1135 Allobrogum,

64 1139 70 1186 i
87 1153 104 1187 a
119 1137 229 1187 Lentulo
246 1138 362 1202 temptati
379 1137 413 1189 M.
433 1135 553 1187 Cicerone
575 1147 676 1188 auctore
693 1138 778 1188 lavere
796 1154 824 1188 se
842 1139 1008 1188 coniurationi
1025 1138 1059 1186 sl-

64 1205 195 1266 deserent,
213 1215 334 1257 excuntes
348 1221 381 1255 ex
398 1205 461 1254 urbe
475 1221 533 1255 oum
543 1205 572 1258 Τ.
585 1207 725 1267 Volturcio,
744 1209 787 1271 qui
806 1217 858 1258 erat
874 1220 889 1255 a
903 1205 1008 1257 Lentulo
1026 1207 1059 1255 ad

64 1274 164 1324 tiliaam
180 1276 291 1334 missus,
312 1275 339 1323 in
353 1281 430 1339 ponte
445 1271 539 1325 Mulvio
554 1283 626 1325 nocte
643 1275 819 1340 comprehensi
834 1282 930 1333 essent,
949 1273 1059 1325 litterae·

64 1356 88 1403 e,
106 1346 171 1407 qdae
189 1345 221 1394 ab
238 1341 354 1405 Lentulo,
375 1341 494 1407 Cethego,
512 1345 540 1396 P.
561 1340 666 1394 Gabinio
682 1342 782 1393 Cimbro
798 1345 831 1395 ad
846 1343 976 1394 catilinam
992 1342 1057 1393 fere·

64 1417 136 1472 ntur,
153 1409 272 1461 Ciceroni
288 1411 408 1470 traditae,
425 1410 452 1474 is
465 1411 592 1462 arcessitis
610 1413 791 1465 coniurationis
807 1413 965 1478 principibus
984 1424 1056 1461 sena-

64 1480 126 1528 nin
144 1480 235 1530 aedem
252 1478 409 1531 Concordiae
427 1481 513 1544 coigit
529 1480 572 1534 111.
599 1480 663 1531 Non.
683 1480 841 1531 Decembres.
870 1481 908 1530 Ibt
928 1494 1005 1543 quum
1022 1477 1057 1528 le·

64 1549 80 1596 ti
96 1555 123 1597 et
138 1548 288 1599 Volturcius
305 1562 405 1597 omnem
420 1561 472 1596 rem
492 1549 662 1607 indicassent,
679 1549 803 1599 coniurati
819 1549 909 1598 litteris
927 1549 980 1597 suis
998 1561 1057 1596 con·

64 1617 93 1664 cti
112 1617 299 1671 incustodiam
319 1617 370 1666 deti
391 1622 463 1675 suut,
484 1615 599 1666 Ciceroni
622 1624 706 1665 autem
723 1619 821 1680 gratiae
840 1632 857 1664 a
876 1623 967 1665 senatu
988 1623 1057 1664 actae

64 1683 231 1749 pplicatioque
240 1685 351 1738 decreta.
369 1683 465 1743 Quibus
478 1685 554 1733 rebus
568 1686 677 1748 peractis
684 1682 771 1733 Cicero
781 1687 807 1732 ia
820 1685 962 1734 contionem
974 1682 1057 1747 prodi·

65 1761 90 1800 et
103 1753 202 1817 populo
216 1769 280 1817 quae
294 1763 351 1802 acta
373 1758 456 1801 essent
465 1753 582 1816 exposuit
592 1752 648 1810 hec,
665 1767 729 1814 quae
744 1751 811 1801 insre
825 1751 916 1816 legitur
936 1751 1056 1800 oratione.

110 1878 132 1936 l.
156 1874 184 1937 1.
210 1839 295 1949 Rem
315 1877 481 1951 publicam,
503 1876 647 1950 Quirites
670 1875 825 1951 vitamque
852 1875 985 1937 omnium
1004 1894 1057 1937 ve-

64 1968 133 2032 um,
149 1960 240 2033 bona,
252 1961 399 2031 fortunas,
416 1959 562 2035 coniuges
575 1960 751 2034 liberosque
762 1968 883 2020 vestros
895 1967 987 2034 atque
998 1960 1057 2021 hoc

64 2041 517 2118 ›miciliumclarissimiimperii,
531 2043 799 2104 fortunatissimam
811 2043 1056 2118 pulcherrimam

64 2142 89 2187 te
108 2127 216 2187 urbem
236 2126 385 2186 hodierno
403 2127 453 2185 die
473 2128 599 2187 deorum
616 2126 827 2188 immortalium
846 2143 964 2187 summo
985 2142 1057 2201 erga

64 2226 84 2270 »s
95 2224 213 2282 amore,
238 2209 410 2283 laboribus,
426 2210 578 2282 consiliis,
595 2209 739 2286 periculis
754 2209 830 2270 meis
845 2226 863 2270 e
878 2209 1056 2269 flamma'at·

64 2309 89 2352 re
109 2294 192 2352 ferro
215 2306 253 2351 ac
273 2309 371 2367 paene
396 2308 434 2352 ex
450 2293 589 2354 faucibus
611 2294 664 2353 lati
679 2301 813 2368 ereptam
832 2301 863 2353 et
878 2291 968 2353 vobis
984 2304 1056 2352 cou-

64 2380 182 2436 rvatam
195 2392 232 2435 ac
246 2376 415 2437 restitutam
428 2376 549 2437 videtis.
571 2375 600 2434 2.
622 2376 659 2437 Et
674 2377 701 2436 si
718 2394 777 2437 uon
794 2376 893 2437 miuus
908 2374 996 2436 nobis
1012 2374 1056 2436 iu·

64 2458 120 2518 tadi
133 2469 225 2535 atque
238 2460 370 2519 illustres
382 2467 453 2521 sunt
464 2459 484 2518 ii
496 2460 578 2531 dies,
597 2459 707 2534 quibus
720 2476 950 2533 conservamur,
967 2475 1056 2534 quam

63 2540 81 2614 i,
98 2541 210 2616 qulbus
224 2542 387 2615 nascimur,
405 2543 488 2618 quod
503 2542 609 2604 salutis
622 2553 704 2604 certa
718 2542 828 2604 laetitia
839 2551 895 2616 est,
911 2541 1057 2602 nascendi

63 2634 143 2686 certa
153 2625 294 2687 condicio
311 2635 341 2686 et
352 2628 436 2701 quod
451 2627 518 2686 sine
532 2642 626 2687 seusu
641 2626 802 2699 nascimur,
821 2643 889 2688 cum
903 2629 1057 2700 voluptate

64 2723 203 2783 uramur,
216 2710 369 2783 protecto,
387 2709 531 2785 quoniam
545 2710 643 2781 illum,
666 2710 717 2785 qui
739 2711 817 2770 hanc
832 2711 936 2771 urbem
952 2708 1056 2768 condi-

64 2793 216 2863 taddeus
228 2791 412 2853 immortales
420 2793 632 2854 benevolentia
640 2794 779 2868 famaque
787 2792 975 2862 sustulimus,
987 2802 1057 2848 esse

64 2874 112 2934 ›ud
127 2891 185 2935 vos
198 2882 404 2951 posterosque
418 2885 536 2936 vestros
549 2876 578 2935 in
591 2876 707 2936 bonore
722 2876 845 2936 debebit
858 2877 895 2948 is,
910 2873 962 2948 qul
976 2886 1057 2931 cam-

64 2971 98 3016 um
109 2959 187 3018 banc
197 2959 303 3019 urbem
318 2958 751 3033 conditamamplidcatamque
759 2957 902 3018 servavit.
918 2957 991 3014 Nam
1004 2952 1057 3013 toti

64 3040 110 3112 bi,
138 3040 262 3116 templis
278 3042 428 3111 delubris,
454 3041 541 3100 tectis
556 3057 592 3100 ac
611 3042 771 3101 moenibus
787 3040 941 3100 subiectos
960 3053 1057 3113 prope

65 3138 87 3182 ru
103 3125 190 3200 ignes
207 3124 473 3198 circumdatosque
490 3122 703 3195 restinximus,
723 3123 876 3198 iidemque
893 3119 1011 3197 gladios
1026 3119 1056 3178 in

64 3221 91 3264 m
115 3208 267 3282 publicam
285 3207 447 3267 destrictos
468 3205 648 3265 rettudimus
669 3221 893 3281 mucronesque
916 3220 1057 3266 eoruma

66 3293 140 3362 gulis
153 3291 265 3350 vestris
284 3289 460 3350 deiecimus.
506 3287 535 3349 3.
555 3289 637 3362 Quae
653 3288 796 3362 quonlam
816 3289 846 3347 in
868 3297 976 3348 senatu
990 3287 1056 3346 illu·
1112 3334 1115 3338 .

64 3381 132 3446 rata,
147 3374 307 3448 patefacta,
324 3381 479 3448 comperta
493 3379 633 3448 suntper
645 3388 708 3445 me,
724 3371 890 3514 vobislipm
905 3383 1057 3446 exponam

81 3470 135 3511 cm.
153 3470 243 3512 caua.
