2356 3854
117 179 180 243 ιιι
206 237 210 255 ,
246 140 367 250 ‘mm
383 172 734 235 anromumonnrto
749 142 962 234 maumites
976 175 999 235 1.

27 355 32 359 ·
119 331 183 390 dire
198 327 315 385 mallem
332 341 421 400 quam
433 301 754 398 videre'haberemqne
768 324 816 382 ius
832 322 996 398 legationis
1011 308 1127 398 liberum,

26 447 28 451 ·
119 428 157 473 ea
170 415 269 468 mente
284 407 428 480 discessi,
447 415 480 467 ut
495 406 637 467 adessem
648 405 794 466 Kalendis
808 406 976 479 Ianuariis,
993 409 1075 482 quod
1087 408 1128 468 ini·

109 496 191 554 ,tium
206 498 330 551 senatus
346 489 475 564 cogendi
491 491 555 554 fore
568 488 736 549 videbatur.
809 530 814 536 -
853 540 855 553 .

180 575 230 632 111.
241 571 270 633 l.
283 573 431 648 Exposui,
446 580 549 647 patres
566 571 738 646 conscripti,
754 569 959 645 profectionis
972 571 1130 633 consilium:

118 656 198 718 nunc
212 656 412 730 reversionis,
431 671 509 729 quae
524 657 592 729 plus
608 654 812 714 admirationis
832 652 935 725 habet,
948 655 1080 728 breviter
1091 672 1134 715 ea·

119 756 240 816 ponam.
291 738 387 813 Quum
407 737 601 798 Brundisium
627 739 743 812 iterque
764 736 854 809 illud,
876 738 962 811 quod
991 739 1087 798 tritum
1109 738 1132 797 in

119 823 276 883 Graeciam
291 831 346 895 est,
362 838 423 881 non
438 820 505 881 sine
515 837 608 880 causa
618 819 803 893 vitavissem,
816 817 967 879 Kalendis
984 819 1132 881 Sextilium

118 905 191 966 veni
206 905 393 983 Syracusas,
414 906 498 978 quod
521 904 558 963 ab
581 919 618 963 ea
634 904 709 963 urbe
731 901 923 963 transmissio
944 902 977 962 in
994 903 1133 963 Graeciam

16 1049 18 1055 ,
118 980 311 1049 laudabatur:
334 1004 412 1062 quae
433 994 532 1047 tamen
555 986 628 1046 urbs
648 984 720 1045 mihi
734 984 988 1045 coniunctissima
1003 987 1071 1061 plus
1086 1001 1133 1046 una

118 1089 168 1132 me
198 1080 288 1130 nocte
314 1072 445 1144 cupiens
466 1070 596 1130 retinere
630 1085 691 1128 non
716 1068 823 1143 potuit.
864 1069 996 1129 Veritus
1022 1085 1086 1130 sum
1102 1085 1131 1127 ne

119 1171 205 1214 meus
227 1151 403 1226 repentinus
423 1151 463 1210 ad
477 1167 563 1212 meos
583 1151 775 1212 necessarios
793 1151 945 1211 adventus
962 1151 1130 1228 suspicionis

120 1235 234 1310 aliquid
248 1236 393 1307 adferret,
409 1233 436 1293 si
450 1249 550 1293 essem
565 1237 777 1294 commoratus.
821 1233 919 1307 Quum
930 1244 1037 1295 antem
1047 1251 1092 1294 mo
1102 1249 1132 1293 er

120 1318 222 1377 Sicilia
233 1318 272 1376 ad
282 1317 510 1396 Leucopetram,
525 1317 608 1392 quod
617 1326 665 1378 est
678 1317 916 1394 promontorium
927 1317 997 1391 agri
1013 1317 1131 1391 Rhegini,

119 1400 200 1458 venti
224 1397 417 1473 detulissent,
437 1399 475 1458 ab
497 1415 534 1459 eo
555 1400 626 1460 loco
644 1399 825 1471 conscendi,
842 1407 877 1459 ut
896 1401 1131 1462 transmitterem

31 1480 33 1488 ’
118 1497 175 1540 nec
189 1483 230 1542 ita
243 1483 367 1540 multum
378 1490 554 1555 provectus,
567 1482 698 1542 reiectus
715 1491 817 1557 austro
834 1498 901 1541 sum
919 1483 950 1540 in
967 1500 1039 1544 eum
1051 1485 1132 1557 ipsun

69 1617 72 1627 .
118 1564 235 1637 locum,
260 1565 343 1624 unde
365 1564 614 1626 conscenderam.
647 1563 676 1626 8⁸
700 1565 858 1640 Quumque
878 1565 1069 1640 intempesta
1086 1579 1132 1623 nox

119 1654 202 1707 esset
216 1646 459 1722 mansissemque
478 1647 510 1706 in
524 1647 596 1706 villa
608 1647 640 1708 Ρ.
656 1648 785 1719 Valerii,
809 1647 928 1707 comitis
944 1658 978 1709 et
992 1646 1131 1709 familiaris

118 1730 193 1804 mei,
214 1729 424 1805 postridieque
445 1731 526 1805 apud
547 1730 686 1791 eumdem
705 1738 825 1791 ventum
841 1739 1035 1805 exspectans
1049 1745 1131 1790 mane

118 1828 197 1885 rem,
218 1812 387 1887 municipes
406 1813 535 1887 Rhegini
556 1815 730 1888 complures
747 1814 787 1873 ad
804 1829 852 1872 me
868 1824 1038 1887 venerunt,
1058 1811 1132 1874 exiis

120 1895 243 1970 qnidam
258 1897 354 1956 Roma
368 1905 525 1957 recentes=
545 1913 564 1955 a
586 1896 696 1970 quibus
716 1897 845 1971 primum
859 1896 985 1970 accipio
1000 1897 1041 1956 Μ.
1054 1899 1132 1955 Anto·

118 1977 160 2036 nii
176 1979 361 2041 contionem:
375 1995 453 2054 quae
465 1979 535 2038 mihi
546 1979 586 2039 ita
597 1979 718 2052 placuit,
732 1988 765 2039 ut
777 1995 814 2038 ea
829 1980 908 2038 lecta
919 1979 961 2038 de
972 1978 1132 2040 reversione

117 2060 249 2133 primum
264 2062 415 2135 coeperim
427 2059 568 2136 cogitare.
593 2062 655 2121 Nec
669 2063 710 2122 ita
723 2065 815 2121 multo
831 2070 905 2136 post
919 2056 1131 2123 edictumBmti

118 2141 254 2202 adfertur
264 2153 294 2203 et
306 2143 418 2203 casstiz
434 2144 655 2220 quodquidam
666 2144 747 2217 mihi,
760 2147 892 2204 fortasse
908 2146 997 2218 quod
1013 2161 1068 2207 eos
1077 2143 1130 2218 ptus

119 2226 209 2286 etiam
228 2225 273 2285 rei
292 2227 433 2300 publicae
451 2245 541 2302 quam
555 2227 762 2288 familiaritatis
779 2228 874 2302 gratia
889 2225 1006 2302 diligo,
1026 2229 1130 2303 plenum

119 2308 279 2388 aequitatis
301 2309 468 2370 videbatur.
517 2309 679 2371 Addebant
698 2319 854 2386 praeterea
872 2344 916 2353 -
938 2310 975 2371 lit
990 2311 1069 2371 enim
1081 2308 1129 2383 ple

117 2406 247 2466 rumque
260 2401 292 2453 ut
307 2391 337 2465 ii,
353 2393 403 2467 qui
418 2393 490 2453 boni
506 2393 578 2468 quid
592 2395 696 2453 volunt
713 2394 841 2465 adferre,
860 2392 1022 2466 adfingant
1035 2386 1130 2465 aliquid

119 2489 180 2546 quo
196 2474 307 2534 faciant
322 2475 366 2548 id,
383 2478 465 2550 quod
480 2476 635 2549 nunciant,
651 2475 759 2537 laetius
775 2509 812 2520 -
832 2491 897 2534 rem
912 2484 1130 2537 conventuram

116 2554 263 2615 Kalendis
293 2566 429 2618 senatum
461 2559 649 2633 frequentem
682 2560 762 2619 lore:
795 2557 980 2632 Antonium,
1007 2553 1130 2633 repudia·

117 2637 157 2706 tis
177 2638 264 2697 malis
288 2641 479 2712 suasoribus,
499 2641 638 2701 remissis
657 2641 822 2717 provinciis
841 2639 965 2712 Galliis,
990 2642 1030 2701 ad
1044 2645 1129 2700 aucto

31 2738 34 2745 ’
117 2721 234 2781 ritatem
259 2728 383 2781 senatus
410 2738 481 2782 esse
510 2725 684 2785 red-iturum.
703 2728 710 2737 ’
729 2725 780 2783 Ν.
811 2722 841 2784 9.
864 2721 943 2784 Tum
971 2739 1045 2784 vero
1066 2726 1130 2782 tana

118 2821 184 2865 sum
198 2802 361 2878 cupiditate
374 2803 518 2866 incensus
530 2807 569 2866 ad
583 2806 725 2881 reditum,
739 2814 772 2867 ut
782 2804 854 2866 mihi
868 2805 944 2885 nulli
956 2822 1059 2882 neque
1071 2798 1130 2862 remi

117 2904 219 2962 neque
233 2886 315 2948 venti
330 2886 404 2949 satis
417 2889 564 2961 lacerent,
580 2906 642 2948 non
664 2907 725 2964 quo
742 2906 791 2949 me
806 2888 845 2949 ad
860 2895 984 2962 tempus
1003 2901 1130 2949 occursu-

116 2986 184 3031 rum
201 2988 262 3032 non
278 2977 424 3046 putarem,
438 2971 494 3032 sed
509 2989 547 3033 ne
558 2972 673 3032 tardius
689 2989 778 3047 quam
791 2987 933 3046 cuperem
948 2970 1129 3046 reipublicae

117 3056 291 3125 gratularer.
340 3059 441 3129 Atque
466 3071 524 3129 ego
548 3056 685 3115 celeriter
707 3055 825 3115 Veliam
846 3054 999 3114 devectus
1023 3055 1127 3113 Brutum

117 3136 194 3194 vidit
217 3146 332 3213 quanto
352 3153 421 3197 meo
441 3138 548 3198 dolore
569 3153 630 3197 non
651 3137 730 3199 dico.
773 3137 872 3211 Turpe
892 3136 967 3195 mihi
986 3135 1048 3211 ipsi
1063 3131 1126 3194 nde

117 3209 204 3276 batur
219 3219 249 3278 in
264 3236 330 3280 eam
349 3221 452 3279 urbem
467 3237 514 3280 nte
529 3221 642 3281 audere
658 3219 776 3291 reuerti,
794 3235 834 3280 ex
848 3235 910 3294 qua
925 3219 1043 3280 Brutus
1057 3213 1128 3277 cede

117 3303 177 3367 ret,
193 3307 222 3358 et
235 3302 276 3360 ibi
290 3303 368 3361 velle
382 3310 446 3363 tuto
462 3320 548 3374 esse,
570 3303 623 3362 ubi
643 3302 694 3363 illc
709 3319 771 3362 non
786 3310 904 3378 posset
947 3302 1056 3377 Neque
1070 3309 1129 3356 vell

117 3376 200 3438 illum
214 3380 350 3442 similiter
372 3392 463 3458 atque
483 3386 550 3458 ipse
574 3402 656 3447 eram
668 3393 851 3447 commotum
867 3400 940 3446 esse
957 3383 1031 3445 vidi.
1070 3381 1128 3440 me

938 3714 970 3779 “ir
