2356 3854
110 173 154 233 ru
164 174 199 234 ι.
209 138 419 265 caraman
431 174 573 237 οιιιιιο
584 178 620 237 ιι.
649 176 732 239 car.
745 187 769 241 ι.
780 185 807 238 a.
828 184 854 247 s.
867 185 951 243 1-a.
997 162 1086 255 taos

104 357 130 415 Ι.
155 354 186 418 1.
216 320 359 419 Tandem
375 358 552 434 aliquando,
568 358 707 433 Quirites,
724 354 758 421 L.
773 360 938 437 Catilinam,
955 362 1057 424 luren-

62 458 74 500 ι
92 439 241 514 audacia,
258 442 360 503 scelus
374 442 574 513 anhelantem,
597 452 715 517 pestem
730 444 846 519 patriae
859 443 975 506 nefarie
992 463 1056 508 mo·

61 534 161 595 rtem,
180 523 270 586 vobis
286 532 378 598 atque
393 526 463 584 huic
479 524 547 585 urbi
564 526 674 587 lerrum
689 526 904 604 flammamque
917 528 1057 590 minitan-

61 626 84 682 ι,
94 623 141 668 ex
152 606 286 667 urbevel
298 607 444 669 eiecimus
454 609 503 667 vel
515 607 671 669 emisimus
683 609 732 668 vel
744 609 1059 687 ipsumegredientem

61 692 125 751 ‚bis
136 689 295 767 prosecuti
308 706 423 752 sumus.
450 691 543 765 Abiit,
560 691 703 765 excessit,
719 694 826 766 evasit,
843 694 951 770 erupit
970 697 1059 757 Nulla

61 793 74 834 ι
99 773 295 849 perniciosa
313 783 449 834 monstro
465 774 516 833 illo
539 783 632 850 atque
648 774 788 850 prodigio
806 777 965 837 moenibus
979 778 1057 853 ipsis

60 876 96 918 ra
121 855 246 917 moenia
265 856 499 932 comparabitur.
530 858 634 933 Atque
654 857 734 919 hunc
751 858 874 933 quidem
892 872 986 921 unum
1002 861 1058 921 hu·

60 938 160 1001 rbelli
183 939 342 1001 domestici
361 941 470 1001 ducem
491 938 558 1000 sine
580 942 790 1002 controversia
812 943 949 1002 vicimus.
990 943 1059 1003 Non

60 1026 101 1084 lm
126 1025 190 1083 iam
214 1021 292 1084 inter
313 1023 407 1084 latera
431 1031 537 1085 nostra
559 1024 623 1084 sica
648 1024 705 1084 illa·
725 1024 909 1085 ve1·sabitur=
937 1042 1000 1087 non
1026 1024 1058 1085 in

60 1108 230 1183 mpo‚'non
247 1105 277 1165 in
291 1104 374 1178 loro,
392 1121 454 1166 non
471 1106 502 1166 in
519 1108 616 1181 curia,
634 1123 696 1167 non
711 1108 844 1183 denique
862 1109 939 1169 intra
954 1109 1058 1170 dome-

60 1206 118 1251 cos
133 1188 268 1266 parietes
286 1188 547 1263 pertimescemus.
582 1186 666 1256 Loc'o
687 1191 737 1251 ille
758 1199 859 1253 motus
880 1199 942 1265 est,
964 1208 1058 1268 quum

59 1283 133 1334 tex
152 1271 230 1333 urbe
251 1273 411 1347 depulsus.
451 1273 552 1332 Palam
572 1273 632 1333 iam
653 1292 721 1335 cum
740 1275 829 1336 hoste
853 1276 936 1336 nullo
962 1273 1057 1351 impe-

59 1363 126 1417 ente
142 1356 257 1416 bellum
277 1355 390 1417 iustum
409 1373 561 1432 geremus.
592 1357 665 1418 Sine
685 1357 778 1419 dubio
799 1358 987 1434 perdidimus
1002 1359 1057 1419 ho·

59 1440 135 1500 inem
155 1438 379 1514 magnificeque
399 1439 544 1515 vicimus,
567 1458 661 1516 quum
680 1441 769 1504 illum
779 1457 817 1501 ex
838 1441 966 1503 occultis
983 1440 1057 1504 insi-

59 1523 83 1584 is
97 1524 129 1583 in
150 1531 288 1598 apertum
302 1522 492 1585 latrocinium
512 1524 708 1590 coniecimus.
752 1524 782 1586 2.
805 1525 892 1598 Quod
905 1541 979 1586 vero
995 1541 1057 1584 non

60 1614 181 1667 uentum
202 1622 393 1682 mueronem,
418 1615 451 1667 ut
475 1607 585 1680 voluit,
610 1609 729 1680 extulit,
757 1608 841 1682 quod
865 1598 943 1668 iivis
966 1608 1057 1668 nobis

58 1689 254 1765 pessus'est,
279 1689 363 1765 quod
383 1689 412 1752 ei
429 1692 542 1750 terrum
558 1706 576 1749 e
592 1689 731 1750 manibus
750 1687 950 1762 extorsimus,
973 1691 1057 1764 quod

61 1772 308 1844 columescives,
331 1773 415 1846 quod
430 1780 557 1833 stantem
578 1772 684 1831 urbem
699 1770 835 1845 reliquit,
859 1778 973 1845 quanto
992 1778 1056 1831 tan-

58 1872 96 1916 em
114 1855 196 1916 illum
218 1865 355 1916 maerore
377 1871 448 1916 esse
469 1854 626 1916 adllietum
649 1861 679 1912 et
703 1850 899 1928 profligatum
923 1852 1058 1929 putatist
1108 1850 1116 1863 “

58 1948 106 2000 teet
120 1940 170 2000 ille
185 1955 266 2000 nunc
282 1945 515 2014 prostratusque
533 1945 581 1998 est
603 1944 633 1996 et
657 1952 693 1996 se
707 1937 881 2010 perculsum
897 1943 989 2012 atque
1004 1937 1056 1996 ab·

58 2032 135 2082 tetum
159 2039 231 2083 esse
256 2022 347 2083 sentit
370 2030 401 2082 et
420 2029 577 2096 retorquet
603 2019 710 2080 oeulos
735 2019 871 2094 prolecto
899 2034 994 2095 saepe
1017 2019 1057 2080 ad

58 2121 104 2165 ane
119 2106 234 2177 urbem,
253 2121 344 2181 quam
360 2120 377 2164 e
392 2106 456 2167 suis
469 2104 608 2164 lancibus
623 2111 758 2178 ereptam
776 2117 847 2164 esse
861 2101 959 2178 lugetz
976 2117 1062 2187 quac

58 2188 147 2249 uidem
163 2187 236 2248 mihi
251 2187 355 2249 laetari
370 2187 504 2261 videtur,
526 2187 610 2262 quod
627 2194 739 2248 tantam
756 2192 874 2261 pestem
888 2176 1062 2245 evomuerit

57 2285 171 2349 tresque
187 2269 358 2346 proiecerit

107 2405 143 2464 11.
158 2402 189 2464 3.
210 2406 256 2463 Ac
271 2402 299 2464 si
314 2402 383 2478 quis
398 2412 445 2463 est
459 2402 537 2475 talis,
554 2403 661 2478 quales
677 2418 749 2462 esse
763 2416 871 2461 omnes
886 2398 1055 2474 oportebat,

58 2485 83 2546 ni
95 2486 124 2546 iu
138 2488 198 2548 hoc
212 2486 293 2562 ipso,
308 2484 340 2545 in
355 2503 416 2562 quo
432 2489 564 2547 exsultat
577 2494 608 2546 et
623 2484 788 2559 triumphat
801 2481 898 2544 oratio
915 2497 993 2554 mea,
1007 2497 1063 2542 me.
1136 2506 1139 2511 ·

57 2570 221 2631 chementer
235 2578 375 2642 accuset,
398 2570 481 2643 quod
500 2576 561 2628 tam
576 2567 736 2645 capitalem
756 2568 877 2628 hostem
892 2580 953 2627 non
974 2581 1057 2626 com·

56 2653 238 2714 rehenderim
253 2653 355 2726 potius
372 2669 463 2727 quam
478 2651 644 2724 emiserim,
663 2667 725 2712 non
739 2658 788 2711 est
800 2649 860 2710 ista
874 2665 942 2710 mea
957 2649 1057 2723 eulpa,

56 2736 84 2796 ed
109 2746 291 2812 temporum.
334 2736 528 2796 interiectum
555 2751 627 2795 esse
652 2733 686 2795 L.
706 2732 864 2794 Catilinam
889 2742 919 2793 et
939 2730 1057 2807 gravis-

56 2836 102 2882 mo
120 2819 274 2896 supplicio
289 2817 470 2879 adlectum
462 2835 521 2877 ram
538 2817 657 2893 pridem
671 2817 846 2893 oportebat,
866 2816 962 2889 idque
974 2830 994 2873 a
1008 2828 1062 2872 me.

55 2919 146 2964 :mos
166 2903 315 2964 maiorum
339 2910 369 2962 et
389 2899 511 2961 huius
503 2898 623 2977 imperii
645 2899 793 2961 severitas
813 2907 844 2958 et
862 2914 914 2958 res
934 2892 1059 2970 publica

55 2987 209 3047 ostdlabat.
245 2985 308 3047 Sed
329 3000 420 3059 quam
436 2984 547 3045 multos
568 2983 665 3044 luisse
685 2981 797 3058 putatis
819 2979 874 3054 qui
895 2990 975 3052 quae
998 2991 1057 3051 ego

55 3071 176 3131 elerrem
193 3085 253 3128 non
272 3069 452 3129 crederentl
467 3084 556 3140 quam
569 3067 680 3127 multos
695 3064 748 3141 qui
762 3071 888 3137 propter
903 3057 1064 3121 stultitiam

55 3169 85 3213 m
107 3159 271 3228 putarent?
294 3168 386 3226 quam
406 3150 519 3209 multos
541 3149 592 3223 qui
616 3147 705 3208 etiam
723 3145 942 3206 delenderentt
966 3158 1057 3220 quam

56 3238 137 3296 ullos
162 3234 216 3311 qui
236 3244 363 3310 propter
385 3231 607 3305 improbitatem
623 3226 781 3290 laverentt
812 3227 969 3289 hostillo
985 3228 1056 3289 suh-

55 3328 85 3379 to
102 3319 216 3394 depelli
231 3335 250 3378 a
267 3318 355 3380 vobis
377 3331 467 3377 omne
481 3314 649 3390 perieulum
663 3310 843 3384 iudicarem,
868 3294 1058 3406 iampridem

54 3403 128 3477 ,oL
140 3400 299 3462 Catilinam
309 3417 372 3463 non
387 3398 480 3461 modo
495 3397 628 3459 invidiae
644 3410 741 3468 meae,
757 3394 962 3457 verumetiam
978 3394 1058 3454 vitae
