2356 3854
337 158 418 271 cnr
439 165 569 220 aa-as
590 163 616 224 s
638 167 767 222 ιιι-ιι
1003 156 1057 239 ί63
1116 128 1122 134 ’

60 325 217 402 mquam,
233 309 350 368 occulte
367 260 558 381 auferebant,
585 311 636 369 et
628 308 649 369 ri
663 318 761 370 tamen
774 307 1059 368 condemnabantur.

67 392 131 460 ,si
149 389 312 464 quaeritis,
332 389 444 464 utipse
460 393 561 450 deme
577 393 747 464 detraham,
764 391 832 451 illos
855 407 912 464 ego
934 406 1059 450 accusa·

60 490 115 532 res
131 480 209 546 puto
225 471 340 543 luisse,
359 472 412 546 qui
439 472 505 532 eius
531 473 612 533 modi
632 473 784 533 hominum
801 474 878 532 lurta
893 475 987 549 odore
1007 480 1059 534 aut

60 555 139 628 iqua
165 551 273 613 leviter
296 570 405 627 presso
434 556 562 629 vestigio
588 555 865 630 persequebantur„
899 556 974 614 Nam
1001 573 1058 615 nos

60 637 161 696 uidem
177 635 251 710 quid
265 637 391 695 lecimus
406 635 437 695 in
452 638 564 710 Verre,
592 655 682 712 quem
706 641 736 697 in
756 639 818 696 luto
834 639 997 697 volutatam
1013 647 1058 698 to-

60 737 96 779 us
113 719 254 793 corporis
276 717 413 792 vestigiis
435 719 626 779 invenimus?
652 720 848 791 Permagnam
870 727 917 779 est
936 720 966 778 ιιι
990 736 1058 780 eum
1092 786 1095 791 ,

60 803 151 863 icere
157 800 286 874 aliquid,
306 800 357 873 qui
376 811 471 874 praet
451 803 576 875 t,eriens
599 802 705 861 lectica
724 801 890 875 paullisper
911 802 1059 875 deposita,

62 900 110 942 on
118 898 174 957 per
187 881 384 956 praestigias,
410 885 464 942 sed
479 887 577 958 palam
595 900 650 957 per
666 891 797 957 potestat
798 900 860 953 em,
883 901 942 942 uno
965 885 1058 958 impe

60 967 101 1039 ic,
125 964 255 1025 ostiatim
277 971 371 1023 totum
391 965 536 1039 oppidum
557 965 784 1039 compilaverit?
811 968 863 1024 Ac
888 974 1008 1038 tamen,
1027 973 1060 1025 ut

60 1055 148 1107 lasset
166 1046 268 1106 dicere
283 1062 318 1105 se
335 1047 462 1118 emisse,
489 1048 681 1120 Archagatho
703 1048 844 1121 imperat,
871 1056 903 1107 ut
923 1009 1000 1106 this
1007 1047 1059 1105 ali·
1073 1082 1082 1099 .

60 1129 129 1203 quid,
144 1145 272 1202 quorum
290 1136 446 1201 argentum
467 1131 575 1200 luerat,
594 1118 784 1189 numulorum
806 1129 881 1188 dicis
900 1146 993 1189 causa
1007 1130 1059 1188 da·

60 1220 98 1271 et
129 1210 246 1269 Invenit
267 1210 478 1284 Archagathus
506 1229 622 1284 paucos
643 1212 694 1287 qui
714 1214 826 1271 vellent
845 1213 999 1287 accipere:
1021 1212 1060 1271 iis

60 1292 135 1353 ledit
161 1293 225 1352 Eos
240 1309 349 1352 numos
368 1302 463 1353 tamen
480 1293 536 1353 iste
550 1295 701 1370 Archagat
690 1296 741 1355 tho
760 1310 820 1352 non
835 1295 974 1357 reddidit.
997 1296 1058 1354 Vo-

60 1375 101 1433 ιιιι
110 1375 222 1434 Romae
238 1384 376 1448 repetere
392 1376 618 1450 Archagathus:
641 1378 692 1435 Cn.
706 1378 850 1436 Lentulus
865 1377 1059 1436 Marcellinus

60 1452 200 1530 lissriasit,
223 1456 301 1515 sicut
316 1456 417 1531 ipsum
431 1457 531 1518 dicere
545 1459 680 1520 audistis.
707 1459 812 1519 Recita
826 1458 1009 1533 Archagathi
1031 1466 1061 1518 et

60 1538 182 1599 ontulit
170 1538 381 1599 testimonium.
425 1584 428 1586 .

124 1619 173 1681 54
201 1622 253 1694 Et,
266 1637 305 1679 ne
320 1622 395 1688 forte
409 1621 560 1682 hominem
575 1622 725 1683 existimet
713 1623 851 1683 thanais
867 1609 976 1683 tantam
997 1623 1058 1682 vim

60 1704 248 1763 emblematum
264 1703 330 1761 sine
345 1720 437 1763 causa
458 1720 638 1777 coacervare
659 1704 810 1778 voluisse,
834 1706 933 1764 videte
955 1705 1059 1778 quanti

60 1802 114 1858 tos,
137 1786 240 1860 quanti
255 1785 506 1844 existimationem
521 1786 626 1860 populi
641 1786 784 1854 Romani,
806 1786 907 1858 quanti
928 1788 1012 1858 leges
1030 1793 1059 1845 et

60 1868 170 1941 udicia,
203 1866 315 1942 quanti·
331 1876 425 1926 testes
450 1866 570 1926 Siculos
601 1866 809 1940 negociatores
843 1867 955 1926 lecerit.
993 1867 1059 1926 'Po-

60 1956 108 2008 aea
121 1967 212 2025 quam
227 1958 339 2009 tantam
362 1948 579 2008 multitudinem
601 1950 764 2022 collegerat
784 1951 1006 2021 emblematum,
1027 1957 1060 2009 ut

60 2047 84 2090 tc
95 2049 183 2093 unum
200 2031 321 2106 quidem
339 2031 479 2105 cuiquam
492 2030 681 2104 reliquisset
697 2031 824 2091 instituit
838 2032 988 2091 cilicinam
1001 2032 1058 2110 Sy-

60 2115 158 2175 acusis
172 2113 299 2187 inregia
313 2113 484 2172 maximam.
511 2114 612 2171 Palam
632 2113 764 2173 arhliees
783 2131 907 2195 omneS,
929 2116 1058 2174 caelato·

60 2211 93 2255 es
107 2196 361 2267 aevaseularim,
376 2212 540 2255 convocari
531 2195 649 2268 iubet,
664 2205 694 2256 et
709 2196 777 2270 ipse
794 2213 868 2257 suos
887 2194 1058 2270 complures

60 2278 178 2339 abebat
216 2279 280 2338 Eos
301 2239 467 2350 concludit,
491 2294 629 2350 magnam
653 2278 808 2339 hominum
830 2278 1056 2338 multitudinem.
1125 2316 1128 2322 s

60 2359 162 2422 llenses
180 2369 249 2420 octo
272 2359 431 2420 continuas
448 2361 495 2419 his
514 2377 592 2434 opus
605 2377 665 2419 non
681 2362 789 2434 deluit,
813 2378 905 2433 quum
921 2377 976 2419 vas
993 2362 1057 2420 nul-

60 2459 102 2502 um
125 2444 211 2502 lieret
235 2441 294 2501 nisi
318 2459 450 2502 aureum.
481 2443 555 2502 Tum
575 2442 638 2514 illa,
664 2459 704 2501 ex
731 2443 849 2517 patellis
871 2452 931 2503 ett
919 2443 1058 2503 turibulis

60 2538 120 2597 quae
134 2527 291 2605 evelleret,
312 2523 353 2585 ita
374 2526 449 2584 scite
463 2525 494 2583 in
509 2525 610 2585 aurcis
624 2524 744 2598 poculis
760 2524 908 2598 illigabat,
930 2525 971 2585 ita
988 2535 1057 2605 apte

60 2623 77 2664 ι
96 2594 228 2703 scaphiis
249 2607 349 2667 aureis
365 2592 557 2679 includebat,
573 2615 606 2667 ut
622 2623 658 2665 ea
673 2609 712 2666 ad
726 2608 806 2667 illam
820 2625 884 2667 rem
901 2617 971 2668 nata
986 2623 1056 2668 esse

60 2684 173 2749 liceras:
191 2689 259 2764 ipse
275 2697 373 2748 tamen
390 2697 527 2767 praetor,
543 2688 594 2763 qui
612 2705 668 2749 sua
682 2690 837 2763 vigilantia
851 2707 958 2766 pacem
972 2691 1001 2750 ιι
1011 2691 1056 2750 Si-

60 2770 108 2830 itia
130 2771 236 2831 dicits
236 2771 334 2843 uisse,
354 2771 384 2832 in
401 2772 459 2846 hac
473 2771 595 2831 officina
614 2771 757 2835 maiorem
772 2782 886 2847 partem
909 2773 968 2832 diei
989 2790 1056 2832 cum

60 2854 140 2913 unica
156 2855 238 2929 pulla
255 2855 362 2913 sedere
378 2855 495 2914 solebat
514 2863 544 2913 et
557 2853 658 2928 pallio.
690 2855 781 2914 XXV.
809 2854 859 2917 55.
885 2857 967 2913 Haec
990 2870 1055 2926 ego,

60 2936 172 3008 udices,
188 2953 250 2995 non
264 2937 405 2995 auderem
420 2938 569 3010 prolerre,
586 2935 617 2994 ni
631 2953 753 2997 vererer
767 2955 805 2996 ne
822 2940 898 2996 forte
914 2938 1001 3009 plura
1018 2935 1057 2993 de

60 3028 97 3079 sto
115 3019 155 3078 ab
172 3018 239 3077 aliis
258 3018 289 3076 in
312 3033 450 3078 sermone
477 3034 568 3092 quam
588 3034 668 3078 ame
689 3018 718 3076 in
734 3018 845 3078 iudicio
860 3035 918 3076 vos
933 3016 1057 3075 audisse

61 3099 190 3161 iteretis.
223 3099 293 3172 Quis
312 3101 391 3160 enim
407 3108 454 3159 cst
475 3101 582 3173 quide
602 3100 658 3158 hac
680 3101 816 3170 officina,
840 3099 892 3173 qui
915 3099 954 3157 de
966 3099 1055 3158 ,vasis

60 3184 155 3255 ureiS,
173 3182 226 3258 qui
243 3183 281 3242 de
295 3181 383 3243 istius
400 3180 491 3254 pallio
506 3183 588 3253 pullo
610 3198 671 3241 non
686 3181 835 3241 audierit?
864 3181 957 3254 Quem
969 3182 1055 3242 voles

69 3269 222 3341 conventu
239 3264 432 3340 Syracusano
449 3263 545 3322 virum
561 3264 674 3321 bonum
690 3264 857 3322 nchnatoz
875 3265 1055 3339 producam:
1087 3271 1090 3275 ’

60 3365 127 3409 emo
144 3346 200 3408 erit
214 3346 286 3422 quin
300 3348 359 3407 hoc
375 3363 409 3406 se
424 3344 613 3406 audisseaut
625 3345 739 3405 vidisse
752 3345 840 3406 dicat.
867 3345 916 3410 56.
945 3346 1049 3406 Oftem·
