2356 3854
278 179 386 283 m
402 231 534 286 co-co.
555 230 581 291 s.
596 232 762 288 rar—1³1.
835 230 840 237 ‘
1000 221 1054 286 91*

60 376 105 436 uod
119 374 263 448 scriptum
277 381 325 433 est
338 373 419 434 inani
435 374 464 434 in
487 375 567 447 bosi,
597 376 733 436 declarat.
751 376 826 451 quid
851 377 940 438 luerit
962 386 993 438 et
1011 378 1044 437 id

60 459 147 518 ilatum
163 455 287 516 indicat.
470 515 474 520 ,

102 539 198 613 uuida
223 539 344 612 siguum
368 538 497 601 Paeanis
524 554 564 599 ex
587 539 662 600 aede
686 541 863 615 Aesculapii
886 543 1043 616 praeclare

61 629 145 697 ctmn,
164 637 284 682 sacmm
300 634 337 681 ae
354 621 544 695 religiosum,
565 638 626 681 non
641 624 811 687 sustulisti?
833 626 916 698 quod
936 641 1042 696 onmes

60 715 141 780 optor
158 704 390 779 pulcritudinem
406 703 522 776 visere,
544 712 667 779 propter
680 706 857 779 religionem
874 708 975 767 colere
991 723 1043 767 so·

60 790 127 848 bunt.
150 785 220 849 las.
242 787 342 860 uuida
363 803 401 847 ex
417 787 494 846 aede
507 786 607 847 Liberi
627 786 820 848 simulacrum
834 789 966 849 Aristaei
981 807 1043 849 non
1067 789 1071 796 '

60 870 217 946 oimperio
238 871 337 945 palam
357 871 488 930 ablatum
509 877 577 930 est?
608 869 707 942 Quina
726 886 765 930 ex
786 871 863 930 aede
878 871 960 930 lovis
974 872 1043 931 reli·

60 954 223 1015 osissimum
256 952 450 1030 simulacrum
475 953 558 1012 lovis
586 953 795 1027 imperatoris,
821 969 911 1028 quem
936 953 1044 1012 Graeci
1111 962 1112 971 ’

60 1029 145 1114 ipson
178 1034 348 1108 nominant,
378 1035 581 1110 pulcherrime
606 1037 717 1096 iactum
742 1052 843 1096 nonne
859 1035 1045 1096 abstulisti?

60 1120 115 1179 rid‘l
141 1136 181 1179 ex
202 1120 279 1178 aede
299 1118 426 1178 Liberae
450 1136 577 1193 parvum
599 1128 690 1192 caput
707 1119 780 1179 illud
800 1117 1043 1193 pulcherrimum,

60 1203 101 1262 nd
121 1202 223 1264 visere
243 1201 432 1273 solebamus,
460 1217 532 1262 num
551 1202 695 1262 dubitasti
716 1203 843 1262 tolleret
875 1203 977 1276 Atque
993 1200 1043 1260 ille
1107 1246 1109 1260 .

60 1283 280 1345 teausacriiiciis
292 1282 506 1345 anniversariis
515 1283 603 1344 simul
611 1285 872 1359 cumAe'soudapio
880 1284 962 1358 apud
974 1283 1043 1343 illos

60 1368 187 1435 »lebetum
209 1367 384 1439 Aristaeus,
399 1366 466 1442 qui,
481 1377 514 1428 ut
528 1367 635 1428 Graeci
650 1369 763 1440 lerunt,
778 1367 879 1428 Liberi
893 1367 984 1438 filius,
998 1365 1043 1425 in·

60 1460 124 1512 otor
143 1450 296 1510 olei-esse
318 1449 439 1522 dicitur,
465 1468 526 1511 una
551 1466 619 1511 cum
632 1450 742 1511 Libero
762 1459 848 1525 patre
868 1451 952 1524 apud
973 1447 1043 1509 illos

60 1535 122 1594 dem
138 1532 248 1592 eratin
265 1534 377 1607 templo
393 1527 600 1596 consecratus.
631 1533 734 1592 LVlll.
768 1531 838 1592 129.
870 1509 972 1593 loveth
989 1547 1044 1591 au·

60 1618 304 1690 nimperatorcm
319 1624 431 1689 quanto
449 1616 566 1677 honore
585 1615 616 1676 in
633 1632 689 1675 suo
711 1617 825 1689 tempto
849 1615 945 1675 luisse
963 1613 1043 1674 arbi-

60 1699 155 1760 minit
187 1697 345 1758 coniicere
364 1698 508 1771 potestis,
535 1698 562 1758 si
580 1696 736 1758 recordari
752 1696 908 1757 volueritis
931 1704 1045 1770 quanta

60 1782 162 1857 igione
181 1780 271 1840 luerit
291 1781 399 1840 cadem
417 1780 523 1854 specie
546 1795 582 1839 ac
603 1781 699 1844 lorma
715 1779 834 1852 signum
847 1778 938 1849 illud,
961 1777 1044 1851 quod

80 1862 263 1924 Macedonia
291 1872 413 1937 captum
438 1862 467 1922 in
499 1862 660 1936 Capitolio·
678 1869 823 1935 posuerat
848 1857 1043 1920 Flamininus,
1069 1906 1071 1909 .

60 1947 131 2008 mim
145 1946 203 2006 tria
219 1946 392 2006 terebantur
407 1945 437 2003 in
458 1945 533 2005 orbe
550 1953 694 2005 terrarum
712 1942 801 2018 signa
814 1942 896 2006 lovis
911 1945 1044 2018 Impera·

60 2030 88 2090 is
112 2044 175 2090 uno
193 2027 223 2088 io
238 2044 350 2103 genere
365 2027 567 2102 pulcherrime
582 2029 676 2087 lacta:
698 2042 791 2088 unum
810 2026 886 2087 illud
899 2025 1043 2087 Macedo·
1115 2067 1123 2076 f

60 2129 131 2185 mm,
152 2110 289 2186 quodin
310 2110 458 2189 dapitolio
480 2110 626 2170 vidimus:
649 2111 774 2172 alterurn
799 2109 830 2169 in
845 2108 932 2170 Ponti
946 2113 1045 2170 oreet

60 2193 180 2270 gustiisz
202 2194 337 2267 tertium,
363 2194 446 2268 quod
463 2192 628 2270 Syracusis
643 2200 714 2254 ante
728 2194 855 2252 Verrem
872 2198 1044 2267 praetorem

60 2287 79 2338 t.
110 2276 188 2336 Illud
201 2275 386 2337 Flamininus
401 2277 495 2336 itaex
509 2277 587 2337 aede
604 2292 661 2336 sua
676 2275 813 2349 sustulit,
828 2282 863 2334 ut
877 2274 907 2333 in
924 2272 1043 2347 Capito-
1096 2301 1098 2305 ·

62 2405 70 2432 ‚
87 2360 148 2420 hoc
166 2366 228 2432 est,
247 2359 278 2418 in
294 2359 426 2422 terrestri
441 2359 592 2421 domicilio
607 2358 689 2418 lovis
704 2365 841 2432 poneret.
863 2355 934 2418 130.
956 2355 1044 2428 Quod

60 2451 115 2503 hm
136 2449 184 2502 est
204 2442 243 2500 ad
265 2441 418 2502 introitum
434 2440 535 2513 Ponti,
553 2441 600 2516 id,
621 2458 714 2515 quum
736 2448 798 2501 tam
817 2441 909 2500 multa
930 2454 970 2498 cx
990 2439 1042 2499 illo

60 2527 90 2585 ui
110 2526 193 2585 bella
212 2524 403 2596 emerserint,
425 2533 485 2586 tam
504 2525 598 2584 multa
617 2521 709 2598 porro
732 2521 763 2583 in
776 2521 904 2584 Pontum
922 2521 1044 2582 invecta

60 2616 89 2682 u,
108 2607 263 2682 usquead
277 2607 356 2666 hanc
371 2607 451 2668 diem
468 2607 615 2682 integmm
635 2604 872 2681 inviolatumque
890 2613 1044 2666 servatum
1117 2611 1118 2623 ¹

60 2700 72 2749 t
102 2691 171 2751 Hoc
185 2689 320 2764 tertium,
344 2691 427 2764 qaod
448 2700 512 2751 erat
526 2689 703 2767 Syracusis,
727 2689 811 2764 quod
824 2689 864 2750 lt
880 2687 1043 2748 Marcellus

60 2781 149 2833 natus
162 2780 197 2855 et
210 2771 307 2833 victor
320 2772 451 2846 yiderat,
475 2771 556 2848 quod
572 2771 711 2848 religioni
725 2780 936 2843 concesserat,
959 2768 1044 2843 quod

60 2872 101 2919 res
117 2864 211 2930 etque
230 2854 349 2916 incolae
365 2855 550 2931 Syracusani
572 2854 687 2926 colere,
708 2856 846 2914 advenae
862 2868 924 2913 non
944 2853 1044 2910 solum

60 2953 132 3011 tere,
153 2954 260 3000 verum
274 2937 363 3000 etiam
379 2939 516 2999 venerari
529 2938 682 3008 solebant,
702 2937 734 2997 id
747 2939 862 2996 Verres
876 2951 916 2993 ex
930 2930 1042 3006 templo

60 3020 97 3081 vis
112 3021 242 3083 sustulit.
271 3019 341 3098 131.
372 3021 411 3082 Ut
428 3021 552 3097 saepius
566 3020 607 3080 ad
616 3019 791 3080 Marcellum
807 3024 950 3087 revertar,
966 3012 1043 3075 iudi-

60 3118 85 3176 s,
99 3103 144 3165 sic
158 3105 314 3166 habetote=
338 3105 441 3179 plures
462 3109 534 3164 esse
548 3119 567 3162 a
581 3101 785 3178 Syracusanis
805 3097 894 3159 istius
909 3099 1044 3158 aduentu

62 3201 109 3260 os,
133 3204 225 3262 quam
244 3186 371 3250 victoria
385 3185 520 3246 Marcelli
539 3183 678 3265 homines
694 3183 894 3244 desideratos.
925 3179 1043 3242 Etenim
1098 3203 1103 3252 ς

60 3269 249 3352 orequisisse
263 3269 358 3331 etiam'
377 3268 487 3328 dicitur
500 3264 716 3328 Archimedem
729 3264 828 3337 illum,
855 3280 972 3326 summo
997 3262 1042 3324 in·

61 3352 105 3411 nio
126 3353 280 3435 hominem
299 3369 335 3413 ae
359 3350 533 3426 disciplina,
550 3365 641 3424 quem
658 3365 751 3424 quum
769 3347 907 3409 audisset
922 3345 1043 3409 interle-

60 3448 111 3507 um,
133 3438 317 3510 permoleste
331 3434 453 3496 tulisse:
474 3433 532 3495 iste
547 3432 663 3506 omnia,
686 3446 764 3508 quae
784 3429 958 3507 requisivit,
979 3441 1042 3494 uon

1075 3534 1078 3547 i
