2356 3854
10 225 33 286 ς
108 189 168 261 1224
337 158 409 262 m
420 205 453 262 ι.
470 204 680 264 carlutium
694 202 845 264 caluo,
857 177 893 262 1.‘
951 231 956 239 ι

108 356 146 404 tui
165 353 292 418 purgandi
310 368 386 401 causa
398 355 508 401 venisset
524 353 609 403 Cicero
629 370 694 416 eam,
713 369 777 416 quae
796 354 862 403 inira
875 353 976 419 legitur,
992 370 1018 403 or

107 425 133 471 iu
152 420 283 470 Catilinam
301 421 519 471 vehementissime
537 421 658 471 invehens
675 422 772 473 habuit.

190 551 213 608 l.
232 551 258 611 l.
283 513 355 616 Quo
370 565 469 621 usque
485 549 607 608 tandem
622 549 753 619 abutere,
770 545 906 619 catilina,
921 546 1018 621 patien

107 639 190 708 strat¹
204 631 358 706 quamdiu
373 631 462 690 etiam
477 631 560 690 furor
575 631 633 702 iste
646 640 717 691 tuus
729 647 785 690 nos
802 631 926 689 eludet?
942 647 1018 704 quen

107 732 175 775 nem
188 732 259 775 sese
280 713 427 774 effrenata
447 713 570 775 iactabit
589 713 739 773 audacia?
764 712 882 779 Nihilne
902 722 933 773 te
953 722 1018 771 noct

106 797 412 879 praesidiumPalatii,
427 796 594 856 nihilurbis
607 797 735 870 vigiliae,
747 795 850 855 nihilt
831 804 919 855 timor
930 812 1015 869 popu

106 896 274 943 concursus
292 880 442 941 bonorum
454 880 600 951 omnium,
617 879 692 938 nihil
705 879 753 937 hic
768 878 989 938 munitissimus
1004 879 1018 937 h

1 988 5 998 ¹
106 973 192 1026 senat
191 982 229 1024 us
180 965 347 1036 t,locus
368 963 441 1021 nihil
456 962 563 1022 horum
579 979 632 1021 ora
646 962 710 1022 vult
699 971 810 1034 tusque
825 969 1003 1021 moverunt?

104 1057 156 1108 tua
168 1046 294 1108 consilia
308 1062 368 1104 non
381 1044 496 1105 sentist
513 1043 707 1106 constrictam
720 1045 780 1103 iarn
795 1044 902 1104 horum
915 1047 1018 1104 omniu

106 1130 233 1190 scientia
249 1129 344 1188 teneri
359 1128 597 1189 coniurationem
611 1136 692 1187 tuam
713 1143 773 1187 non
794 1129 904 1186 vides?
935 1128 1015 1200 Quid

104 1230 168 1284 mo,
185 1211 258 1286 quid
273 1209 432 1284 superiore
447 1219 535 1271 nocte
551 1213 665 1286 egeris,
685 1210 738 1271 ubi
756 1211 865 1282 luerim
887 1228 967 1283 quos
984 1227 1018 1270 co

106 1296 195 1368 veris,
212 1293 284 1367 quid
296 1291 415 1352 consilii
426 1293 544 1367 ceperis
557 1310 645 1367 quem
658 1303 792 1352 nostrum
805 1293 946 1366 ignorare
958 1293 1018 1352 arbi

104 1377 173 1436 250
189 1383 342 1450 temporat
362 1385 509 1434 omorest
527 1383 651 1436 senatus
662 1377 739 1435 haec
753 1375 898 1449 intelligit,
912 1378 1018 1436 consul

104 1460 152 1519 hic
168 1468 267 1519 tamen
281 1457 365 1517 vivit.
409 1457 513 1518 Vivita
532 1461 622 1519 immo
637 1475 711 1518 vero
728 1459 818 1518 etiam
838 1458 868 1517 in
885 1469 1018 1524 senatun

103 1543 137 1602 fit
161 1541 275 1617 publici
301 1541 420 1601 consilii
441 1541 611 1616 particeps,
637 1551 723 1602 notat
746 1552 775 1602 et
802 1542 943 1616 designat
974 1559 1018 1602 oct

104 1627 230 1685 caedem
254 1641 513 1698 unumquemque
530 1634 676 1685 nostrum.
719 1626 782 1685 Nos
801 1633 915 1698 autern,
944 1625 1003 1704 viri

30 1726 33 1734 ’
104 1707 178 1769 satis
193 1709 295 1768 lacere
311 1707 511 1783 reipublicae
527 1707 679 1781 videmur,
702 1708 729 1767 si
749 1707 837 1768 istius
864 1711 998 1769 lurorem

32 1798 34 1803 ’
89 1792 244 1853 -vitemus
285 1793 335 1851 Ad
354 1799 482 1852 mortem
499 1799 542 1866 te,
565 1791 705 1865 Catilina,
726 1791 797 1851 duci
815 1791 903 1852 iussu
919 1808 1018 1853 consu

51 1886 53 1890 ’
103 1875 221 1949 pridem
240 1876 408 1950 oportebat,
424 1877 498 1935 inte
514 1874 644 1936 conferri
659 1881 777 1949 pestem
793 1892 883 1949 quarn
900 1883 930 1935 tu
953 1876 984 1933 in
1002 1893 1018 1934 n

103 1959 155 2017 diu
170 1957 362 2017 machinaris.
388 1957 417 2019 3.
433 1961 481 2016 An
496 1975 570 2018 vero
588 1958 638 2017 vir'
648 1956 864 2031 amplissimus
880 1959 910 2015 P.
927 1957 1018 2032 Scipi

102 2040 177 2099 tifex
193 2041 358 2112 maximus,
374 2041 417 2099 Τί.
434 2041 603 2101 Gracchum
618 2040 810 2100 mediocriter
824 2042 1018 2101 labefactant(

103 2134 165 2182 tum
180 2122 224 2181 rei
247 2123 385 2198 publicae
400 2123 537 2198 privatus
558 2123 722 2184 interfecit:
744 2123 900 2183 Catilinam
916 2126 1018 2183 orbem

103 2208 198 2266 caede
221 2214 313 2281 atque
334 2200 484 2266 incendiis
499 2215 620 2267 vastare
635 2206 808 2281 cupientem
822 2224 879 2268 nos
901 2211 1018 2268 consult

103 2291 257 2350 feremus?
280 2290 354 2349 Nam
374 2289 425 2349 illa
445 2288 534 2349 nimis
550 2292 675 2365 antiqua
689 2299 863 2364 praetereo,
882 2293 967 2365 quod
986 2292 1016 2350 C.

102 2372 160 2431 lius
175 2373 273 2432 Ahala
291 2373 343 2448 Sp.
358 2373 500 2433 Maelium
517 2375 605 2433 novis
619 2374 712 2433 rebus
727 2374 899 2433 studentem
907 2391 1018 2435 manu:

103 2453 183 2514 cidit.
215 2455 297 2528 Fuit,
324 2456 378 2517 luit
398 2456 456 2516 ista
472 2458 626 2532 quondam
650 2456 680 2514 in
697 2448 754 2515 hac
775 2473 808 2516 re
823 2457 947 2531 publica
962 2458 1018 2517 virt

1 2579 2 2582 ,
102 2536 159 2596 viri
184 2540 278 2599 fortes
307 2539 660 2615 acrioribus'suppliciis
688 2540 785 2599 civem
807 2540 1016 2614 perniciosum

72 2638 75 2644 ·
102 2619 333 2680 acerbissimum
350 2623 468 2683 hostem
483 2626 670 2684 coercerent
697 2624 851 2683 Habemus
869 2633 957 2684 senat
958 2642 996 2683 us
1013 2643 1018 2680 t

82 2753 86 2759 .
102 2713 163 2764 tum
180 2703 211 2762 in
228 2711 268 2779 te,
284 2704 417 2774 Catilina,
433 2706 600 2767 vehemens
618 2715 647 2766 et
662 2722 769 2780 grave:
793 2724 853 2766 non
869 2708 958 2766 deest
947 2707 1018 2766 trei

102 2803 157 2848 cae
162 2770 333 2847 consilium
347 2803 448 2863 neque
463 2790 627 2850 auctoritas
641 2789 731 2849 huius
748 2789 878 2848 ordinis·
897 2807 964 2861 nos,
982 2807 1018 2850 no

102 2879 215 2946 aperte,
234 2872 377 2931 consules
392 2872 548 2932 desumus.
575 2874 611 2932 ΙΙ.
625 2872 655 2932 4.
669 2872 810 2932 Decrevit
829 2874 1015 2948 quondams

100 2962 134 3015 ut
147 2955 180 3018 L.
204 2952 341 3030 Opimius
358 2957 465 3017 consul
480 2956 597 3015 videret
585 2963 649 3015 tue
666 2954 738 3029 quid
759 2972 809 3014 res
824 2955 948 3030 publica
964 2958 1018 3016 det

103 3047 240 3111 caperet:
256 3055 318 3098 nox
336 3039 418 3097 nulla
435 3038 620 3099 intercessit:
646 3039 822 3098 interiectus
838 3047 885 3099 est
899 3048 1018 3113 propter

103 3118 172 3177 darn
186 3121 368 3183 seditionum
386 3121 579 3196 suspiciones
597 3123 627 3181 0.
648 3120 817 3192 Gracchus
848 3121 1018 3181 clarissimo

103 3214 181 3275 avo,
185 3202 360 3281 maioribus,
375 3206 498 3267 occisus
515 3214 562 3265 est
577 3221 644 3264 cum
661 3205 764 3263 liberis
785 3168 825 3262 Μ.
844 3205 971 3264 Fulvius
993 3223 1018 3264 ct

102 3281 154 3375 ris.
186 3282 283 3344 Simili
297 3296 423 3349 senatus
439 3290 579 3348 consulto
600 3288 630 3347 C
646 3287 740 3347 llario
762 3296 792 3347 et
811 3288 844 3345 L
861 3287 985 3347 Valerio
1002 3304 1018 3346 c

120 3430 128 3447 ,
220 3429 231 3453 „¹
259 3427 277 3443 ,,
298 3366 331 3447 j·
390 3363 603 3445 respublica:
619 3370 1017 3444 numanumdiempostea

172 3445 180 3460 ’
261 3496 279 3517 ι.
361 3454 364 3459 '
456 3451 555 3526 plebis
577 3453 659 3511 etc.
681 3452 842 3512 Servilium
864 3462 1018 3528 praetorer
