2356 3854
121 154 187 220 tra
274 156 312 214 ιιι
328 155 368 213 ιι.
383 128 582 212 amomum
597 151 737 211 oaauo
754 151 972 211 ιιιιιιιιιοι
985 154 1007 231 ι.

121 324 199 368 mus.
241 306 351 364 Forum
368 303 539 378 saepietur=
556 317 662 362 omnes
680 303 860 362 claudentur
874 300 995 362 aditus:
1011 303 1133 365 armatiio

122 387 284 466 praesidiis
307 386 407 445 multis
423 385 498 446 locis
515 386 752 446 collocabuntur.
797 384 848 446 ιθ.
871 384 1136 461 nocumenta

121 473 162 532 ita
175 471 232 531 erit
245 478 378 543 gastum,
402 469 434 527 id
451 469 584 541 lexerit,
605 475 635 527 et
648 469 678 527 in
694 484 748 527 aes
763 466 857 527 incidi
872 467 1038 542 iubebitis,
1053 471 1135 541 credo,

121 555 173 613 illa
189 554 334 626 legitima·
351 566 496 610 consonus
510 565 643 609 ιοιιιιιιιι
657 566 725 608 ruas
739 565 945 609 aocnvnaurrr
957 583 1002 594 —
1016 552 1117 613 hocine
1124 568 1137 613 a

121 636 288 696 maioribus
299 649 475 708 accepimus
487 649 535 694 ras
543 632 747 706 rogandrt
769 646 960 700 rorarusooa
975 650 1137 696 ιιιιειιιιι.

123 719 177 793 Qui
193 718 375 793 populust'
368 732 435 776 isne
442 717 519 790 ,qui
533 718 678 776 exclusos
689 722 758 776 esti
772 715 862 805 Quo
852 723 943 776 aurel
958 734 999 776 an
1012 735 1057 791 co,
1072 719 1137 794 quod

121 803 152 861 vi
171 809 201 862 ei
216 802 307 861 armis
323 816 412 858 omne
427 800 576 859 sublatum
591 805 659 860 esti
679 800 779 873 Atque
788 792 874 858 hacc
896 799 970 860 dico
988 802 1029 862 dc
1042 801 1137 874 luturit,

123 884 205 958 quod
220 892 268 944 est
283 883 447 942 amicorum
462 891 531 942 ante
545 883 647 942 dicere
658 898 703 953 ea,
718 881 904 956 quaeritari
921 884 1059 957 possint·
1078 900 1138 959 quac

123 971 148 1028 si
166 969 245 1027 lacta
262 982 321 1026 non
341 974 437 1038 erunt,
452 966 605 1025 refelletur
616 964 712 1024 oratio
727 980 804 1024 mea.
836 965 972 1040 Loquor
989 967 1029 1027 de
1042 968 1136 1042 legibus

122 1049 335 1126 promulgatis,
359 1050 397 1108 de
416 1048 526 1122 quibus
541 1056 589 1108 est
601 1047 749 1122 integrum
764 1046 861 1106 vobis.
909 1050 1091 1111 Demonstro
1101 1050 1135 1109 ιι-

121 1134 176 1193 tia:
192 1133 294 1192 tollite.
336 1130 493 1191 Denuocio
508 1129 578 1201 vim,
593 1138 868 1190 armamemovete.
1173 1200 1176 1212 ,

183 1216 234 1274 XI.
247 1212 297 1276 27.
315 1212 408 1272 Irasci
425 1213 546 1288 quidem
563 1230 621 1274 vos
633 1213 715 1285 milri,
730 1213 898 1283 Dolabella,
916 1230 978 1288 pro
994 1214 1134 1292 republica

123 1297 232 1358 dicenti
246 1312 308 1355 noo
323 1296 482 1371 oportebit.
505 1296 690 1371 Quamquam
705 1307 735 1357 te
751 1295 874 1371 quidem
890 1295 922 1356 id
937 1298 1132 1359 facturomror
1174 1340 1176 1376 2

122 1380 258 1441 arbitror.
301 1380 377 1438 Novi
393 1379 564 1439 facilitatem
579 1388 669 1440 tuam.
689 1378 841 1454 Collegam
854 1387 944 1439 tuum
961 1382 1048 1443 aiunt
1061 1382 1133 1441 ιιιιιι

123 1895 289 1954 proponam
313 1879 376 1951 ius,
397 1879 567 1953 mopinot,
584 1894 730 1973 aequum=
752 1877 890 1974 quodlll.
905 1841 1073 1942 Antonium
1089 1893 1133 1941 ιιι
1163 1916 1169 1954 3

121 1963 251 2021 arbitror
264 1961 499 2036 repudiaturum.
520 1962 593 2035 Ego,
611 1961 637 2021 si
652 1961 748 2036 quid
739 1978 771 2021 ιιι
786 1959 880 2021 vitam
898 1961 970 2022 eius
986 1965 1057 2025 aut'
1050 1981 1077 2024 m
1088 1977 1132 2023 mo
1163 1981 1176 2044 ,ιι

14 2048 18 2053 “
121 2059 171 2103 res
190 2060 257 2103 cum
273 2045 453 2105 contumelia
470 2044 583 2116 dixero,
600 2045 773 2118 quominus
787 2044 857 2103 mihi
873 2043 1133 2108 inimicissimossil
1173 2090 1176 2124 ,

122 2142 183 2186 non
198 2127 365 2187 recusabo=
389 2129 436 2187 siu
453 2128 703 2188 consuetudinem
720 2144 824 2201 meam,
841 2144 935 2201 quam
947 2148 980 2190 ιι
995 2128 1132 2207 republ
1175 2182 1176 2187 ,

19 2256 22 2267 ,
122 2226 244 2284 sempor
264 2210 370 2284 habui,
392 2220 532 2283 tenuero,
546 2211 654 2286 idest,
676 2210 1132 2285 siliberaquaesentiamdem
1167 2249 1176 2304 μ

121 2294 245 2369 publica
257 2294 362 2352 dixero
365 2309 517 2368 primum
529 2295 680 2368 deprecor
692 2310 730 2354 ne
741 2294 904 2355 irascatur
920 2297 1046 2372 deinde,
1061 2314 1083 2358 si
1076 2296 1132 2355 bot
1167 2331 1174 2372 ,

41 2415 46 2419 -
121 2391 183 2435 non
200 2379 337 2462 impetro,
352 2385 423 2452 peto
441 2386 474 2439 at
488 2378 533 2436 sic
548 2379 704 2448 irascatur,
721 2386 754 2438 ιιι
767 2377 836 2438 civi.
880 2380 989 2441 Armis
1004 2389 1105 2449 utatur,
1115 2375 1132 2437 ιι

122 2455 305 2520 itanecesse
320 2470 375 2534 est,
389 2469 422 2520 nt
436 2460 517 2532 dicit,
533 2476 580 2520 sur
572 2458 778 2520 defendendi
793 2477 903 2522 causa
919 2462 971 2535 iis,
992 2465 1044 2538 qui
1057 2474 1133 2539 prore
1169 2500 1175 2540 3

122 2542 244 2615 publica
265 2559 344 2615 quac
366 2543 443 2617 ipsis
461 2544 527 2602 visa
545 2553 633 2604 erunt
648 2542 793 2615 dixerint,
815 2544 875 2604 ista
890 2561 979 2606 arma
1000 2563 1041 2607 nc
1065 2558 1131 2608 uoce
1169 2576 1176 2624 q

122 2632 182 2684 ant.
226 2624 304 2697 Quid
325 2626 382 2684 hac
402 2626 606 2722 postulatione
629 2626 688 2686 dici
713 2635 813 2701 potest
827 2629 985 2702 aequiust
1005 2630 1056 2693 28.
1069 2624 1132 2722 Quoi
1170 2666 1176 2707 ,

122 2708 164 2777 si,
190 2716 222 2768 ut
235 2707 338 2766 miliia
354 2709 535 2781 quibusdam
551 2711 616 2769 eius
634 2709 828 2770 familiaribus
843 2710 961 2771 dictum
977 2722 1040 2787 est,
1059 2710 1132 2774 omnit
1170 2750 1176 2777 ι

122 2807 190 2850 cum
199 2807 304 2866 ,quaa
326 2790 454 2851 habetur
472 2802 579 2852 contra
601 2793 783 2853 voluntatem
798 2790 882 2866 eius,
905 2797 1006 2857 oratio
1018 2795 1132 2894 ‘gravior
1171 2818 1176 2874 ι

123 2875 257 2948 offendit,
274 2874 362 2936 etiam
377 2874 405 2934 si
418 2875 522 2934 nulla'
514 2884 595 2936 inest
606 2876 794 2949 contumelia,
810 2876 947 2937 feremus
966 2881 1055 2939 amici
1070 2886 1131 2939 natu·
1173 2918 1176 2955 ,

120 2974 194 3018 ram.
231 2958 293 3019 Sed
306 2959 395 3018 iidem
411 2959 453 3017 illi
465 2958 508 3018 ita
523 2973 642 3018 mecam
657 2960 836 3034 loquuntur:
853 2959 921 3020 Non
938 2961 1024 3023 idem
1038 2962 1086 3023 tibi
1096 2958 1131 3018 ad·

121 3043 257 3103 versario
273 3042 411 3102 Caesaris
429 3041 531 3101 licebit
546 3042 628 3116 quod
644 3041 748 3102 Pisoni
763 3056 887 3116 socero,
902 3052 936 3104 et
951 3045 1044 3106 simul
1054 3045 1131 3105 adua
1175 3084 1176 3127 ,

122 3135 193 3185 nent
204 3125 366 3202 quiddam
387 3126 472 3200 quod
483 3122 673 3197 cavebimus
693 3142 752 3185 neo
773 3125 828 3186 crit
842 3125 980 3187 iustior
972 3146 1003 3188 ιιι
1019 3134 1130 3189 senona
1174 3130 1176 3175 ἲ

122 3221 181 3265 non
204 3208 345 3269 veniendi
367 3207 464 3268 morbi
487 3224 580 3273 causa
601 3224 691 3283 quam
710 3210 824 3268 mortis.
873 3209 940 3268 llll.
956 3209 1009 3271 29.
1025 3211 1081 3271 Sed
1093 3220 1131 3283 ptr

122 3286 198 3346 deos
220 3292 422 3352 immortales!
444 3292 485 3350 Te
505 3292 584 3351 enim
607 3291 743 3364 intuens,
759 3290 920 3351 Dolabella
929 3296 1014 3369 ,qui
1034 3311 1066 3355 es
1079 3285 1131 3351 miii

123 3370 306 3483 carissimus,
329 3390 390 3433 non
408 3388 534 3446 possum
548 3374 852 3450 utriusqaevesrrum
863 3390 1002 3437 errorem
1017 3377 1130 3437 renero
