2356 3854
82 150 146 215 298
347 146 423 209 PRO
440 147 499 206 CN.
513 146 676 207 PLAltclo
696 146 852 208 ORATIO.

83 303 169 362 urbis
182 307 355 376 compotem
369 300 528 358 lecerunt?
540 299 607 359 Non
618 315 682 369 ero,
698 315 759 358 nou
774 307 885 374 potero
895 315 978 373 esse,
991 298 1099 362 iudices:
1136 333 1138 341 ‹

84 400 186 460 neque
206 385 255 443 hic
276 399 421 457 umquam
442 399 533 457 puer,
563 383 682 457 quinis
704 382 838 444 lacrimis
864 401 929 459 qua
954 384 994 444 sit
1015 385 1100 458 nicee
1137 387 1138 392 ’

83 470 234 540 declarat,
251 466 368 527 emisso
383 476 469 542 patre
485 484 542 527 suc
558 474 686 541 propter
702 483 751 527 me
765 482 816 527 me
829 468 934 542 ipsum
945 467 1101 529 incolumen

84 551 215 625 videbit,
236 567 294 611 nec
315 550 594 626 quotienscumque
606 566 662 611 me
676 551 802 622 viderit,
823 551 1008 625 ingemiscet
1019 567 1054 611 ac
1068 569 1102 627 pe

84 643 163 696 stem
183 652 273 695 suam
295 643 327 695 et
343 636 439 710 patris
454 635 503 695 sui
518 638 590 693 s'ese
603 633 686 694 dicet
701 634 815 695 videre.
852 635 921 710 Ego
938 652 1012 697 vero
1026 638 1103 697 eosic

84 721 167 780 omni
183 720 320 792 fortuna,
344 733 558 794 quaecumque
571 717 629 777 erit
645 718 761 789 oblate,
778 721 985 794 compleclem
1007 737 1061 781 nec
1073 735 1103 779 ue

83 804 123 863 ab
144 804 197 877 iis,
220 820 300 877 quos
321 819 392 864 mec
414 804 537 863 nomine
557 802 735 862 sordidatos
754 803 883 876 videtis,
905 805 1104 879 umquemullt

86 889 208 948 fortune
230 887 368 946 divellet:
400 902 502 961 neque
523 887 754 959 sacrationes,
789 888 902 960 quibus
928 903 978 947 me
1004 895 1103 949 senatus

85 972 324 1043 commendavit,
341 970 455 1046 quibus
469 971 509 1030 de
523 985 572 1029 me
588 970 703 1044 gratim
717 970 787 1044 egit,
803 970 885 1031 hunc
899 972 1042 1033 exsulem
1056 989 1103 1047 um

58 1075 63 1087 ·
84 1065 153 1132 pter
168 1072 217 1115 me
232 1055 299 1115 sine
314 1071 363 1113 me
377 1055 533 1114 videbunt.

169 1137 240 1201 147.
268 1138 332 1197 Sed
352 1138 429 1198 huec
446 1140 478 1197 di
497 1137 697 1211 immortales,
720 1138 774 1212 qui
789 1153 839 1215 me
852 1139 921 1199 suis
936 1140 1057 1214 templis
1068 1139 1103 1198 rd-

86 1224 257 1282 venientem
283 1231 467 1296 receperunt
492 1222 635 1296 stipatum
664 1221 703 1280 ab
729 1221 777 1282 his
797 1221 873 1282 viris
895 1232 929 1282 et
949 1222 982 1283 P.
1002 1223 1101 1283 Lentulo

83 1306 228 1378 consule,
252 1311 347 1379 etque
362 1305 433 1379 ipse
446 1321 496 1365 res
512 1306 651 1380 publica,
676 1321 738 1380 que
751 1306 826 1365 nihil
841 1314 891 1366 est
904 1309 1102 1381 sanctinum-

83 1396 167 1449 strae
177 1389 337 1464 potestati,
355 1389 489 1461 iudices,
506 1389 732 1450 commiserunt.
755 1389 893 1450 Voslroc
904 1391 1021 1451 iudicio
1032 1391 1104 1452 cuni·

84 1490 136 1533 um
152 1475 301 1533 bonorum
317 1481 435 1539 mentes
451 1473 648 1545 confirmare,
665 1474 873 1549 improborum
887 1478 1055 1549 reprimere
1067 1489 1103 1550 pu
1136 1526 1138 1537 .

83 1557 186 1618 testis:
208 1572 267 1616 vos
289 1555 337 1614 his
360 1557 479 1618 civibus
493 1557 536 1617 uli
550 1557 689 1633 optimis,
710 1574 769 1618 vos
784 1574 832 1616 me
847 1558 980 1619 relicere
995 1568 1026 1619 et
1038 1573 1103 1618 rene
1136 1556 1138 1563 '

84 1656 159 1700 vare
173 1657 239 1701 rem
254 1639 418 1714 publicam.
452 1643 565 1717 Quare
579 1659 636 1702 vos
652 1642 790 1703 obtestor
804 1650 897 1716 atque
913 1643 1060 1716 obsecro,
1075 1648 1104 1713 ut

83 1726 111 1785 si
128 1742 177 1786 me
198 1727 317 1786 salvum
338 1741 411 1787 esse
424 1727 581 1801 voluistis,
606 1742 661 1787 ecs
676 1725 883 1800 conservetis,
907 1742 964 1801 per
982 1745 1058 1802 qucs
1070 1737 1105 1785 nc
1136 1724 1138 1729 '

83 1810 333 1886 recuperavistis.

377 2412 421 2495 Μ.
451 2410 589 2495 lultll
616 2408 831 2492 tlctlttltls

207 2565 320 2662 llic
351 2562 437 2660 CN·
468 2562 725 2659 PLANCIO
756 2565 992 2704 tlllllt).

397 2868 805 2929 ARGUMENTUM.

95 2994 98 3001 '
150 3003 225 3052 Anne
243 3017 270 3050 u.
288 3015 309 3048 c.
330 2997 390 3050 699.
417 2998 463 3053 Cn.
482 3000 603 3066 Pompeio
625 3010 649 3051 et
665 3002 698 3050 Μ.
718 3001 818 3051 Licinio
836 3000 929 3052 Crasso
951 3004 1046 3055 iterum
1065 3012 1105 3051 etl·

80 3069 181 3120 sulibus
196 3070 242 3125 (in.
258 3066 391 3127 Plancius,
412 3070 443 3119 A.
459 3069 575 3128 Plotius,
599 3069 628 3129 Q.
645 3070 756 3131 Pedius,
777 3071 811 3119 Μ.
829 3071 962 3122 luventius
980 3069 1107 3122 Laterensis

81 3135 237 3199 aedilitatem
256 3139 370 3189 curulem
396 3139 422 3186 iu
442 3152 535 3188 anuum
555 3148 701 3202 sequentem
719 3142 872 3204 petierunt‚·
886 3142 948 3191 vide
972 3141 1050 3191 huius
1067 3150 1109 3188 cnr

83 3203 159 3252 tionis
179 3222 236 3272 cup.
253 3209 279 3260 7.
303 3210 327 3269 s.
352 3207 396 3260 17.
420 3222 477 3272 esp.
494 3209 539 3260 22.
564 3208 588 3269 §-
611 3210 654 3261 54.
697 3209 771 3268 Quod
790 3217 877 3259 eutem
898 3210 1003 3274 prolate
1023 3207 1110 3261 ueniti!

81 3278 170 3331 erent,
195 3289 260 3325 anuo
275 3277 377 3326 demum
391 3292 417 3325 u.
437 3293 461 3331 c.
481 3277 541 3329 700.
570 3277 600 3327 L.
619 3278 731 3327 Domitio
746 3279 832 3342 Appio
852 3277 960 3330 Claudio
976 3278 1109 3330 consultu

81 3337 180 3389 aediles
201 3343 301 3392 curules
323 3345 450 3410 designati
468 3354 539 3395 erunt
555 3344 599 3398 Cu.
615 3346 733 3396 Plancius
753 3358 777 3395 et
794 3348 827 3398 Α.
844 3346 952 3400 Plotlus.
990 3348 1035 3400 Cn.
1048 3344 1109 3395 Plan·

66 3406 138 3459 .cius
159 3421 237 3469 quum
258 3410 368 3473 plurime
382 3420 479 3477 punctu
494 3414 594 3463 tulisset
608 3423 634 3464 et
646 3415 678 3464 ub
695 3429 751 3464 cem
770 3415 853 3480 ipsam
871 3431 978 3466 causum
996 3416 1031 3471 nt.
1048 3414 1108 3465 tute
