2356 3854
236 176 463 241 onera-rs.
485 157 662 249 sar-sa
755 252 766 263 ,
900 190 963 258 tas

60 333 88 387 et
105 325 266 388 clarissimi
282 327 338 388 viri
361 331 515 392 Saturnini
535 342 567 396 et
587 335 793 406 Gracchorum
813 352 843 403 et
859 342 961 406 Flacci

60 409 165 470 iurum
184 412 385 485 complurium
400 417 548 490 sanguine
562 434 624 480 non
639 421 732 482 modo
754 440 790 485 se
810 442 871 487 non
886 444 959 488 con·

60 501 119 565 unt,
135 494 191 553 sed
207 494 297 555 etiam
307 495 515 574 honestarunt,
530 511 613 563 certe
627 506 793 566 verendum
808 507 881 569 mihi
895 527 960 571 non

72 575 146 650 quid
168 577 227 638 hoc
251 579 402 654 parricida
424 581 532 643 civium
552 584 712 648 interiecto
732 589 865 652 invidiae
885 593 960 655 mihi

60 658 183 720 :ritatem
199 663 394 725 redundaret
417 665 504 739 Quod
519 667 546 727 si
561 685 599 729 ea
611 669 684 730 mihi
697 674 828 735 maxime
841 674 959 751 impen-

60 759 136 803 rmen
151 744 210 805 hoc
226 746 327 806 animo
344 747 386 808 lui
402 765 533 825 semper,
548 759 582 813 ut
601 751 746 814 invidiam
762 756 872 818 virtute
888 775 957 834 par-

60 825 143 901 tiam,
165 845 227 888 non
246 829 392 891 invidiam
415 842 562 908 putarem.
606 834 658 899 30.
687 836 876 917 Quamquam
895 857 957 902 non

59 918 85 970 rt
99 912 129 970 in
144 911 203 972 hoc
219 910 341 988 ordina,
364 915 417 992 qui
438 925 490 978 aut
506 935 544 978 ea
560 934 640 994 quae
659 917 815 982 imminent
834 938 896 983 non
914 918 958 982 via

60 1003 87 1055 rt
109 1012 146 1055 ca
167 1012 247 1072 quae
267 998 374 1060 vident
396 999 601 1063 dissimulent:
629 1002 683 1083 qui
702 1005 791 1079 spem
811 1003 958 1066 Catilinae

60 1098 65 1136 r
79 1079 387 1143 sententiisaluerunt
398 1083 698 1160 coniurationemque
709 1095 885 1149 nascentem
896 1104 958 1148 non

60 1179 80 1221 ο
96 1165 385 1226 corroboraverunt:
402 1184 532 1243 quorum
543 1169 752 1231 auctoritatem
762 1169 860 1231 secuti
872 1172 958 1232 multi

60 1262 102 1304 rm
116 1245 262 1322 improbi,
279 1265 383 1309 rerum
399 1249 488 1311 etiarn
509 1250 653 1328 imperiti,
678 1251 750 1314 siin
765 1248 959 1314 hunc‘aitim-

61 1346 142 1402 scm,
166 1332 329 1398 crudeliter
350 1341 380 1393 et
393 1333 477 1408 regie
493 1335 604 1396 factum
623 1352 696 1398 esse
710 1337 855 1398 dicerent.
869 1337 957 1399 Nunc

69 1458 77 1484 ,
93 1413 121 1472 si
137 1414 204 1487 istc,
220 1433 281 1489 quo
298 1415 439 1496 intendit,
454 1416 486 1477 in
500 1418 643 1479 Malliana
658 1427 759 1481 castra
773 1423 955 1495 pervenerit,
1022 1460 1028 1478 .

60 1514 76 1555 n
92 1504 154 1556 tam
164 1500 288 1559 stultum
299 1502 365 1560 lore
377 1498 429 1575 qui
443 1517 506 1562 non
521 1502 624 1563 videat
636 1502 876 1565 coniurationem
885 1519 957 1565 esse

62 1580 212 1641 neminem
226 1590 287 1643 tarn
301 1583 473 1659 improbum
494 1587 547 1660 qui
566 1602 628 1645 non
645 1588 781 1647 fateatur.
822 1586 889 1647 Hoc
904 1603 958 1648 au-

60 1665 236 1726 »interiecto
257 1665 392 1742 intelligo
415 1667 494 1727 hane
517 1668 563 1728 rei
580 1669 721 1743 publicae
737 1676 857 1744 pestem
871 1670 958 1744 paul-

60 1746 169 1823 eprimi,
186 1750 295 1809 nonin
311 1758 492 1826 perpetuum
509 1750 668 1826 comprimi
681 1766 787 1825 posse.
827 1749 916 1823 Quod
929 1748 958 1810 si

60 1831 101 1892 rit
116 1849 283 1907 secumque
298 1849 374 1893 suos
390 1833 529 1892 eduxerit
544 1842 575 1893 et
591 1834 701 1893 codem
715 1840 855 1893 caeteros
869 1831 957 1893 undi-

63 1924 149 1976 ectus
165 1918 332 1991 naufragos
347 1915 528 1991 adgregarit,
543 1914 754 1989 exstinguetur
768 1923 860 1991 atque
875 1916 957 1976 dele-

60 2016 82 2057 n
97 2001 189 2059 modo
206 2001 282 2058 haec
304 2008 364 2060 tarn
378 2000 482 2060 adulta
495 2000 539 2060 rei
560 1998 701 2075 publicae
716 1998 828 2074 pestis,
840 2015 958 2073 >verum

60 2084 124 2156 irps
140 2099 176 2143 ac
196 2100 301 2143 semen
321 2085 469 2143 malorum
485 2074 627 2144 omnium.
668 2083 746 2141 XlIl.
767 2077 818 2145 31.
839 2081 957 2144 Etenim

61 2212 68 2238 ‚
87 2174 188 2241 patres
204 2165 385 2242 conscripti,
404 2165 436 2226 in
452 2166 500 2226 his
515 2165 659 2241 periculis
678 2165 897 2231 coniurationis
912 2164 957 2224 in-

60 2267 75 2310 c
92 2265 260 2325 versamur,
278 2251 333 2310 sed
349 2248 455 2310 nescio
473 2267 533 2325 quo
549 2257 639 2326 pactu
658 2248 792 2310 omnium
807 2249 958 2308 scelerum

60 2333 88 2393 is
105 2333 220 2394 luroris
232 2342 264 2394 et
278 2332 425 2394 audaciae
441 2334 596 2395 maturitas
613 2331 644 2392 in
656 2331 758 2394 nostri
779 2332 957 2393 consulatus

63 2417 170 2492 erupit.
213 2417 300 2491 Quod
315 2417 342 2477 si
359 2433 399 2477 ex
419 2425 501 2478 tanto
516 2414 675 2479 latrocinio
695 2416 753 2475 iste
768 2409 848 2476 'trnus
870 2415 956 2477 tolle-

59 2500 187 2561 tebimur
203 2502 335 2562 fortasse
356 2498 394 2559 ad
412 2491 506 2560 breve
529 2500 684 2575 quoddam
698 2507 819 2573 tempus
832 2514 909 2571 ‚cura
928 2505 959 2558 et

62 2600 96 2645 se
110 2584 251 2656 relevati,
276 2582 444 2659 periculum
462 2593 561 2644 autern
576 2580 723 2643 residebit
743 2588 774 2641 et
793 2583 849 2643 erit
862 2580 958 2641 inclu-

60 2666 138 2726 nitus
158 2667 189 2726 in
209 2667 298 2729 venis
319 2676 411 2741 atque
433 2665 464 2727 in
480 2666 650 2727 visceribus
664 2664 708 2726 rei
723 2663 875 2739 publicae.
919 2663 959 2723 Ut

61 2749 171 2811 ominis
189 2751 272 2825 aegri
287 2751 394 2811 morbo
419 2748 519 2825 gravi,
545 2766 636 2824 quum
650 2758 739 2809 aestu
753 2747 893 2822 febrique
915 2747 958 2804 ia-

78 2833 105 2893 si
118 2851 230 2909 aquarn
246 2833 376 2909 gelidam
390 2832 536 2906 biberint,
552 2832 649 2908 primo
664 2830 794 2891 relevari
808 2831 958 2899 videntur,

61 2918 155 2978 multo
177 2917 300 2992 gravius
324 2916 595 2992 vehementiusque
610 2913 818 2984 adflictantur,
847 2910 893 2970 sic
908 2908 958 2968 hic

60 3050 62 3062 ,
80 3000 132 3076 qui
149 2999 241 3061 estin
256 3018 290 3060 rc
305 2999 442 3075 publica,
459 3000 614 3060 relevatus
628 2996 718 3057 istius
734 3010 850 3070 poena,
866 2991 957 3051 vehe—

82 3082 208 3159 reliquis
230 3082 310 3142 vivis
337 3078 540 3157 ingravescet
581 3080 632 3141 ³2.
664 3078 786 3152 Quare
813 3075 958 3136 secedant

65 3214 72 3240 ,
97 3174 258 3228 secernant
273 3182 309 3226 se
327 3163 464 3237 abonis,
484 3180 577 3224 unum
598 3162 630 3222 in
652 3162 754 3220 locum
772 3172 958 3234 congregen-

60 3267 85 3311 ·u
105 3250 248 3326 denique,
264 3248 348 3324 quod
362 3263 458 3323 saepe
474 3244 535 3308 iarn
551 3243 624 3316 dixi,
641 3236 854 3304 discernantur
868 3257 889 3302 a
903 3256 958 3329 no·

62 3333 164 3395 sinant
177 3331 315 3395 insidiari
332 3328 435 3391 domui
449 3344 525 3390 suae
540 3324 674 3398 consuli,
697 3323 894 3389 armorum
906 3322 959 3385 tri·
994 3394 998 3402 ,

60 3418 187 3481 raetcris
201 3415 318 3491 urbani,
331 3412 473 3477 obsidere
488 3427 557 3474 cum
571 3408 680 3488 gladiis
695 3406 819 3485 cunam,
833 3407 961 3468 malleu-

950 3566 1022 3636 fl
