2356 3854
380 195 462 255 111.
479 202 610 259 ae-aa
632 199 799 260 ane-m.
1029 187 1094 256 ste

66 343 120 406 tibi
131 345 248 404 obiecta
261 343 300 403 sit
311 343 431 418 speeies
443 341 602 417 singularis
616 341 680 416 viri,
692 344 880 417 perterritum
893 352 921 403 te
933 345 972 403 de
985 360 1094 405 somno

67 426 206 497 excitari,
224 429 322 487 lurere
337 426 427 507 etiam
438 442 532 499 saepe
548 424 729 498 vigilantem.
772 426 823 486 69.
835 426 884 486 Me
901 427 1024 501 quidem
1040 426 1094 486 mi-

67 519 148 569 seret
162 509 307 582 parietum
325 508 461 582 ipsnrum
476 516 566 580 atque
581 515 738 567 tectorum.
762 507 839 580 Quid
856 510 935 568 enim
950 526 1095 584 umquam

67 592 176 651 domus
196 591 246 650 illa
269 591 386 651 viderat
410 590 468 650 nisi
482 591 648 664 pudicum?
669 589 743 663 quid
757 591 816 649 nisi
831 607 870 650 ex
882 592 994 665 optimo
1009 608 1094 653 more

66 681 96 733 et
116 673 307 733 sanctissima
333 672 516 746 disciplina?
539 671 607 731 Fuit
628 670 707 731 enim
732 665 783 732 ille
805 670 866 744 vir,
891 683 994 747 patres
1021 692 1094 735 oon-

66 755 186 830 scripti,
200 757 278 817 sieut
292 755 391 827 scitis,
412 771 504 830 quum
521 754 595 814 toris
611 754 710 814 clarus
725 762 788 814 tum
803 755 885 814 demi
897 756 1093 819 admirandus

66 850 168 911 neque
188 840 280 899 rebus
300 840 433 898 externis
453 837 548 911 magis
569 836 740 896 laudandus
762 853 851 911 quem
873 836 1016 898 institutis
1039 842 1094 900 do-

64 919 215 980 mesticis:
230 922 319 982 huius
331 922 360 978 in
376 919 502 980 sedibus
515 936 572 993 pro
585 918 731 980 cubiculis
745 920 871 991 stabula,
888 936 946 994 pro
960 922 1095 982 tricliniis

64 1004 200 1078 popinae
216 1011 296 1065 sunt.
327 1001 393 1064 Etsi
406 1002 467 1062 inm
482 1011 581 1076 negat.
623 1002 721 1062 Nolite
742 1017 898 1076 quaerere.
941 1002 1096 1076 1111111-

15 1088 22 1133 ·'
64 1094 133 1145 ctus
154 1093 210 1145 est.
253 1087 337 1144 illam
359 1101 445 1144 sunm
458 1101 531 1144 suas
545 1100 596 1144 res
612 1083 670 1144 sibi
684 1084 796 1144 habere
810 1084 909 1157 iussit,
923 1101 963 1145 ex
978 1085 1094 1144 duode'-

14 1180 17 1247 ζ
64 1169 125 1228 cim
148 1166 259 1226 tabulis
281 1167 384 1225 claves
400 1167 527 1238 ademit,
549 1167 659 1241 exegit
709 1166 804 1240 Quam
826 1184 917 1242 porro
938 1176 1096 1241 spectatus

13 1292 16 1296 ι
63 1249 152 1320 civis,
168 1265 258 1321 qnam
273 1249 433 1323 probatus!
452 1249 538 1309 euius
556 1248 691 1310 exomni
707 1249 768 1310 vite
785 1250 858 1310 nibil
872 1259 920 1311 est
934 1249 1094 1311 honestius

18 1402 25 1411 ·
63 1346 158 1406 quam
174 1332 255 1403 quod
272 1347 339 1391 eum
354 1331 444 1392 mima
458 1330 528 1391 iecit
543 1332 715 1393 divortium.
759 1330 809 1394 70.
827 1336 868 1394 At
879 1350 970 1409 quam
986 1334 1094 1393 erebro

10 1452 13 1457 ,
36 1426 39 1435 ·
61 1421 209 1486 usurpet:
230 1421 260 1473 et
275 1418 377 1475 consul
392 1422 422 1475 et
439 1412 603 1475 Aemulus?
622 1415 682 1475 hoc
702 1423 750 1476 est
763 1415 881 1489 dicere,
899 1425 930 1477 et
945 1417 1097 1478 consulet

60 1496 340 1570 impudicissimus,
367 1504 398 1556 et
413 1499 520 1557 consul
536 1498 670 1558 ethome
684 1498 902 1573 nequissimus.
947 1499 1026 1573 Quid
1047 1505 1097 1559 est
1159 1571 1161 1576 Ι

63 1578 146 1638 enim
158 1579 239 1637 aliud
247 1578 419 1640 Antonius?
432 1582 507 1639 Nom
514 1579 541 1639 si
553 1580 911 1655 dignitassigniiieanetur
919 1582 949 1640 in
962 1582 1094 1651 nomine,

61 1661 193 1721 dixisset
208 1659 390 1735 aliquando,
413 1663 521 1731 eredo,
539 1679 615 1722 avus
629 1670 699 1721 tuus
715 1680 750 1722 se
771 1677 800 1723 et
817 1667 973 1724 consulem
989 1671 1019 1723 et
1031 1666 1095 1723 An-

60 1744 188 1805 tonium.
232 1744 402 1817 Numquam
417 1744 501 1801 dixit.
545 1743 783 1804 Dixissetetinm
799 1748 916 1821 collega
930 1761 1026 1819 meus,
1041 1762 1095 1820 pa-

60 1833 239 1888 111131113.
268 1825 333 1885 Nisi
348 1826 374 1884 si
391 1832 422 1885 tu
436 1842 471 1886 es
487 1827 572 1885 selus
583 1825 744 1885 Antonius.
780 1827 842 1887 Sed
857 1828 960 1888 omitto
972 1845 1008 1887 ea
1023 1844 1096 1901 pee-

61 1917 147 1980 eata,
171 1924 250 1982 quae
272 1924 333 1967 non
351 1915 421 1967 sunt
435 1924 539 1967 earum
552 1907 682 1982 partium
700 1911 838 1983 propria,
858 1911 969 1985 quibus
985 1919 1016 1970 11
1030 1927 1095 1970 rem

10 2032 15 2037 -
61 1989 217 2067 publicam
233 1989 397 2050 vexavisti=
416 1990 454 2049 ad
472 1992 557 2065 ipsas
573 1998 639 2049 tuas
655 1999 758 2064 partes
773 1993 876 2066 redeo,
892 1994 922 2050 id
937 2003 983 2054 est
997 1994 1037 2052 nd
1054 1994 1096 2053 ei·

59 2073 125 2133 vile
136 2073 256 2146 bellum,
275 2075 362 2148 quod
371 2082 482 2146 natum,
495 2071 666 2146 conflatum,
681 2083 857 2147 susceptum
870 2091 964 2148 opera
975 2085 1027 2136 tua
1038 2084 1094 2136 131

126 2155 228 2217 ΧΧΙΧ.
251 2153 300 2217 71.
322 2156 375 2217 (lui
395 2157 475 2215 belle
493 2172 584 2229 quum
599 2164 723 2230 propter
733 2155 917 2219 timiditatem
935 2166 1017 2218 tuam
1032 2163 1098 2217 lum

59 2246 191 2315 propter
214 2238 354 2299 libidines
375 2237 520 2300 deluisti?
540 2238 685 2297 Gustaras
708 2238 827 2299 civilem
848 2239 1026 2312 sanguinem
1046 2240 1097 2299 vel

41 2319 168 2403 ⁸potius
184 2322 387 2383 exsorbueras
402 2345 409 2377 ε
426 2324 527 2381 111113
547 2320 578 2379 11
589 2321 655 2380 1111
674 2321 847 2381 Pharsalica
861 2322 1095 2396 antesignanusz

60 2402 98 2462 L.
113 2400 284 2475 Domitium,
300 2404 501 2464 clarissimum
518 2411 549 2465 et
562 2402 784 2464 nobilissimum
801 2403 906 2477 virum,
925 2404 1095 2479 occideras,

43 2486 240 2559 ,multosque
254 2495 426 2560 praeterea,
445 2486 532 2562 quie
548 2485 666 2562 proelio
682 2486 859 2561 effugerant,
877 2504 955 2562 qnos
974 2489 1095 2563 Caesar,

58 2575 98 2628 ut
118 2583 179 2626 non
196 2568 311 2641 nullos,
333 2570 464 2630 tortasse
485 2577 656 2644 servasset,
679 2569 889 2631 crudelissime
912 2580 1095 2646 persecutus
1170 2588 1176 2599 ’

58 2648 243 2711 trucidaras.
293 2651 407 2724 Quibus
437 2652 529 2713 rebus
559 2653 647 2715 111113
676 2653 786 2714 talibus
815 2653 910 2729 gestis
938 2655 1013 2730 quid
1041 2654 1096 2714 luit

14 2782 19 2789 .
60 2748 179 2792 causae
195 2732 293 2793 11111
311 2735 445 2795 Africam
460 2736 618 2795 Caesarem
634 2753 693 2797 non
709 2753 883 2812 sequerere,
900 2755 992 2810 qurrm
1006 2751 1094 2810 prae·

60 2813 170 2876 sertim
190 2815 262 2875 belli
282 2833 353 2892 pars
373 2827 455 2878 tanta
474 2825 624 2877 restaret?
647 2818 752 2892 ltaque
777 2836 868 2893 quem
888 2820 988 2878 locum
1011 2817 1096 2890 apud

59 2896 168 2971 ipsum
180 2899 339 2959 Caesarem
356 2908 426 2975 post
443 2899 509 2960 eius
523 2915 564 2958 ex
578 2898 681 2958 Africa
695 2902 823 2960 reditum
838 2899 1016 2960 obtinuisti?
1032 2914 1093 2972 quo

60 2994 190 3040 numero
207 2981 310 3041 luislit
327 2983 417 3043 Cuius
428 2991 462 3043 tu
476 2981 666 3056 imperatoris
682 2991 828 3055 quaestor
840 2983 952 3052 fueras,
970 2981 1094 3040 dictato-

61 3062 108 3122 ris
122 3062 266 3137 magister
277 3065 421 3137 equitum,
430 3065 500 3124 beiti
515 3063 669 3136 princeps,
682 3062 866 3123 crudelitatis
878 3071 992 3134 auctor,
1006 3079 1094 3137 prae-

62 3146 125 3206 dae
139 3145 257 3218 311113,
272 3154 464 3216 testamento,
481 3155 514 3206 ut
528 3145 653 3204 dicebas
669 3145 753 3218 ipse,
764 3145 854 3218 filius,
872 3146 1042 3218 appellatus
1059 3162 1093 3205 es

64 3226 105 3287 de
123 3225 266 3302 pecunia,
284 3246 375 3302 quarn
393 3246 448 3303 pro
464 3229 565 3300 domn,
582 3242 637 3300 pro
655 3226 759 3296 hortis,
775 3244 831 3301 pro
847 3227 984 3289 sectione
1001 3229 1093 3289 debe-

63 3310 135 3369 bas
175 3308 226 3372 72.
243 3308 341 3371 Primo
356 3309 545 3385 respondisti
559 3311 650 3384 plane
665 3309 815 3383 ferociter,
830 3318 869 3380 et,
885 3326 923 3369 ne
938 3311 1094 3372 omniavi·

66 3390 140 3451 dear
155 3400 312 3466 11111111,
329 3410 425 3469 prope
440 3394 563 3453 modum
580 3406 678 3467 aequa
695 3392 818 3454 1111311
832 3392 967 3455 dicebas.
1003 3397 1032 3454 Α
1045 3409 1095 3454 me
