2356 3854
238 458 244 463 ⁸
376 349 418 429 u.
446 350 582 431 runnu
610 280 821 435 clansoris
881 300 927 437 s
979 392 981 397 -

268 509 363 604 ruo
391 512 441 603 a.
471 508 730 606 uiuerint
759 512 952 609 carrio.
1017 494 1020 505 '

435 820 769 883 ARGUMENTUM.

107 1004 110 1009 ,
158 957 191 1008 Μ.
211 955 333 1008 (llaudins
349 946 642 1018 Marcellus,'lll.'lilius,
658 953 744 1002 consul
764 969 829 1005 anno
847 971 874 1020 p.
894 972 920 1006 u.
939 973 962 1007 e.
982 960 1042 1015 703.
1060 979 1116 1016 curu

77 1019 145 1079 Ser.
161 1023 276 1091 Sulpicio
294 1024 360 1075 uoto
376 1027 407 1074 iis
422 1026 497 1073 rebus
512 1022 640 1084 omuibus,
659 1037 723 1085 quas
742 1022 768 1072 0.
784 1023 890 1083 Caesar,
911 1041 986 1088 quum
1004 1040 1070 1080 esset
1091 1035 1115 1082 in

70 1090 185 1165 ¹(inilia,
211 1108 228 1143 a
247 1102 336 1143 senatu
359 1093 512 1157 postulavit,
543 1104 598 1138 sese
620 1102 771 1154 opposuerat
795 1092 898 1154 eiusque
920 1097 1025 1145 consilia
1044 1113 1116 1150 serus

73 1163 165 1225 Clam
175 1174 213 1211 'aa
223 1160 303 1211 soluit
313 1160 410 1226 collega
425 1163 479 1209 eius
498 1158 671 1224 impedirerat,
689 1167 716 1207 ut
731 1175 810 1221 neque
823 1160 850 1211 G.
863 1159 963 1211 Caesari
984 1166 1115 1229 irriperium

70 1230 268 1295 lrorogmlur
283 1243 364 1292 neque
382 1229 436 1277 eius
453 1228 563 1276 absentis
581 1227 645 1275 ratio
670 1228 778 1276 comitiis
796 1229 968 1279 consularibus
984 1232 1116 1284 laberetur

70 1298 172 1363 {leque
190 1296 299 1357 colonis,
322 1311 386 1360 quos
406 1295 434 1346 0.
458 1294 550 1345 Caesar
566 1293 663 1342 Novum
678 1293 781 1344 Comum
804 1298 955 1347 deduxerat.
981 1301 1019 1350 ius
1041 1318 1115 1361 suurn
1139 1336 1145 1342 .

70 1371 210 1424 maneret,
227 1365 319 1428 qnilrus
340 1365 414 1414 rebus
434 1364 549 1414 omnibns
565 1362 725 1412 vehementer
747 1368 774 1411 l'.
792 1363 904 1414 Caesaris
924 1368 1023 1418 animus
1038 1371 1115 1420 offen·

83 1446 134 1485 ns
149 1438 211 1491 ent,
226 1433 285 1482 ride
304 1433 337 1484 tt.
364 1432 490 1482 Ciceronis
505 1446 545 1494 ep.
567 1431 604 1480 ud
617 1432 758 1485 faciliores
778 1433 821 1482 lib.
849 1434 911 1482 till.
935 1448 974 1500 ep,
998 1438 1023 1488 8.
1048 1441 1115 1489 eius.

70 1498 146 1565 ¹{aar
161 1516 202 1564 ep.
216 1501 369 1551 &Attianae
386 1501 429 1554 lib.
442 1503 476 1552 V.
493 1515 533 1564 ep.
557 1499 596 1549 ll.
616 1500 688 1549 Hirtii
710 1500 741 1548 de
756 1500 818 1549 bello
832 1502 926 1552 Gallico
941 1505 983 1555 lib.
1003 1507 1068 1557 Vlll.
1093 1524 1114 1556 c.

79 1566 130 1621 13.
148 1569 261 1635 Appiani
277 1569 363 1619 tettan
380 1571 449 1619 ciuile
463 1569 505 1618 lib.
521 1568 565 1620 Vl.
586 1583 608 1621 c.
628 1568 661 1616 25
680 1582 717 1629 sq.
753 1568 877 1617 Plutarchi
900 1571 944 1621 cit.
963 1574 1080 1624 Caesaris
1092 1591 1114 1623 c.

89 1636 131 1691 29.
153 1636 267 1687 eiusdem
288 1639 331 1686 vit.
347 1637 457 1699 Ponrper‘i
479 1651 502 1685 c.
517 1633 560 1687 58.
594 1634 686 1683 Exorto
709 1643 791 1682 autem
817 1638 872 1698 ipso
896 1639 964 1686 civili
985 1643 1048 1691 tello
1068 1644 1113 1695 Co.

88 1696 202 1771 Pompeii
211 1714 299 1754 castra
316 1715 417 1754 secutus
435 1705 460 1752 in
478 1704 530 1752 acie
547 1702 691 1752 Pharsalica
703 1712 786 1750 contra
802 1702 932 1752 Caesarem
949 1720 1114 1770 pugnaverat.

86 1770 146 1823 rost
158 1771 293 1838 Mitylenae
309 1786 337 1822 se
353 1772 500 1830 contulerat,
519 1779 547 1819 ut
559 1771 659 1818 ociosus
674 1769 761 1818 litteris
775 1785 877 1833 operam
895 1784 1003 1826 naver-et.
1020 1791 1066 1835 qua
1084 1777 1115 1824 de

86 1839 376 1893 remica-(tiamne
384 1841 488 1890 Beretum
497 1855 520 1892 c.
532 1841 574 1894 71.
588 1839 612 1899 S.
626 1837 689 1888 250.
701 1845 753 1884 tum
766 1836 875 1887 Senecae
884 1844 974 1888 consol.
994 1843 1030 1890 ad
1039 1844 1113 1897 Helu.

70 1918 109 1971 2-0,
128 1906 156 1961 9.
186 1908 287 1958 kastra
304 1910 380 1959 amici
397 1910 451 1957 eius
466 1907 574 1956 reditum
591 1914 617 1953 ut
634 1906 657 1953 ei
675 1905 821 1954 concederet
838 1922 853 1954 a
875 1905 902 1955 C.
921 1906 1026 1971 Caesare
1042 1911 1115 1975 lirrgi·

70 1980 208 2040 ''termnu
224 1991 251 2028 v.
264 1975 388 2028 Ciceronis
405 1992 446 2040 ep.
461 1975 498 2024 ad
508 1976 649 2038 sortitiae-es
661 1972 706 2025 lib.
721 1974 764 2021 ll'.
783 1989 821 2038 ep.
836 1974 860 2025 l.
880 1982 913 2023 et.
926 1976 952 2030 8.
970 1977 1115 2041 Postquam

74 2042 181 2097 1ῦιεεαι·
198 2059 230 2093 ex
243 2044 328 2094 Africa
343 2045 449 2094 redisset
466 2058 531 2092 anno
546 2059 571 2107 p.
582 2057 608 2094 u.
627 2057 650 2095 c.
668 2040 739 2097 708..
753 2039 779 2089 C.
795 2043 934 2103 Marcellus,
956 2046 987 2094 M.
1007 2048 1113 2096 itareetli

84 2110 173 2173 droia,
189 2112 298 2161 reditum
317 2113 388 2162 fratri
406 2113 437 2161 ab
456 2127 485 2160 eo
499 2111 650 2176 impetravit.
686 2109 787 2159 Fecerat
802 2111 866 2159 enim
880 2111 928 2160 hoc
942 2111 1056 2168 sciretur.
1078 2124 1114 2173 ut,

84 2194 164 2245 annm
180 2194 198 2228 a
209 2180 239 2232 L.
255 2181 346 2230 Pisone
356 2181 448 2230 mentio
465 2188 531 2229 esset
542 2180 606 2230 lecta
623 2179 653 2227 de
668 2177 829 2247 Mareelloet
842 2195 919 2241 quum
936 2181 963 2233 G.
983 2182 1114 2231 Marcellus

83 2262 114 2301 ιο
130 2248 165 2299 ad
183 2246 297 2298 Gesseris
317 2249 402 2312 pedes¹
418 2250 567 2305 abiecisset.
589 2255 692 2297 cunctus
714 2255 876 2310 consurgeret
898 2258 922 2297 et
935 2251 967 2298 sd
983 2250 1114 2300 Caesarem

82 2316 195 2383 mpplex
207 2316 342 2367 accederet.
362 2318 409 2366 Hic
423 2317 478 2367 dier
493 2318 525 2366 M.
547 2314 659 2365 Ciceroni
672 2316 707 2362 ita
725 2313 831 2378 pulcher
850 2316 918 2364 visus
934 2328 995 2378 erat,
1014 2327 1041 2366 ut
1056 2333 1113 2382 spe·

83 2384 150 2435 dant
167 2383 279 2447 aliquam
297 2385 423 2435 videretur
440 2386 524 2435 videre
541 2385 613 2447 quasi
626 2384 798 2432 reviviscentis
817 2385 852 2430 rei
871 2384 995 2446 publicae.
1029 2388 1114 2448 itaqua

70 2466 164 2519 auum
184 2467 270 2502 omnes
286 2452 339 2502 lere
356 2462 413 2502 ante
429 2468 486 2501 eum
510 2453 592 2518 rogati
603 2452 749 2500 sententiam
767 2446 861 2516 grallas
878 2451 979 2503 Caesari
994 2456 1113 2519 ruissent,

78 2521 142 2586 ,lpse
170 2534 270 2583 quoque
293 2520 378 2570 cicero
401 2519 515 2586 pluribus
540 2522 620 2570 verbis
644 2521 696 2582 egit
708 2519 807 2569 Caesari
828 2522 934 2585 gratias,
957 2538 1005 2584 qna
1029 2526 1060 2572 de
1087 2538 1114 2573 re

84 2587 203 2639 conferas
217 2589 302 2652 ipsum
318 2590 344 2640 in
360 2604 400 2650 ep.
417 2589 598 2652 adsmeiliaree
614 2589 657 2638 lib.
668 2589 710 2637 lv.
727 2604 767 2651 ep.
779 2592 804 2640 4.
814 2589 840 2650 S.
852 2587 873 2639 3*
884 2602 934 2651 sq..
950 2606 1023 2652 qurum
1036 2594 1112 2640 actio-

84 2670 144 2707 nem
160 2657 317 2721 gratiarum,
346 2673 396 2719 qus
420 2658 536 2706 diuturno
552 2660 588 2705 ‘iu
612 2667 700 2706 senatu
721 2657 820 2706 silentio
845 2657 918 2706 linem
944 2661 1048 2717 lecerat,
1070 2674 1113 2722 po-

84 2732 141 2774 stea
155 2725 305 2789 conscripsit
321 2735 417 2784 orator,
445 2732 472 2773 ut
488 2723 540 2774 lere
559 2723 655 2773 solebat
679 2725 774 2786 iacere,
791 2728 1007 2792 conscriptumque
1026 2726 1112 2776 edidit.

76 2792 138 2841 ⁸Nee
157 2791 257 2841 videtur
269 2792 320 2842 ullo
343 2793 418 2842 modo
437 2793 545 2842 dubitari
563 2807 637 2856 posse
655 2793 714 2854 quin
730 2793 791 2842 haer
810 2795 875 2856 ipsa,
888 2809 953 2854 quoe
969 2794 1031 2842 inira
1052 2792 1114 2855 legi:

85 2867 141 2920 tur,
155 2861 236 2909 oratio
250 2875 280 2910 ea
297 2865 353 2924 ipsa
368 2862 505 2926 gratiarum
523 2862 588 2909 actio
606 2863 653 2916 sit.
677 2875 742 2921 quae
762 2875 811 2909 nou
829 2861 909 2926 solum
928 2862 1013 2908 multis
1030 2872 1113 2918 gram·

85 2928 238 2977 rusticorum
255 2929 316 2977 locis
335 2936 359 2977 et
372 2929 540 2979 notationibus
558 2929 686 2985 laudatur.
713 2942 798 2976 verum
818 2929 894 2977 etium
909 2931 964 2990 ipsa
981 2926 1114 2983 arrrtorira·

86 3002 136 3044 tem
152 2995 283 3046 Tullianae
300 2996 455 3057 eloquentiae
473 2998 571 3045 ridetur
587 3010 686 3061 praese
703 2994 816 3044 leura-
832 2994 865 3047 ld.
881 3005 963 3043 autem
981 2993 1113 3043 Marcellus

87 3063 185 3113 diutins
202 3065 326 3130 Mitylenis
345 3073 456 3114 moratus
472 3075 591 3126 sequente
610 3066 709 3113 demum
731 3077 796 3112 aurio
816 3062 863 3110 lter
880 3063 984 3110 Romam
1007 3063 1113 3124 pararit.

88 3147 137 3193 quo
158 3132 183 3182 in
200 3133 286 3182 itincre
304 3148 382 3195 quum
398 3133 528 3182 Piraeeum
551 3133 670 3193 venisset,
687 3146 703 3180 s
720 3130 744 3177 P.
765 3131 849 3189 idagia
869 3127 953 3178 Cilone
972 3129 1113 3179 interiectus

89 3209 163 3264 atque
189 3215 204 3248 a
229 3199 282 3252 Ser.
305 3199 417 3263 Sulpicio
439 3199 520 3260 Rufo,
548 3202 591 3261 qui
612 3200 666 3248 eius
697 3198 797 3262 collega
814 3198 838 3245 iu
864 3198 994 3246 consulatu
1022 3197 1112 3256 lar-rat,

87 3267 112 3316 ln
131 3270 265 3334 gymnasio
284 3266 438 3317 Academica
457 3267 571 3331 sepultus
588 3276 639 3318 est.
658 3267 711 3316 vid.
730 3266 856 3316 Ciceronis
875 3280 915 3327 ep.
929 3267 1134 3329 adsumam*

89 3333 131 3386 itt.
154 3336 188 3389 V.
205 3350 245 3400 ep.
263 3339 306 3391 42.
323 3335 356 3409 cl.
375 3333 501 3386 Ciceronis
518 3351 560 3400 ep.
574 3337 610 3386 ad
626 3336 733 3386 meua
747 3334 792 3383 tiu.
811 3331 878 3388 Xlll.
893 3349 934 3399 ep.
953 3334 994 3386 10.
1013 3336 1037 3396 S.
1054 3333 1075 3386 3

1083 3516 1113 3577 fi
1162 3556 1164 3563 .
