2356 3854
242 222 246 227 ἢ
342 130 425 213 ιιι).
439 101 557 232 s-1o.
571 150 598 210 s.
615 149 745 205 rs—as.
876 160 878 165 ·
996 97 1064 222 417v
1165 201 1167 209 ι

60 293 148 354 tiure
160 293 341 354 damnatus?
353 292 403 355 22
414 292 478 354 Sed
491 293 564 367 quid
582 295 669 369 plura
679 293 719 356 ¹de
731 298 797 372 lege
813 264 958 394 disputo?
973 301 1062 375 quasi

60 393 104 436 ιιι
126 375 157 436 id
178 385 284 450 agatur
303 384 336 436 ut
352 377 513 450 quisquam
531 386 686 461 provocet,
730 380 765 438 ld
779 381 891 456 agitur,
909 383 941 442 id
959 385 1061 457 lentur,

60 459 161 534 tquis
177 460 298 520 omnino
319 476 462 535 umquam
483 461 550 520 istis
567 448 686 534 legibus
702 478 781 527 reus
790 465 850 524 liat
896 466 969 538 Quis
981 466 1060 526 enirn

60 553 80 602 ιι
94 552 255 603 accusator
269 552 329 603 lam
344 560 453 604 amens
467 543 636 618 reperietur
656 542 708 618 qui
724 561 777 605 reo
790 548 992 610 condemnato
1006 551 1060 610 ob-

60 628 78 687 ιι
101 642 137 686 se
154 626 333 687 multitudini
349 627 518 687 conductae
542 626 613 686 velit
633 634 685 686 aut
701 625 793 688 iudex
810 630 863 704 qni
882 647 964 691 reum
976 634 1058 692 dam-
1140 639 1143 643 ’

60 727 101 769 ιιι
118 711 241 783 audeat,
263 717 296 769 ut
306 709 375 785 ipse
389 709 429 769 ad
444 725 555 787 operas
570 710 772 770 mercenarias
788 713 886 772 statim
907 717 1061 789 protraha-

60 801 97 854 ιι
111 795 178 853 Non
200 794 288 868 igitur
300 791 478 867 provocatio
493 793 551 852 ista
566 794 634 866 lege
649 793 751 866 datur,
767 796 822 853 sed
835 795 917 854 duae
933 799 1061 857 maxime

60 879 179 937 tlutares
196 878 280 951 leges
300 874 561 949 quaestionesque
573 877 725 937 tolluntur.
759 875 837 949 Quid
852 883 899 936 est
913 878 995 938 aliud
1009 882 1060 940 ad-

60 961 144 1020 mart
159 961 388 1030 adolescentes,
402 966 436 1018 ut
450 958 627 1032 t‚urbulenti
643 967 676 1019 ut
689 958 837 1031 seditiosi
853 968 885 1020 ut
898 961 1062 1033 perniciosi

59 1061 114 1103 ves
134 1044 228 1102 velint
247 1048 341 1101 esset
359 1040 453 1113 Quam
477 1049 577 1102 autern
597 1042 637 1102 ad
657 1049 774 1116 pestem
789 1044 872 1121 lutor
886 1042 1062 1103 tribunicius

60 1126 143 1201 rpelli
160 1139 221 1185 non
238 1124 347 1197 poterit
359 1123 405 1183 bis
421 1126 540 1184 duabus
557 1124 787 1210 quaestionibus
803 1127 931 1185 deviet
948 1127 986 1186 de
1001 1142 1063 1185 ma-

60 1218 119 1270 stat
120 1225 137 1267 e
108 1206 300 1267 tsublatist
321 1205 371 1273 23
388 1207 480 1280 Quid,
503 1208 586 1281 quod
600 1191 764 1282 obrog'atur
779 1208 897 1283 legibus
915 1209 1061 1280 Caesaris,

60 1308 111 1351 tae
135 1284 295 1359 iubertet,
316 1289 426 1364 quide
450 1290 492 1361 vi,
506 1290 575 1349 item
595 1292 646 1366 qui
661 1290 827 1352 malestalls
838 1292 997 1352 damnatus
1014 1293 1061 1376 sit,
1152 1295 1155 1301 “

60 1390 112 1449 qua
133 1382 163 1431 et
186 1373 248 1447 igni
271 1371 431 1433 interdicit
445 1336 556 1449 quibus
571 1391 663 1450 quum
679 1374 859 1449 provocatio
876 1375 973 1447 datur,
987 1368 1062 1434 non-

60 1465 157 1515 tacta
183 1456 321 1515 Caesaris
348 1457 583 1516 rescinduntur?
610 1457 692 1531 Quae
720 1459 843 1532 quidem
864 1475 938 1534 ego,
960 1466 1062 1534 patres

60 1538 206 1612 inscripti,
224 1538 275 1612 qui
292 1539 343 1598 illa
357 1553 521 1614 numquam
534 1541 670 1615 probavi,
685 1549 784 1601 tamen
797 1543 838 1601 ita
849 1542 1062 1602 conservanda

60 1622 214 1682 incondite
236 1638 330 1681 causa
351 1624 512 1684 arbitratus
534 1641 618 1693 surn,
635 1631 743 1683 utnon
759 1625 958 1707 modo,quas
974 1627 1062 1684 vivus

60 1723 115 1782 ges
136 1706 248 1765 Caesar
264 1705 392 1779 tulisset,
408 1705 604 1765 infirmandas
617 1705 676 1765 hoc
688 1714 824 1781 tempore
839 1723 900 1766 nou
916 1717 1062 1783 putarem,
1075 1743 1092 1764 -,

60 1791 84 1848 d
103 1806 140 1848 ne
153 1789 220 1847 illas
233 1788 365 1864 quidem,
380 1805 457 1864 quas
473 1796 681 1863 postmortem
694 1786 833 1849 Caesaris
844 1791 980 1865 prolatas
991 1806 1063 1851 esse

72 1874 153 1933 lixas
173 1870 292 1940 videtis.

93 1957 130 2015 X.
147 1953 198 2016 24.
213 1957 258 2016 ne
276 1953 384 2017 exsilio
398 1955 516 2016 reducti
533 1963 700 2015 emortuo:
723 1953 829 2016 civitas
852 1955 923 2015 data
936 1971 998 2015 non
1014 1971 1063 2015 so·

60 2058 91 2099 m
109 2039 247 2112 singulis,
263 2038 318 2097 sed
331 2037 503 2099 nationibus
514 2044 544 2098 et
557 2037 721 2112 provinciis
733 2037 885 2098 universis
900 2046 1065 2103 amortuo=
1120 2076 1122 2083 ·

60 2121 270 2184 rmnnitatibus
296 2120 419 2181 infinitis
442 2122 562 2181 sublata
585 2121 745 2196 vectigalia
766 2138 784 2180 a
803 2129 934 2182 mortuo.
982 2121 1063 2194 Ergo

60 2223 108 2269 tec
127 2222 203 2276 ono,
220 2221 324 2264 verum
343 2205 457 2279 optimo
476 2212 599 2265 auctore
615 2205 707 2265 domo
725 2201 842 2278 prolata
857 2202 1064 2264 defendimus=
1113 2274 1117 2289 ζ

60 2308 83 2352 .s
104 2291 204 2364 leges,
226 2305 303 2362 quas
318 2287 386 2363 ipse
401 2288 491 2366 nobis
507 2289 749 2363 inspectantibus
763 2287 914 2356 recitavit,
932 2302 1063 2359 pronun·

60 2374 132 2444 avit,
149 2371 223 2442 tulit,
239 2370 426 2446 quibuslatis
440 2372 624 2446 gloriabatur
638 2372 745 2444 eisque
759 2369 878 2442 legibus
890 2384 953 2427 rem
968 2367 1064 2441 publi·

60 2476 99 2518 tm
112 2455 259 2516 contineri
273 2455 403 2528 putabat,
413 2457 454 2519 de
467 2454 644 2530 provinciis,
659 2454 698 2513 de
713 2451 842 2522 indiciis,
856 2468 917 2524 eae,
933 2453 1064 2525 inquam,

60 2540 174 2602 cesaris
186 2540 271 2612 leges
283 2553 349 2606 noS,
368 2539 420 2610 qui
432 2538 623 2599 defendimus
638 2545 706 2596 acta
721 2534 870 2608 Caesaris,
886 2536 1066 2599 evertendas

60 2628 197 2684 ttamust
218 2617 269 2683 25
294 2623 340 2678 Αι
360 2619 400 2677 de
427 2620 464 2681 iis
481 2629 579 2683 tamen
599 2620 733 2695 legibus,
759 2635 838 2694 qnae
860 2620 1067 2694 promulgatae

60 2715 114 2779 mt,
131 2707 237 2764 saltem
255 2701 340 2777 queri
354 2718 535 2775 possumus·
550 2703 621 2762 de
602 2721 649 2777 ns,
668 2720 747 2779 quae
758 2702 817 2762 iarn
829 2703 906 2762 latae
918 2704 1022 2762 dicunt
1011 2711 1067 2770 tur,

60 2789 169 2852 tillud
190 2780 312 2861 quidem
332 2782 424 2845 licuit.
469 2787 540 2845 illae
562 2787 640 2845 enim
663 2787 729 2845 sine
749 2786 810 2846 ulla
825 2785 1067 2859 promulgandae

60 2884 114 2934 tae
136 2879 207 2931 sunt
227 2878 296 2930 ante
320 2884 409 2943 quarn
432 2869 572 2944 scriptae.
617 2869 735 2941 Quaero
756 2858 857 2927 autem
872 2866 947 2939 quid
962 2865 1001 2924 sit
1014 2877 1068 2921 cur

60 2966 86 3018 rt
102 2972 160 3030 ego
175 2962 227 3014 ant
245 2951 405 3028 quisquam
419 2961 570 3022 vestrum,
593 2958 695 3025 patres
711 2948 891 3022 conscripti,
912 2946 1002 3006 bonis
1018 2944 1068 3003 tri·

60 3039 126 3103 ‚mis
149 3036 246 3112 plebis
262 3037 347 3109 leges
366 3035 460 3097 malas
483 3041 603 3098 metuat.
646 3033 772 3091 Paratos
788 3029 934 3089 habemus
953 3027 1006 3103 qui
1023 3026 1066 3085 in·

60 3123 212 3184 rcedant
243 3125 365 3193 paratos
394 3117 446 3191 qui
466 3134 528 3181 rem
551 3114 702 3189 publicam
719 3112 866 3186 religione
890 3110 1067 3171 defendant·

60 3207 127 3268 acui
139 3212 219 3264 metu
237 3215 308 3260 esse
323 3199 478 3263 debemus.
508 3200 588 3273 Quas
606 3195 734 3267 mmihi,
751 3195 858 3270 inquit,
876 3192 1069 3254 intercessio·

60 3307 108 3361 ee,
126 3303 202 3363 quas
217 3283 402 3356 religionem
423 3284 484 3347 Eas
498 3281 629 3349 scilicet,
645 3279 755 3375 quibus
767 3277 811 3337 rei
828 3278 966 3352 publicae
985 3278 1069 3338 salus

60 3372 218 3435 ontinetur
262 3364 447 3440 Negligimus
467 3366 526 3429 ista
546 3372 577 3425 et
590 3361 679 3423 nimis
697 3361 867 3499 antiqua207t
881 3363 972 3422 stulta
986 3357 1069 3420 duci-

100 3465 156 3510 ιιι.
174 3463 263 3507 onas.

1041 3614 1045 3619 -
1067 3566 1118 3636 Δ
